市场代码,证券代码,时间,最新价,成交笔数,成交额,成交量,方向,买一价,买二价,买三价,买四价,买五价,卖一价,卖二价,卖三价,卖四价,卖五价,买一量,买二量,买三量,买四量,买五量,卖一量,卖二量,卖三量,卖四量,卖五量
SZ,002386,2017-01-03 09:25:03,8.9900,69,1157912.0000,1288,B,8.9800,8.9600,8.9500,8.9400,8.9300,8.9900,9.0000,9.0100,9.0200,9.0300,78,22,23,6,10,461,19,60,395,141
SZ,002386,2017-01-03 09:30:03,8.9800,61,819032.0000,913,S,8.9600,8.9500,8.9400,8.9300,8.9200,8.9800,8.9900,9.0000,9.0100,9.0200,12,597,119,173,210,247,526,39,8,155
SZ,002386,2017-01-03 09:30:06,8.9800,7,61930.0000,69,B,8.9600,8.9500,8.9400,8.9300,8.9200,8.9800,8.9900,9.0000,9.0100,9.0200,70,597,125,173,232,262,547,39,18,163
SZ,002386,2017-01-03 09:30:09,8.9800,6,179600.0000,200,B,8.9600,8.9500,8.9400,8.9300,8.9200,8.9800,8.9900,9.0000,9.0100,9.0200,100,597,125,216,232,62,547,39,18,163
SZ,002386,2017-01-03 09:30:12,8.9800,1,5388.0000,6,B,8.9600,8.9500,8.9400,8.9300,8.9200,8.9800,8.9900,9.0000,9.0100,9.0200,120,597,125,212,232,56,547,39,18,163
SZ,002386,2017-01-03 09:30:15,8.9600,11,140692.0000,157,S,8.9500,8.9400,8.9300,8.9200,8.9100,8.9600,8.9800,8.9900,9.0000,9.0100,608,125,212,232,278,93,46,547,39,18
SZ,002386,2017-01-03 09:30:18,8.9600,1,8960.0000,10,B,8.9500,8.9400,8.9300,8.9200,8.9100,8.9600,8.9800,8.9900,9.0000,9.0100,608,125,212,232,278,83,51,547,39,18
SZ,002386,2017-01-03 09:30:21,8.9900,7,221753.0000,247,B,8.9800,8.9700,8.9600,8.9500,8.9400,8.9900,9.0000,9.0100,9.0200,9.0300,4,3,53,608,125,434,39,18,163,92
SZ,002386,2017-01-03 09:30:24,8.9800,1,1796.0000,2,S,8.9800,8.9700,8.9600,8.9500,8.9400,8.9900,9.0000,9.0100,9.0200,9.0300,2,3,77,608,125,377,39,18,163,92
SZ,002386,2017-01-03 09:30:27,8.9800,2,2694.0000,3,S,8.9800,8.9700,8.9600,8.9500,8.9400,8.9900,9.0000,9.0100,9.0200,9.0300,1,3,80,608,125,377,39,18,163,92
SZ,002386,2017-01-03 09:30:30,8.9600,6,34056.0000,38,S,8.9600,8.9500,8.9400,8.9300,8.9200,8.9900,9.0000,9.0100,9.0200,9.0300,165,608,125,202,242,376,39,18,163,92
SZ,002386,2017-01-03 09:30:33,8.9800,2,17062.0000,19,B,8.9800,8.9600,8.9500,8.9400,8.9300,8.9900,9.0000,9.0100,9.0200,9.0300,131,165,608,125,202,376,39,18,163,92
SZ,002386,2017-01-03 09:30:36,8.9900,2,8990.0000,10,B,8.9800,8.9600,8.9500,8.9400,8.9300,8.9900,9.0000,9.0100,9.0200,9.0300,131,211,608,127,141,366,39,18,163,92
SZ,002386,2017-01-03 09:30:39,8.9800,1,3592.0000,4,S,8.9800,8.9700,8.9600,8.9500,8.9400,8.9900,9.0000,9.0100,9.0200,9.0300,127,210,381,608,127,368,39,18,163,92
SZ,002386,2017-01-03 09:30:42,8.9900,3,288578.0000,321,B,8.9800,8.9700,8.9600,8.9500,8.9400,8.9900,9.0000,9.0100,9.0200,9.0300,126,216,388,608,127,48,39,18,163,92
SZ,002386,2017-01-03 09:30:45,8.9900,7,65926.0000,73,B,8.9900,8.9800,8.9700,8.9600,8.9500,9.0000,9.0100,9.0200,9.0300,9.0400,24,101,219,388,608,39,18,163,92,487
SZ,002386,2017-01-03 09:30:48,8.9900,14,138595.0000,154,S,8.9900,8.9800,8.9700,8.9600,8.9500,9.0200,9.0300,9.0400,9.0500,9.0700,262,101,219,372,608,139,82,487,11,16
SZ,002386,2017-01-03 09:30:51,8.9900,6,103391.0000,115,S,8.9900,8.9800,8.9700,8.9600,8.9500,9.0200,9.0300,9.0400,9.0500,9.0700,153,101,209,372,608,139,82,487,11,16
SZ,002386,2017-01-03 09:30:54,8.9800,1,9878.0000,11,S,8.9900,8.9800,8.9700,8.9600,8.9500,9.0200,9.0300,9.0400,9.0500,9.0700,171,90,209,372,617,139,82,485,11,16
SZ,002386,2017-01-03 09:30:57,9.0200,9,222139.0000,247,B,9.0000,8.9900,8.9800,8.9700,8.9600,9.0200,9.0300,9.0400,9.0500,9.0700,8,28,90,213,434,124,82,485,11,16
SZ,002386,2017-01-03 09:31:00,9.0200,3,28864.0000,32,B,9.0000,8.9900,8.9800,8.9700,8.9600,9.0200,9.0300,9.0400,9.0500,9.0700,8,56,90,213,434,106,82,485,11,16
SZ,002386,2017-01-03 09:31:03,9.0000,5,63130.0000,70,S,9.0000,8.9900,8.9800,8.9700,8.9600,9.0200,9.0300,9.0400,9.0500,9.0700,6,111,109,213,434,44,82,485,11,16
SZ,002386,2017-01-03 09:31:06,9.0000,3,14402.0000,16,S,9.0000,8.9900,8.9800,8.9700,8.9600,9.0200,9.0300,9.0400,9.0500,9.0700,18,121,208,221,434,43,82,485,11,16
SZ,002386,2017-01-03 09:31:12,9.0200,2,10824.0000,12,B,9.0000,8.9900,8.9800,8.9700,8.9600,9.0200,9.0300,9.0400,9.0500,9.0700,57,129,271,221,434,31,82,485,11,16
SZ,002386,2017-01-03 09:31:15,9.0200,8,32467.0000,36,B,9.0200,9.0100,9.0000,8.9900,8.9800,9.0300,9.0400,9.0500,9.0700,9.0800,17,10,92,149,287,82,485,11,16,21
SZ,002386,2017-01-03 09:31:18,9.0100,2,18037.0000,20,S,9.0200,9.0100,9.0000,8.9900,8.9800,9.0300,9.0400,9.0500,9.0700,9.0800,28,7,112,136,249,82,485,11,16,21
SZ,002386,2017-01-03 09:31:21,9.0200,1,3608.0000,4,S,9.0200,9.0100,9.0000,8.9900,8.9800,9.0300,9.0400,9.0500,9.0700,9.0800,24,7,124,136,249,322,485,11,16,21
SZ,002386,2017-01-03 09:31:24,9.0100,6,84769.0000,94,S,9.0000,8.9900,8.9800,8.9700,8.9600,9.0100,9.0200,9.0300,9.0400,9.0500,124,141,249,221,361,136,34,304,485,11
SZ,002386,2017-01-03 09:31:27,9.0100,2,56763.0000,63,B,9.0000,8.9900,8.9800,8.9700,8.9600,9.0100,9.0200,9.0300,9.0400,9.0500,119,141,249,221,381,73,34,304,446,11
SZ,002386,2017-01-03 09:31:30,9.0100,1,65773.0000,73,B,9.0100,9.0000,8.9900,8.9800,8.9700,9.0200,9.0300,9.0400,9.0500,9.0700,59,119,141,249,221,34,340,446,11,16
SZ,002386,2017-01-03 09:31:36,9.0200,5,63985.0000,71,B,9.0100,9.0000,8.9900,8.9800,8.9700,9.0200,9.0300,9.0400,9.0500,9.0700,50,141,147,249,221,96,340,446,11,16
SZ,002386,2017-01-03 09:31:39,9.0200,15,225310.0000,250,B,9.0000,8.9900,8.9800,8.9700,8.9600,9.0100,9.0200,9.0300,9.0400,9.0500,71,147,249,221,381,9,566,340,446,11
SZ,002386,2017-01-03 09:31:42,9.0000,4,21604.0000,24,S,9.0000,8.9900,8.9800,8.9700,8.9600,9.0100,9.0200,9.0300,9.0400,9.0500,154,122,249,221,381,14,566,340,446,11
SZ,002386,2017-01-03 09:31:45,9.0200,14,380428.0000,422,B,9.0000,8.9900,8.9800,8.9700,8.9600,9.0200,9.0300,9.0400,9.0500,9.0700,61,122,249,221,381,260,304,446,39,16
SZ,002386,2017-01-03 09:31:48,9.0100,1,3604.0000,4,S,9.0000,8.9900,8.9800,8.9700,8.9600,9.0100,9.0200,9.0300,9.0400,9.0500,68,122,249,221,381,46,260,304,446,39
SZ,002386,2017-01-03 09:31:51,9.0100,2,14410.0000,16,B,9.0000,8.9900,8.9800,8.9700,8.9600,9.0100,9.0200,9.0300,9.0400,9.0500,142,122,345,221,381,36,260,304,446,39
SZ,002386,2017-01-03 09:31:54,9.0200,5,112702.0000,125,B,9.0100,9.0000,8.9900,8.9800,8.9700,9.0200,9.0300,9.0400,9.0500,9.0700,10,159,122,347,221,177,304,446,39,16
SZ,002386,2017-01-03 09:31:57,9.0200,2,22550.0000,25,B,9.0100,9.0000,8.9900,8.9800,8.9700,9.0200,9.0300,9.0400,9.0500,9.0700,125,169,122,347,221,157,304,446,39,16
SZ,002386,2017-01-03 09:32:00,9.0100,3,67575.0000,75,S,9.0100,9.0000,8.9900,8.9800,8.9700,9.0200,9.0300,9.0400,9.0500,9.0700,50,169,122,347,221,174,304,446,39,16
SZ,002386,2017-01-03 09:32:03,9.0200,4,47804.0000,53,B,9.0100,9.0000,8.9900,8.9800,8.9700,9.0200,9.0300,9.0400,9.0500,9.0700,78,169,122,347,221,123,343,446,39,16
SZ,002386,2017-01-03 09:32:06,9.0100,3,13515.0000,15,S,9.0100,9.0000,8.9900,8.9800,8.9700,9.0200,9.0300,9.0400,9.0500,9.0700,82,169,122,347,221,163,343,446,39,16
SZ,002386,2017-01-03 09:32:09,9.0100,3,29733.0000,33,S,9.0100,9.0000,8.9900,8.9800,8.9700,9.0200,9.0300,9.0400,9.0500,9.0700,52,378,122,347,221,163,333,446,39,16
SZ,002386,2017-01-03 09:32:12,9.0200,2,36080.0000,40,B,9.0100,9.0000,8.9900,8.9800,8.9700,9.0200,9.0300,9.0400,9.0500,9.0700,87,378,122,347,227,123,333,465,39,16
SZ,002386,2017-01-03 09:32:15,9.0200,4,60425.0000,67,B,9.0100,9.0000,8.9900,8.9800,8.9700,9.0200,9.0300,9.0400,9.0500,9.0700,78,378,122,347,227,65,333,465,39,16
SZ,002386,2017-01-03 09:32:18,9.0100,1,11713.0000,13,S,9.0100,9.0000,8.9900,8.9800,8.9700,9.0200,9.0300,9.0400,9.0500,9.0700,91,378,122,331,227,65,333,465,39,16
SZ,002386,2017-01-03 09:32:21,9.0200,6,44170.0000,49,B,9.0100,9.0000,8.9900,8.9800,8.9700,9.0200,9.0300,9.0400,9.0500,9.0600,63,378,122,331,227,44,333,465,39,3
SZ,002386,2017-01-03 09:32:24,9.0100,6,76585.0000,85,S,9.0000,8.9900,8.9800,8.9700,8.9600,9.0100,9.0200,9.0300,9.0400,9.0500,408,122,331,227,451,15,44,333,465,39
SZ,002386,2017-01-03 09:32:27,9.0000,2,31505.0000,35,S,9.0000,8.9900,8.9800,8.9700,8.9600,9.0100,9.0200,9.0300,9.0400,9.0500,385,122,351,227,451,110,120,333,465,39
SZ,002386,2017-01-03 09:32:30,9.0100,4,49555.0000,55,B,9.0000,8.9900,8.9800,8.9700,8.9600,9.0100,9.0200,9.0300,9.0400,9.0500,385,122,351,227,451,55,144,333,465,39
SZ,002386,2017-01-03 09:32:33,9.0100,4,72080.0000,80,B,9.0100,9.0000,8.9900,8.9800,8.9700,9.0200,9.0300,9.0400,9.0500,9.0600,55,395,122,351,227,144,333,465,39,3
SZ,002386,2017-01-03 09:32:36,9.0100,1,9010.0000,10,S,9.0100,9.0000,8.9900,8.9800,8.9700,9.0200,9.0300,9.0400,9.0500,9.0600,73,404,122,351,224,144,333,465,39,3
SZ,002386,2017-01-03 09:32:39,9.0100,7,70295.0000,78,S,9.0100,9.0000,8.9900,8.9800,8.9700,9.0200,9.0300,9.0400,9.0500,9.0600,62,412,122,351,224,127,333,465,39,3
SZ,002386,2017-01-03 09:32:42,9.0100,4,20744.0000,23,S,9.0100,9.0000,8.9900,8.9800,8.9700,9.0200,9.0300,9.0400,9.0500,9.0600,60,412,122,351,224,106,333,465,39,3
SZ,002386,2017-01-03 09:32:45,9.0100,4,71179.0000,79,S,9.0000,8.9900,8.9800,8.9700,8.9600,9.0100,9.0200,9.0300,9.0400,9.0500,419,122,371,224,451,48,160,333,465,39
SZ,002386,2017-01-03 09:32:48,9.0100,5,21604.0000,24,B,9.0000,8.9900,8.9800,8.9700,8.9600,9.0100,9.0200,9.0300,9.0400,9.0500,399,122,371,244,451,54,160,328,465,39
SZ,002386,2017-01-03 09:32:51,9.0100,5,22525.0000,25,B,9.0000,8.9900,8.9800,8.9700,8.9600,9.0100,9.0200,9.0300,9.0400,9.0500,399,122,381,244,451,30,168,328,465,39
SZ,002386,2017-01-03 09:32:54,9.0000,4,20720.0000,23,S,9.0000,8.9900,8.9800,8.9700,8.9600,9.0100,9.0200,9.0300,9.0400,9.0500,396,122,381,244,451,10,168,328,465,39
SZ,002386,2017-01-03 09:32:57,9.0000,5,26109.0000,29,S,9.0100,9.0000,8.9900,8.9800,8.9700,9.0200,9.0300,9.0400,9.0500,9.0600,58,386,122,381,244,168,328,465,39,3
SZ,002386,2017-01-03 09:33:03,9.0100,1,33337.0000,37,S,9.0100,9.0000,8.9900,8.9800,8.9700,9.0200,9.0300,9.0400,9.0500,9.0600,29,397,123,381,244,168,328,465,39,3
SZ,002386,2017-01-03 09:33:06,9.0100,1,8109.0000,9,S,9.0100,9.0000,8.9900,8.9800,8.9700,9.0200,9.0300,9.0400,9.0500,9.0600,21,450,123,381,244,168,328,465,39,3
SZ,002386,2017-01-03 09:33:09,9.0100,9,36050.0000,40,S,9.0100,9.0000,8.9900,8.9800,8.9700,9.0200,9.0300,9.0400,9.0500,9.0600,413,453,123,381,244,158,328,465,39,3
SZ,002386,2017-01-03 09:33:12,9.0100,1,54060.0000,60,S,9.0100,9.0000,8.9900,8.9800,8.9700,9.0200,9.0300,9.0400,9.0500,9.0600,353,453,123,381,244,138,328,465,39,3
SZ,002386,2017-01-03 09:33:15,9.0200,1,902.0000,1,B,9.0100,9.0000,8.9900,8.9800,8.9700,9.0200,9.0300,9.0400,9.0500,9.0600,423,453,123,381,244,289,328,465,39,3
SZ,002386,2017-01-03 09:33:18,9.0200,2,7216.0000,8,B,9.0100,9.0000,8.9900,8.9800,8.9700,9.0200,9.0300,9.0400,9.0500,9.0600,423,453,123,381,244,210,328,465,39,3
SZ,002386,2017-01-03 09:33:21,9.0200,6,210898.0000,234,B,9.0100,9.0000,8.9900,8.9800,8.9700,9.0200,9.0300,9.0400,9.0500,9.0600,253,453,123,381,244,146,328,465,39,3
SZ,002386,2017-01-03 09:33:24,9.0200,3,131692.0000,146,B,9.0200,9.0100,9.0000,8.9900,8.9800,9.0300,9.0400,9.0500,9.0600,9.0700,149,278,453,123,381,328,465,39,3,11
SZ,002386,2017-01-03 09:33:30,9.0300,1,9030.0000,10,B,9.0200,9.0100,9.0000,8.9900,8.9800,9.0300,9.0400,9.0500,9.0600,9.0700,185,288,453,115,381,318,465,39,3,11
SZ,002386,2017-01-03 09:33:33,9.0200,5,73102.0000,81,S,9.0200,9.0100,9.0000,8.9900,8.9800,9.0300,9.0400,9.0500,9.0600,9.0700,156,288,453,115,381,278,465,39,3,11
SZ,002386,2017-01-03 09:33:36,9.0200,4,67665.0000,75,S,9.0200,9.0100,9.0000,8.9900,8.9800,9.0300,9.0400,9.0500,9.0600,9.0700,96,288,443,115,387,263,465,39,3,11
SZ,002386,2017-01-03 09:33:39,9.0300,6,64055.0000,71,B,9.0200,9.0100,9.0000,8.9900,8.9800,9.0300,9.0400,9.0500,9.0600,9.0700,48,288,443,115,398,255,465,39,3,11
SZ,002386,2017-01-03 09:33:42,9.0200,11,52315.0000,58,S,9.0100,9.0000,8.9900,8.9800,8.9700,9.0200,9.0300,9.0400,9.0500,9.0600,287,464,65,388,244,143,267,465,39,3
SZ,002386,2017-01-03 09:33:45,9.0200,6,128986.0000,143,B,9.0200,9.0100,9.0000,8.9900,8.9800,9.0300,9.0400,9.0500,9.0600,9.0700,44,277,464,65,388,291,465,39,3,11
SZ,002386,2017-01-03 09:33:51,9.0200,3,73121.0000,81,S,9.0200,9.0100,9.0000,8.9900,8.9800,9.0300,9.0400,9.0500,9.0600,9.0700,127,386,484,59,388,232,465,39,3,11
SZ,002386,2017-01-03 09:33:54,9.0300,2,38829.0000,43,B,9.0200,9.0100,9.0000,8.9900,8.9800,9.0300,9.0400,9.0500,9.0600,9.0700,269,386,535,59,388,189,465,39,3,11
SZ,002386,2017-01-03 09:33:57,9.0200,3,28876.0000,32,S,9.0200,9.0100,9.0000,8.9900,8.9800,9.0300,9.0400,9.0500,9.0600,9.0700,259,376,565,61,388,177,465,39,3,11
SZ,002386,2017-01-03 09:34:00,9.0300,6,128226.0000,142,B,9.0200,9.0100,9.0000,8.9900,8.9800,9.0300,9.0400,9.0500,9.0600,9.0700,259,394,565,61,388,35,465,39,3,11
SZ,002386,2017-01-03 09:34:03,9.0300,11,151704.0000,168,B,9.0200,9.0100,9.0000,8.9900,8.9800,9.0300,9.0400,9.0500,9.0600,9.0700,359,394,565,61,388,103,465,39,3,11
SZ,002386,2017-01-03 09:34:06,9.0400,8,273609.0000,303,B,9.0300,9.0200,9.0100,9.0000,8.9900,9.0400,9.0500,9.0600,9.0700,9.0800,172,265,394,565,61,365,39,3,11,57
SZ,002386,2017-01-03 09:34:12,9.0400,1,21696.0000,24,B,9.0300,9.0200,9.0100,9.0000,8.9900,9.0400,9.0500,9.0600,9.0700,9.0800,230,283,394,565,61,351,39,3,11,57
SZ,002386,2017-01-03 09:34:15,9.0400,7,105760.0000,117,B,9.0300,9.0200,9.0100,9.0000,8.9900,9.0400,9.0500,9.0600,9.0700,9.0800,352,293,394,570,61,242,39,3,11,42
SZ,002386,2017-01-03 09:34:18,9.0400,5,54240.0000,60,B,9.0300,9.0200,9.0100,9.0000,8.9900,9.0400,9.0500,9.0600,9.0700,9.0800,298,280,394,570,61,182,39,3,11,92
SZ,002386,2017-01-03 09:34:21,9.0400,13,164528.0000,182,B,9.0400,9.0300,9.0200,9.0100,9.0000,9.0500,9.0600,9.0700,9.0800,9.0900,432,300,335,394,570,39,3,11,97,201
SZ,002386,2017-01-03 09:34:24,9.0700,8,42548.0000,47,B,9.0400,9.0300,9.0200,9.0100,9.0000,9.0700,9.0800,9.0900,9.1000,9.1200,626,319,329,394,570,6,97,201,206,40
SZ,002386,2017-01-03 09:34:27,9.0800,3,9074.0000,10,B,9.0500,9.0400,9.0300,9.0200,9.0100,9.0800,9.0900,9.1000,9.1200,9.1300,67,625,373,306,394,225,201,206,30,25
SZ,002386,2017-01-03 09:34:30,9.0800,2,14528.0000,16,B,9.0700,9.0600,9.0500,9.0400,9.0300,9.0800,9.0900,9.1000,9.1200,9.1300,7,25,72,515,373,204,201,206,30,25
SZ,002386,2017-01-03 09:34:33,9.0800,14,202434.0000,223,B,9.0600,9.0500,9.0400,9.0300,9.0200,9.0800,9.0900,9.1000,9.1200,9.1300,25,102,515,359,309,31,201,206,30,25
SZ,002386,2017-01-03 09:34:36,9.0800,2,9988.0000,11,B,9.0600,9.0500,9.0400,9.0300,9.0200,9.0800,9.0900,9.1000,9.1200,9.1300,32,102,509,310,309,24,133,206,30,25
SZ,002386,2017-01-03 09:34:39,9.0900,9,146213.0000,161,B,9.0800,9.0700,9.0600,9.0500,9.0400,9.0900,9.1000,9.1200,9.1300,9.1400,88,27,32,86,511,93,206,30,25,105
SZ,002386,2017-01-03 09:34:42,9.1000,12,262907.0000,289,B,9.1000,9.0800,9.0700,9.0600,9.0500,9.1200,9.1300,9.1400,9.1500,9.1600,9,98,27,52,98,30,25,105,194,276
SZ,002386,2017-01-03 09:34:45,9.1000,1,6370.0000,7,S,9.1000,9.0900,9.0800,9.0700,9.0600,9.1200,9.1300,9.1400,9.1500,9.1600,2,63,98,27,52,30,25,105,194,276
SZ,002386,2017-01-03 09:34:48,9.1000,4,30076.0000,33,S,9.1000,9.0900,9.0800,9.0700,9.0600,9.1200,9.1300,9.1400,9.1500,9.1600,27,63,173,27,52,7,35,108,189,276
SZ,002386,2017-01-03 09:34:51,9.1200,16,211789.0000,232,S,9.1200,9.1000,9.0900,9.0800,9.0700,9.1400,9.1500,9.1600,9.1700,9.1800,761,41,11,173,27,31,189,176,89,78
SZ,002386,2017-01-03 09:34:54,9.1200,1,45600.0000,50,S,9.1200,9.1000,9.0900,9.0800,9.0700,9.1300,9.1400,9.1500,9.1600,9.1700,717,41,11,173,27,3,31,189,176,89
SZ,002386,2017-01-03 09:34:57,9.1200,5,248071.0000,272,S,9.1200,9.1000,9.0900,9.0800,9.0700,9.1400,9.1500,9.1600,9.1700,9.1800,482,77,111,174,27,24,189,176,89,78
SZ,002386,2017-01-03 09:35:00,9.1400,9,87754.0000,96,B,9.1400,9.1300,9.1200,9.1000,9.0800,9.1500,9.1600,9.1700,9.1800,9.1900,307,7,482,63,177,179,176,89,78,178
SZ,002386,2017-01-03 09:35:03,9.1400,4,31082.0000,34,S,9.1400,9.1300,9.1200,9.1000,9.0800,9.1500,9.1600,9.1700,9.1800,9.1900,281,19,482,53,177,183,176,89,78,178
SZ,002386,2017-01-03 09:35:06,9.1500,9,125303.0000,137,B,9.1400,9.1300,9.1200,9.1000,9.0900,9.1500,9.1600,9.1700,9.1800,9.1900,239,19,492,53,11,98,176,89,78,178
SZ,002386,2017-01-03 09:35:09,9.1500,6,49410.0000,54,B,9.1400,9.1300,9.1200,9.1000,9.0900,9.1500,9.1600,9.1700,9.1800,9.1900,254,19,492,53,11,53,176,89,78,178
SZ,002386,2017-01-03 09:35:12,9.1500,23,532091.0000,582,B,9.1500,9.1300,9.1200,9.1000,9.0900,9.1600,9.1700,9.1800,9.1900,9.2000,141,9,492,53,11,179,89,78,178,567
SZ,002386,2017-01-03 09:35:15,9.1500,14,318689.0000,348,S,9.1500,9.1300,9.1200,9.1000,9.0900,9.1700,9.1800,9.1900,9.2000,9.2100,156,9,490,53,11,47,133,178,567,28
SZ,002386,2017-01-03 09:35:18,9.1500,2,18315.0000,20,S,9.1500,9.1200,9.1000,9.0900,9.0800,9.1600,9.1700,9.1800,9.1900,9.2000,407,502,53,11,185,3,62,168,178,563
SZ,002386,2017-01-03 09:35:21,9.1600,17,232450.0000,254,B,9.1500,9.1400,9.1200,9.1000,9.0900,9.1600,9.1700,9.1800,9.1900,9.2000,193,100,502,53,11,120,72,178,208,566
SZ,002386,2017-01-03 09:35:24,9.1700,12,151145.0000,165,B,9.1600,9.1500,9.1400,9.1200,9.1000,9.1700,9.1800,9.1900,9.2000,9.2100,60,178,100,502,53,274,178,208,567,28
SZ,002386,2017-01-03 09:35:27,9.1500,19,292962.0000,320,S,9.1500,9.1400,9.1200,9.1000,9.0900,9.1700,9.1800,9.1900,9.2000,9.2100,13,100,78,53,11,361,188,208,567,28
SZ,002386,2017-01-03 09:35:30,9.1600,14,128219.0000,140,B,9.1400,9.1200,9.1000,9.0900,9.0800,9.1500,9.1600,9.1700,9.1800,9.1900,96,58,53,11,182,41,167,464,188,208
SZ,002386,2017-01-03 09:35:33,9.1500,6,48490.0000,53,B,9.1400,9.1200,9.1000,9.0900,9.0800,9.1500,9.1600,9.1700,9.1800,9.1900,91,58,53,11,182,36,770,508,183,219
SZ,002386,2017-01-03 09:35:36,9.1500,6,32934.0000,36,B,9.1400,9.1200,9.1000,9.0900,9.0800,9.1500,9.1600,9.1700,9.1800,9.1900,85,58,53,11,182,183,851,518,193,219
SZ,002386,2017-01-03 09:35:39,9.1500,24,205835.0000,225,B,9.1400,9.1200,9.1000,9.0900,9.0800,9.1500,9.1600,9.1700,9.1800,9.1900,45,58,53,14,182,183,970,509,193,224
SZ,002386,2017-01-03 09:35:42,9.1200,9,117902.0000,129,S,9.1200,9.1000,9.0900,9.0800,9.0700,9.1400,9.1500,9.1600,9.1700,9.1800,56,53,34,181,27,114,296,657,501,193
SZ,002386,2017-01-03 09:35:45,9.1400,11,75855.0000,83,B,9.1200,9.1000,9.0900,9.0800,9.0700,9.1400,9.1500,9.1600,9.1700,9.1800,56,53,34,181,27,277,445,567,501,193
SZ,002386,2017-01-03 09:35:48,9.1200,9,62018.0000,68,S,9.1000,9.0900,9.0800,9.0700,9.0600,9.1200,9.1400,9.1500,9.1600,9.1700,53,34,181,5,110,38,311,514,570,451
SZ,002386,2017-01-03 09:35:51,9.1200,1,4560.0000,5,B,9.1000,9.0900,9.0800,9.0700,9.0600,9.1200,9.1300,9.1400,9.1500,9.1600,73,129,163,5,110,48,50,379,514,564
SZ,002386,2017-01-03 09:35:54,9.1200,2,18240.0000,20,B,9.1100,9.1000,9.0900,9.0800,9.0700,9.1200,9.1300,9.1400,9.1500,9.1600,8,73,129,163,5,78,92,389,514,564
SZ,002386,2017-01-03 09:35:57,9.1400,25,338745.0000,371,B,9.1100,9.1000,9.0900,9.0800,9.0700,9.1300,9.1400,9.1500,9.1600,9.1700,3,93,129,163,5,35,246,508,384,471
SZ,002386,2017-01-03 09:36:00,9.1000,4,34673.0000,38,S,9.1000,9.0900,9.0800,9.0700,9.0600,9.1100,9.1300,9.1400,9.1500,9.1600,57,129,179,5,110,11,9,241,503,305
SZ,002386,2017-01-03 09:36:03,9.1100,4,23666.0000,26,B,9.1000,9.0900,9.0800,9.0700,9.0600,9.1100,9.1300,9.1400,9.1500,9.1600,47,129,179,5,110,5,111,284,451,293
SZ,002386,2017-01-03 09:36:06,9.1200,6,21871.0000,24,B,9.1200,9.1000,9.0900,9.0800,9.0700,9.1300,9.1400,9.1500,9.1600,9.1700,43,71,129,180,5,168,294,322,293,432
SZ,002386,2017-01-03 09:36:09,9.1300,6,35583.0000,39,B,9.1200,9.1100,9.1000,9.0900,9.0800,9.1300,9.1400,9.1500,9.1600,9.1700,19,52,127,129,180,168,384,322,296,432
SZ,002386,2017-01-03 09:36:12,9.1300,9,73901.0000,81,B,9.1100,9.1000,9.0900,9.0800,9.0700,9.1200,9.1300,9.1400,9.1500,9.1600,185,211,129,180,5,56,135,399,288,296
SZ,002386,2017-01-03 09:36:15,9.1400,17,204465.0000,224,B,9.1100,9.1000,9.0900,9.0800,9.0700,9.1300,9.1400,9.1500,9.1600,9.1700,218,239,129,180,5,40,394,288,296,439
SZ,002386,2017-01-03 09:36:18,9.1200,6,49298.0000,54,S,9.1200,9.1100,9.1000,9.0900,9.0800,9.1400,9.1500,9.1600,9.1700,9.1800,49,218,306,126,180,389,253,296,429,156
SZ,002386,2017-01-03 09:36:21,9.1300,8,160665.0000,176,B,9.1200,9.1100,9.1000,9.0900,9.0800,9.1300,9.1400,9.1500,9.1600,9.1700,2,218,321,136,180,20,354,253,296,429
SZ,002386,2017-01-03 09:36:24,9.1400,23,346610.0000,380,B,9.1300,9.1100,9.1000,9.0900,9.0800,9.1400,9.1500,9.1600,9.1700,9.1800,3,53,303,136,180,317,253,296,429,156
SZ,002386,2017-01-03 09:36:27,9.1200,11,138853.0000,152,S,9.1100,9.1000,9.0900,9.0800,9.0700,9.1200,9.1300,9.1400,9.1500,9.1600,53,304,136,180,5,399,10,227,256,296
SZ,002386,2017-01-03 09:36:30,9.1200,4,28272.0000,31,B,9.1100,9.1000,9.0900,9.0800,9.0700,9.1200,9.1300,9.1400,9.1500,9.1600,56,309,136,180,5,373,10,269,256,296
SZ,002386,2017-01-03 09:36:33,9.1200,8,148599.0000,163,B,9.1000,9.0900,9.0800,9.0700,9.0600,9.1200,9.1300,9.1400,9.1500,9.1600,309,145,180,5,100,267,10,319,256,296
SZ,002386,2017-01-03 09:36:36,9.1100,4,47404.0000,52,S,9.1000,9.0900,9.0800,9.0700,9.0600,9.1100,9.1200,9.1300,9.1400,9.1500,319,145,182,5,100,480,239,256,319,256
SZ,002386,2017-01-03 09:36:39,9.1100,4,72880.0000,80,B,9.1000,9.0900,9.0800,9.0700,9.0600,9.1100,9.1200,9.1300,9.1400,9.1500,309,145,182,5,100,477,239,267,219,276
SZ,002386,2017-01-03 09:36:42,9.1100,6,75573.0000,83,B,9.1000,9.0900,9.0800,9.0700,9.0600,9.1100,9.1200,9.1300,9.1400,9.1500,269,145,183,5,100,434,235,267,219,276
SZ,002386,2017-01-03 09:36:45,9.1000,5,18204.0000,20,S,9.1000,9.0900,9.0800,9.0700,9.0600,9.1100,9.1200,9.1300,9.1400,9.1500,273,145,183,5,100,448,235,267,219,386
SZ,002386,2017-01-03 09:36:48,9.1000,8,139230.0000,153,S,9.1000,9.0900,9.0800,9.0700,9.0600,9.1100,9.1200,9.1300,9.1400,9.1500,120,145,194,5,100,448,239,266,219,386
SZ,002386,2017-01-03 09:36:51,9.1000,15,197470.0000,217,S,9.0900,9.0800,9.0700,9.0600,9.0500,9.1000,9.1100,9.1200,9.1300,9.1400,145,194,35,100,109,124,482,239,266,219
SZ,002386,2017-01-03 09:36:57,9.1000,4,51868.0000,57,B,9.0900,9.0800,9.0700,9.0600,9.0500,9.1000,9.1100,9.1200,9.1300,9.1400,143,202,35,103,114,423,482,239,303,199
SZ,002386,2017-01-03 09:37:00,9.0900,5,31825.0000,35,S,9.0900,9.0800,9.0700,9.0600,9.0500,9.1000,9.1100,9.1200,9.1300,9.1400,118,212,55,103,114,413,137,234,303,197
SZ,002386,2017-01-03 09:37:03,9.1000,13,187312.0000,206,B,9.0800,9.0700,9.0600,9.0500,9.0400,9.1000,9.1100,9.1200,9.1300,9.1400,212,55,103,114,110,388,137,134,303,177
SZ,002386,2017-01-03 09:37:09,9.1000,12,133729.0000,147,B,9.0800,9.0700,9.0600,9.0500,9.0400,9.1000,9.1100,9.1200,9.1300,9.1400,219,55,103,114,110,358,119,134,308,177
SZ,002386,2017-01-03 09:37:12,9.0800,7,158270.0000,174,S,9.0800,9.0700,9.0600,9.0500,9.0400,9.0900,9.1000,9.1100,9.1200,9.1300,206,55,103,114,110,59,221,107,134,308
SZ,002386,2017-01-03 09:37:15,9.0900,4,23634.0000,26,B,9.0800,9.0700,9.0600,9.0500,9.0400,9.0900,9.1000,9.1100,9.1200,9.1300,206,65,103,114,110,33,216,107,134,308
SZ,002386,2017-01-03 09:37:18,9.0900,4,26361.0000,29,B,9.0800,9.0700,9.0600,9.0500,9.0400,9.0900,9.1000,9.1100,9.1200,9.1300,206,65,117,114,110,104,216,107,134,308
SZ,002386,2017-01-03 09:37:21,9.0800,21,338874.0000,373,S,9.0700,9.0600,9.0500,9.0400,9.0300,9.0800,9.0900,9.1000,9.1100,9.1200,65,117,114,110,111,62,18,173,107,134
SZ,002386,2017-01-03 09:37:24,9.0800,2,12712.0000,14,B,9.0700,9.0600,9.0500,9.0400,9.0300,9.0800,9.0900,9.1000,9.1100,9.1200,75,117,114,110,79,79,23,173,52,134
SZ,002386,2017-01-03 09:37:27,9.0800,6,82628.0000,91,B,9.0800,9.0700,9.0600,9.0500,9.0400,9.0900,9.1000,9.1100,9.1200,9.1300,177,117,117,124,113,46,173,52,134,308
SZ,002386,2017-01-03 09:37:30,9.0900,4,30887.0000,34,B,9.0800,9.0700,9.0600,9.0500,9.0400,9.0900,9.1000,9.1100,9.1200,9.1300,159,147,117,124,113,31,173,52,106,308
SZ,002386,2017-01-03 09:37:33,9.0800,3,55388.0000,61,S,9.0800,9.0700,9.0600,9.0500,9.0400,9.0900,9.1000,9.1100,9.1200,9.1300,106,115,117,124,113,41,173,52,106,308
SZ,002386,2017-01-03 09:37:36,9.0900,4,29088.0000,32,B,9.0800,9.0700,9.0600,9.0500,9.0400,9.0900,9.1000,9.1100,9.1200,9.1300,150,105,117,124,143,9,173,52,106,308
SZ,002386,2017-01-03 09:37:39,9.0900,2,8181.0000,9,B,9.0900,9.0800,9.0700,9.0600,9.0500,9.1000,9.1100,9.1200,9.1300,9.1400,77,246,195,635,124,173,52,106,308,177
SZ,002386,2017-01-03 09:37:45,9.0800,10,217168.0000,239,S,9.0800,9.0700,9.0600,9.0500,9.0400,9.1000,9.1100,9.1200,9.1300,9.1400,222,195,635,126,143,181,52,106,297,177
SZ,002386,2017-01-03 09:37:48,9.1000,1,9100.0000,10,B,9.0900,9.0800,9.0700,9.0600,9.0500,9.1000,9.1100,9.1200,9.1300,9.1400,20,236,195,635,136,171,52,106,297,177
SZ,002386,2017-01-03 09:37:51,9.0900,9,113660.0000,125,S,9.0800,9.0700,9.0600,9.0500,9.0400,9.0900,9.1000,9.1100,9.1200,9.1300,316,195,635,136,143,166,140,52,106,297
SZ,002386,2017-01-03 09:37:54,9.0900,6,42723.0000,47,B,9.0800,9.0700,9.0600,9.0500,9.0400,9.0900,9.1000,9.1100,9.1200,9.1300,316,195,635,139,143,119,118,52,106,287
SZ,002386,2017-01-03 09:37:57,9.1000,7,130921.0000,144,B,9.0800,9.0700,9.0600,9.0500,9.0400,9.1000,9.1100,9.1200,9.1300,9.1400,316,188,635,145,143,113,52,106,287,162
SZ,002386,2017-01-03 09:38:00,9.0900,4,36370.0000,40,S,9.0900,9.0800,9.0700,9.0600,9.0500,9.1000,9.1100,9.1200,9.1300,9.1400,64,316,208,635,145,103,52,106,287,162
SZ,002386,2017-01-03 09:38:03,9.0900,1,6363.0000,7,S,9.0900,9.0800,9.0700,9.0600,9.0500,9.1000,9.1100,9.1200,9.1300,9.1400,63,326,185,635,145,113,52,106,287,162
SZ,002386,2017-01-03 09:38:06,9.1000,4,38220.0000,42,B,9.0900,9.0800,9.0700,9.0600,9.0500,9.1000,9.1100,9.1200,9.1300,9.1400,84,348,205,635,145,76,52,106,287,162
SZ,002386,2017-01-03 09:38:12,9.1000,2,7280.0000,8,B,9.0900,9.0800,9.0700,9.0600,9.0500,9.1000,9.1100,9.1200,9.1300,9.1400,181,346,205,635,138,75,52,106,287,182
SZ,002386,2017-01-03 09:38:15,9.1000,7,54600.0000,60,B,9.0900,9.0800,9.0700,9.0600,9.0500,9.1000,9.1100,9.1200,9.1300,9.1400,191,346,265,635,148,11,52,106,287,182
SZ,002386,2017-01-03 09:38:18,9.1000,5,37300.0000,41,B,9.1000,9.0900,9.0800,9.0700,9.0600,9.1100,9.1200,9.1300,9.1400,9.1500,570,191,346,265,635,52,106,287,182,348
SZ,002386,2017-01-03 09:38:21,9.1100,2,11831.0000,13,B,9.1000,9.0900,9.0800,9.0700,9.0600,9.1100,9.1200,9.1300,9.1400,9.1500,580,191,343,265,635,51,128,287,182,348
SZ,002386,2017-01-03 09:38:24,9.1100,1,911.0000,1,B,9.1000,9.0900,9.0800,9.0700,9.0600,9.1100,9.1200,9.1300,9.1400,9.1500,580,183,343,289,635,70,128,287,182,348
SZ,002386,2017-01-03 09:38:27,9.1000,4,20952.0000,23,S,9.1000,9.0900,9.0800,9.0700,9.0600,9.1100,9.1200,9.1300,9.1400,9.1500,583,180,353,289,635,48,128,287,182,348
SZ,002386,2017-01-03 09:38:30,9.1200,7,58320.0000,64,B,9.1100,9.1000,9.0900,9.0800,9.0700,9.1200,9.1300,9.1400,9.1500,9.1600,15,593,180,361,289,112,287,182,376,289
SZ,002386,2017-01-03 09:38:33,9.1100,1,4555.0000,5,S,9.1100,9.1000,9.0900,9.0800,9.0700,9.1200,9.1300,9.1400,9.1500,9.1600,17,598,280,362,289,112,287,182,374,289
SZ,002386,2017-01-03 09:38:36,9.1200,2,6382.0000,7,B,9.1100,9.1000,9.0900,9.0800,9.0700,9.1200,9.1300,9.1400,9.1500,9.1600,61,586,280,362,289,107,287,182,384,289
SZ,002386,2017-01-03 09:38:39,9.1200,7,115824.0000,127,B,9.1200,9.1100,9.1000,9.0900,9.0800,9.1300,9.1400,9.1500,9.1600,9.1700,67,128,586,288,362,287,182,384,289,334
SZ,002386,2017-01-03 09:38:42,9.1200,4,36480.0000,40,S,9.1200,9.1100,9.1000,9.0900,9.0800,9.1300,9.1400,9.1500,9.1600,9.1700,187,473,583,285,362,287,182,384,289,334
SZ,002386,2017-01-03 09:38:45,9.1300,6,74825.0000,82,B,9.1200,9.1100,9.1000,9.0900,9.0800,9.1300,9.1400,9.1500,9.1600,9.1700,165,483,583,295,362,246,182,384,289,334
SZ,002386,2017-01-03 09:38:48,9.1200,5,65702.0000,72,S,9.1200,9.1100,9.1000,9.0900,9.0800,9.1300,9.1400,9.1500,9.1600,9.1700,191,516,583,295,362,208,182,386,289,334
SZ,002386,2017-01-03 09:38:51,9.1300,5,189904.0000,208,B,9.1300,9.1200,9.1100,9.1000,9.0900,9.1400,9.1500,9.1600,9.1700,9.1800,4,194,516,583,295,197,386,289,334,677
SZ,002386,2017-01-03 09:38:54,9.1300,1,1826.0000,2,S,9.1300,9.1200,9.1100,9.1000,9.0900,9.1400,9.1500,9.1600,9.1700,9.1800,159,194,514,583,290,197,386,289,504,677
SZ,002386,2017-01-03 09:38:57,9.1300,5,69388.0000,76,S,9.1300,9.1200,9.1100,9.1000,9.0900,9.1400,9.1500,9.1600,9.1700,9.1800,99,194,514,583,290,197,383,289,504,677
SZ,002386,2017-01-03 09:39:00,9.1400,7,36535.0000,40,B,9.1300,9.1200,9.1100,9.1000,9.0900,9.1400,9.1500,9.1600,9.1700,9.1800,143,194,517,583,290,187,384,289,504,677
SZ,002386,2017-01-03 09:39:03,9.1400,17,189193.0000,207,B,9.1400,9.1300,9.1200,9.1100,9.1000,9.1500,9.1600,9.1700,9.1800,9.1900,9,194,194,526,578,384,289,512,677,169
SZ,002386,2017-01-03 09:39:06,9.1400,5,46614.0000,51,S,9.1400,9.1300,9.1200,9.1100,9.1000,9.1500,9.1600,9.1700,9.1800,9.1900,268,199,194,526,578,384,289,512,677,169
SZ,002386,2017-01-03 09:39:09,9.1500,8,49385.0000,54,B,9.1400,9.1300,9.1200,9.1100,9.1000,9.1500,9.1600,9.1700,9.1800,9.1900,376,196,194,376,578,355,299,512,677,169
SZ,002386,2017-01-03 09:39:12,9.1500,3,64965.0000,71,B,9.1400,9.1300,9.1200,9.1100,9.1000,9.1500,9.1600,9.1700,9.1800,9.1900,376,195,194,374,578,484,268,522,677,169
SZ,002386,2017-01-03 09:39:15,9.1500,6,51236.0000,56,B,9.1400,9.1300,9.1200,9.1100,9.1000,9.1500,9.1600,9.1700,9.1800,9.1900,365,245,194,368,578,432,272,522,677,169
SZ,002386,2017-01-03 09:39:18,9.1500,13,94204.0000,103,B,9.1400,9.1300,9.1200,9.1100,9.1000,9.1500,9.1600,9.1700,9.1800,9.1900,267,125,194,368,603,370,262,522,677,169
SZ,002386,2017-01-03 09:39:21,9.1500,11,131724.0000,144,B,9.1400,9.1300,9.1200,9.1100,9.1000,9.1500,9.1600,9.1700,9.1800,9.1900,171,120,191,339,603,267,269,522,677,169
SZ,002386,2017-01-03 09:39:24,9.1500,20,305562.0000,334,B,9.1500,9.1400,9.1300,9.1200,9.1100,9.1600,9.1700,9.1800,9.1900,9.2000,32,131,122,191,339,269,522,677,169,458
SZ,002386,2017-01-03 09:39:27,9.1400,10,96952.0000,106,S,9.1500,9.1400,9.1300,9.1200,9.1100,9.1600,9.1700,9.1800,9.1900,9.2000,643,82,122,191,339,257,752,677,228,458
SZ,002386,2017-01-03 09:39:30,9.1500,13,205048.0000,224,S,9.1500,9.1400,9.1300,9.1200,9.1100,9.1600,9.1700,9.1800,9.1900,9.2000,554,182,101,181,339,215,757,697,228,468
SZ,002386,2017-01-03 09:39:33,9.1600,8,143664.0000,157,B,9.1500,9.1400,9.1300,9.1200,9.1100,9.1600,9.1700,9.1800,9.1900,9.2000,456,182,101,181,319,266,757,705,228,471
SZ,002386,2017-01-03 09:39:36,9.1700,25,347160.0000,379,B,9.1500,9.1400,9.1300,9.1200,9.1100,9.1600,9.1700,9.1800,9.1900,9.2000,399,182,116,181,301,10,755,717,228,471
SZ,002386,2017-01-03 09:39:39,9.1600,10,92540.0000,101,B,9.1600,9.1500,9.1400,9.1300,9.1200,9.1700,9.1800,9.1900,9.2000,9.2100,201,435,182,99,181,714,717,228,471,56
SZ,002386,2017-01-03 09:39:42,9.1700,2,11004.0000,12,B,9.1600,9.1500,9.1400,9.1300,9.1200,9.1700,9.1800,9.1900,9.2000,9.2100,373,435,182,99,181,705,717,228,476,56
SZ,002386,2017-01-03 09:39:45,9.1600,22,481032.0000,525,S,9.1500,9.1400,9.1300,9.1200,9.1100,9.1600,9.1700,9.1800,9.1900,9.2000,480,179,99,181,301,69,575,727,228,476
SZ,002386,2017-01-03 09:39:48,9.1600,13,330008.0000,360,B,9.1600,9.1500,9.1400,9.1300,9.1200,9.1700,9.1800,9.1900,9.2000,9.2100,17,480,179,99,181,337,727,220,476,56
SZ,002386,2017-01-03 09:39:51,9.1600,15,212724.0000,232,S,9.1600,9.1500,9.1400,9.1300,9.1200,9.1700,9.1800,9.1900,9.2000,9.2100,853,490,179,99,181,151,735,220,476,56
SZ,002386,2017-01-03 09:39:54,9.1600,17,583536.0000,637,S,9.1600,9.1500,9.1400,9.1300,9.1200,9.1700,9.1800,9.1900,9.2000,9.2100,266,490,179,99,181,217,735,220,479,56
SZ,002386,2017-01-03 09:39:57,9.1600,21,321746.0000,351,S,9.1600,9.1500,9.1400,9.1300,9.1200,9.1700,9.1800,9.1900,9.2000,9.2100,185,505,179,99,162,9,735,230,474,56
SZ,002386,2017-01-03 09:40:00,9.1700,9,135722.0000,148,B,9.1700,9.1600,9.1500,9.1400,9.1300,9.1800,9.1900,9.2000,9.2100,9.2200,65,198,505,179,99,730,240,474,56,47
SZ,002386,2017-01-03 09:40:03,9.1700,18,182512.0000,199,S,9.1600,9.1500,9.1400,9.1300,9.1200,9.1700,9.1800,9.1900,9.2000,9.2100,222,515,179,99,162,12,698,243,487,56
SZ,002386,2017-01-03 09:40:06,9.1700,12,192572.0000,210,B,9.1600,9.1500,9.1400,9.1300,9.1200,9.1700,9.1800,9.1900,9.2000,9.2100,223,515,179,99,162,202,698,243,497,56
SZ,002386,2017-01-03 09:40:09,9.1700,6,118292.0000,129,B,9.1600,9.1500,9.1400,9.1300,9.1200,9.1700,9.1800,9.1900,9.2000,9.2100,223,513,179,84,162,343,698,243,497,56
SZ,002386,2017-01-03 09:40:12,9.1700,6,57736.0000,63,B,9.1600,9.1500,9.1400,9.1300,9.1200,9.1700,9.1800,9.1900,9.2000,9.2100,188,513,179,84,162,440,698,243,492,56
SZ,002386,2017-01-03 09:40:15,9.1600,18,500204.0000,546,S,9.1500,9.1400,9.1300,9.1200,9.1100,9.1600,9.1700,9.1800,9.1900,9.2000,443,169,84,162,392,81,454,692,243,492
SZ,002386,2017-01-03 09:40:18,9.1500,9,65032.0000,71,S,9.1500,9.1400,9.1300,9.1200,9.1100,9.1600,9.1700,9.1800,9.1900,9.2000,435,169,84,162,392,552,454,705,243,482
SZ,002386,2017-01-03 09:40:21,9.1600,5,31136.0000,34,B,9.1500,9.1400,9.1300,9.1200,9.1100,9.1600,9.1700,9.1800,9.1900,9.2000,428,163,84,162,392,694,510,705,243,482
SZ,002386,2017-01-03 09:40:24,9.1600,17,336888.0000,368,B,9.1500,9.1400,9.1300,9.1200,9.1100,9.1600,9.1700,9.1800,9.1900,9.2000,228,163,84,162,392,667,529,705,248,482
SZ,002386,2017-01-03 09:40:27,9.1500,27,208620.0000,228,S,9.1400,9.1300,9.1200,9.1100,9.1000,9.1500,9.1600,9.1700,9.1800,9.1900,163,75,50,392,337,36,567,429,693,248
SZ,002386,2017-01-03 09:40:30,9.1500,2,10980.0000,12,B,9.1400,9.1300,9.1200,9.1100,9.1000,9.1500,9.1600,9.1700,9.1800,9.1900,163,75,50,392,337,65,592,449,693,248
SZ,002386,2017-01-03 09:40:33,9.1400,8,186470.0000,204,S,9.1300,9.1200,9.1100,9.1000,9.0900,9.1400,9.1500,9.1600,9.1700,9.1800,75,50,392,337,257,10,568,610,432,683
SZ,002386,2017-01-03 09:40:36,9.1400,6,30170.0000,33,B,9.1300,9.1200,9.1100,9.1000,9.0900,9.1400,9.1500,9.1600,9.1700,9.1800,75,50,392,337,257,40,692,690,322,675
SZ,002386,2017-01-03 09:40:39,9.1200,7,73034.0000,80,S,9.1200,9.1100,9.1000,9.0900,9.0800,9.1300,9.1400,9.1500,9.1600,9.1700,49,392,347,257,265,56,40,697,615,329
SZ,002386,2017-01-03 09:40:42,9.1400,6,116936.0000,128,B,9.1200,9.1100,9.1000,9.0900,9.0800,9.1300,9.1400,9.1500,9.1600,9.1700,49,394,347,257,265,13,152,712,563,329
SZ,002386,2017-01-03 09:40:45,9.1100,5,56542.0000,62,S,9.1100,9.1000,9.0900,9.0800,9.0700,9.1200,9.1300,9.1400,9.1500,9.1600,386,347,257,232,260,156,114,161,737,516
SZ,002386,2017-01-03 09:40:48,9.1200,6,23700.0000,26,B,9.1100,9.1000,9.0900,9.0800,9.0700,9.1200,9.1300,9.1400,9.1500,9.1600,376,347,257,232,260,140,114,213,579,496
SZ,002386,2017-01-03 09:40:51,9.1200,19,601000.0000,658,B,9.1200,9.1100,9.1000,9.0900,9.0800,9.1300,9.1500,9.1600,9.1700,9.1800,38,396,358,257,232,22,559,556,272,680
SZ,002386,2017-01-03 09:40:54,9.1200,10,82946.0000,91,S,9.1100,9.1000,9.0900,9.0800,9.0700,9.1200,9.1300,9.1400,9.1500,9.1600,349,358,257,232,260,2,22,27,589,536
SZ,002386,2017-01-03 09:40:57,9.1100,6,95818.0000,105,S,9.1200,9.1100,9.1000,9.0900,9.0800,9.1400,9.1500,9.1600,9.1700,9.1800,48,327,358,269,232,77,564,567,267,680
SZ,002386,2017-01-03 09:41:00,9.1400,5,31068.0000,34,B,9.1200,9.1100,9.1000,9.0900,9.0800,9.1300,9.1400,9.1500,9.1600,9.1700,61,327,360,269,232,42,57,566,571,267
SZ,002386,2017-01-03 09:41:03,9.1300,5,37434.0000,41,B,9.1200,9.1100,9.1000,9.0900,9.0800,9.1300,9.1400,9.1500,9.1600,9.1700,117,327,366,269,232,1,294,586,559,267
SZ,002386,2017-01-03 09:41:06,9.1200,5,58406.0000,64,S,9.1200,9.1100,9.1000,9.0900,9.0800,9.1400,9.1500,9.1600,9.1700,9.1800,73,347,381,269,232,275,579,559,267,680
SZ,002386,2017-01-03 09:41:09,9.1200,6,33750.0000,37,S,9.1200,9.1100,9.1000,9.0900,9.0800,9.1300,9.1400,9.1500,9.1600,9.1700,94,347,381,299,232,693,275,576,509,267
SZ,002386,2017-01-03 09:41:12,9.1300,5,68466.0000,75,B,9.1200,9.1100,9.1000,9.0900,9.0800,9.1300,9.1400,9.1500,9.1600,9.1700,229,347,406,309,232,683,475,586,509,257
SZ,002386,2017-01-03 09:41:15,9.1300,5,123232.0000,135,B,9.1200,9.1100,9.1000,9.0900,9.0800,9.1300,9.1400,9.1500,9.1600,9.1700,231,364,416,309,222,576,535,596,529,257
SZ,002386,2017-01-03 09:41:18,9.1200,8,172396.0000,189,S,9.1200,9.1100,9.1000,9.0900,9.0800,9.1300,9.1400,9.1500,9.1600,9.1700,70,364,311,309,222,548,535,596,529,257
SZ,002386,2017-01-03 09:41:21,9.1300,6,89464.0000,98,B,9.1200,9.1100,9.1000,9.0900,9.0800,9.1300,9.1400,9.1500,9.1600,9.1700,60,364,321,309,222,460,535,696,529,257
SZ,002386,2017-01-03 09:41:24,9.1300,3,25558.0000,28,B,9.1200,9.1100,9.1000,9.0900,9.0800,9.1300,9.1400,9.1500,9.1600,9.1700,178,394,418,309,222,447,515,796,529,252
SZ,002386,2017-01-03 09:41:27,9.1300,4,22812.0000,25,B,9.1200,9.1100,9.1000,9.0900,9.0800,9.1300,9.1400,9.1500,9.1600,9.1700,166,398,418,309,222,395,515,796,521,252
SZ,002386,2017-01-03 09:41:30,9.1300,3,200860.0000,220,B,9.1200,9.1100,9.1000,9.0900,9.0800,9.1300,9.1400,9.1500,9.1600,9.1700,237,398,419,309,222,231,515,811,520,352
SZ,002386,2017-01-03 09:41:33,9.1200,24,416370.0000,456,S,9.1200,9.1100,9.1000,9.0900,9.0800,9.1400,9.1500,9.1600,9.1700,9.1800,159,399,475,299,229,389,789,520,372,682
SZ,002386,2017-01-03 09:41:36,9.1300,3,63910.0000,70,B,9.1300,9.1200,9.1100,9.1000,9.0900,9.1400,9.1500,9.1600,9.1700,9.1800,10,566,399,475,299,389,789,520,372,682
SZ,002386,2017-01-03 09:41:39,9.1400,4,21006.0000,23,B,9.1300,9.1200,9.1100,9.1000,9.0900,9.1400,9.1500,9.1600,9.1700,9.1800,38,656,409,475,299,383,789,510,347,682
SZ,002386,2017-01-03 09:41:42,9.1300,6,87596.0000,96,S,9.1200,9.1100,9.1000,9.0900,9.0800,9.1300,9.1400,9.1500,9.1600,9.1700,606,431,475,287,229,71,403,800,510,347
SZ,002386,2017-01-03 09:41:45,9.1300,6,68472.0000,75,B,9.1300,9.1200,9.1100,9.1000,9.0900,9.1400,9.1500,9.1600,9.1700,9.1800,157,631,431,475,287,403,790,510,347,682
SZ,002386,2017-01-03 09:41:48,9.1300,4,28304.0000,31,S,9.1300,9.1200,9.1100,9.1000,9.0900,9.1400,9.1500,9.1600,9.1700,9.1800,132,631,431,485,287,401,800,510,347,682
SZ,002386,2017-01-03 09:41:51,9.1400,5,131576.0000,144,B,9.1300,9.1200,9.1100,9.1000,9.0900,9.1400,9.1500,9.1600,9.1700,9.1800,144,630,431,485,287,319,800,510,347,682
SZ,002386,2017-01-03 09:41:57,9.1300,10,182600.0000,200,S,9.1200,9.1100,9.1000,9.0900,9.0800,9.1300,9.1400,9.1500,9.1600,9.1700,632,433,506,293,229,478,647,800,510,347
SZ,002386,2017-01-03 09:42:00,9.1300,5,41998.0000,46,B,9.1200,9.1100,9.1000,9.0900,9.0800,9.1300,9.1400,9.1500,9.1600,9.1700,632,433,524,293,229,461,650,795,510,347
SZ,002386,2017-01-03 09:42:06,9.1200,14,325768.0000,357,S,9.1200,9.1100,9.1000,9.0900,9.0800,9.1300,9.1400,9.1500,9.1600,9.1700,467,433,586,293,229,297,665,795,510,358
SZ,002386,2017-01-03 09:42:09,9.1300,2,50214.0000,55,B,9.1200,9.1100,9.1000,9.0900,9.0800,9.1300,9.1400,9.1500,9.1600,9.1700,483,433,588,293,239,252,665,795,510,358
SZ,002386,2017-01-03 09:42:12,9.1200,3,61122.0000,67,S,9.1200,9.1100,9.1000,9.0900,9.0800,9.1300,9.1400,9.1500,9.1600,9.1700,446,433,588,293,239,235,455,795,510,358
SZ,002386,2017-01-03 09:42:15,9.1300,4,236366.0000,259,B,9.1200,9.1100,9.1000,9.0900,9.0800,9.1300,9.1400,9.1500,9.1600,9.1700,346,433,588,293,239,117,455,823,500,353
SZ,002386,2017-01-03 09:42:18,9.1200,5,95792.0000,105,S,9.1200,9.1100,9.1000,9.0900,9.0800,9.1300,9.1400,9.1500,9.1600,9.1700,221,433,588,293,239,87,455,823,500,353
SZ,002386,2017-01-03 09:42:21,9.1300,9,151408.0000,166,B,9.1200,9.1100,9.1000,9.0900,9.0800,9.1300,9.1400,9.1500,9.1600,9.1700,71,433,588,293,239,71,455,823,465,353
SZ,002386,2017-01-03 09:42:24,9.1200,4,25516.0000,28,S,9.1200,9.1100,9.1000,9.0900,9.0800,9.1300,9.1400,9.1500,9.1600,9.1700,46,433,588,293,239,280,460,823,458,353
SZ,002386,2017-01-03 09:42:27,9.1300,1,912.0000,1,B,9.1200,9.1100,9.1000,9.0900,9.0800,9.1300,9.1400,9.1500,9.1600,9.1700,52,433,807,293,239,279,460,823,458,356
SZ,002386,2017-01-03 09:42:30,9.1200,8,27380.0000,30,S,9.1200,9.1100,9.1000,9.0900,9.0800,9.1300,9.1400,9.1500,9.1600,9.1700,48,433,807,293,239,279,460,823,463,352
SZ,002386,2017-01-03 09:42:33,9.1200,9,45622.0000,50,S,9.1100,9.1000,9.0900,9.0800,9.0700,9.1200,9.1300,9.1400,9.1500,9.1600,433,807,293,239,312,629,317,460,823,463
SZ,002386,2017-01-03 09:42:36,9.1200,2,3648.0000,4,B,9.1100,9.1000,9.0900,9.0800,9.0700,9.1200,9.1300,9.1400,9.1500,9.1600,433,806,293,239,312,649,317,450,823,463
SZ,002386,2017-01-03 09:42:39,9.1100,1,18220.0000,20,S,9.1100,9.1000,9.0900,9.0800,9.0700,9.1200,9.1300,9.1400,9.1500,9.1600,413,806,293,239,312,649,347,450,833,463
SZ,002386,2017-01-03 09:42:42,9.1100,2,10932.0000,12,S,9.1100,9.1000,9.0900,9.0800,9.0700,9.1200,9.1300,9.1400,9.1500,9.1600,401,806,303,239,312,667,347,450,828,463
SZ,002386,2017-01-03 09:42:45,9.1100,10,236880.0000,260,S,9.1100,9.1000,9.0900,9.0800,9.0700,9.1200,9.1300,9.1400,9.1500,9.1600,172,806,303,239,312,649,183,450,828,463
SZ,002386,2017-01-03 09:42:48,9.1100,15,166714.0000,183,S,9.1100,9.1000,9.0900,9.0800,9.0700,9.1200,9.1300,9.1400,9.1500,9.1600,316,806,303,239,312,710,193,441,830,463
SZ,002386,2017-01-03 09:42:51,9.1100,2,6378.0000,7,S,9.1100,9.1000,9.0900,9.0800,9.0700,9.1200,9.1300,9.1400,9.1500,9.1600,340,806,304,239,312,708,173,441,823,463
SZ,002386,2017-01-03 09:42:54,9.1100,5,142138.0000,156,S,9.1100,9.1000,9.0900,9.0800,9.0700,9.1200,9.1300,9.1400,9.1500,9.1600,206,809,304,239,312,728,173,441,823,463
SZ,002386,2017-01-03 09:42:57,9.1100,4,126648.0000,139,S,9.1100,9.1000,9.0900,9.0800,9.0700,9.1200,9.1300,9.1400,9.1500,9.1600,486,849,304,239,312,710,143,441,823,458
SZ,002386,2017-01-03 09:43:00,9.1200,1,9120.0000,10,B,9.1100,9.1000,9.0900,9.0800,9.0700,9.1200,9.1300,9.1400,9.1500,9.1600,486,929,304,239,312,715,108,441,823,458
SZ,002386,2017-01-03 09:43:03,9.1100,11,218740.0000,240,S,9.1100,9.1000,9.0900,9.0800,9.0700,9.1200,9.1300,9.1400,9.1500,9.1600,351,929,320,239,312,620,108,441,823,486
SZ,002386,2017-01-03 09:43:06,9.1100,3,33708.0000,37,S,9.1100,9.1000,9.0900,9.0800,9.0700,9.1200,9.1300,9.1400,9.1500,9.1600,521,934,350,239,312,619,108,441,823,518
SZ,002386,2017-01-03 09:43:09,9.1100,10,467848.0000,513,S,9.1100,9.1000,9.0900,9.0800,9.0700,9.1200,9.1300,9.1400,9.1500,9.1600,511,954,350,239,322,116,108,441,713,518
SZ,002386,2017-01-03 09:43:12,9.1200,5,28252.0000,31,B,9.1100,9.1000,9.0900,9.0800,9.0700,9.1200,9.1300,9.1400,9.1500,9.1600,492,986,350,239,322,104,108,446,713,518
SZ,002386,2017-01-03 09:43:15,9.1200,3,54720.0000,60,B,9.1100,9.1000,9.0900,9.0800,9.0700,9.1200,9.1300,9.1400,9.1500,9.1600,492,986,350,239,322,44,108,446,713,518
SZ,002386,2017-01-03 09:43:18,9.1200,6,43772.0000,48,B,9.1100,9.1000,9.0900,9.0800,9.0700,9.1200,9.1300,9.1400,9.1500,9.1600,497,1079,350,239,323,4,75,446,715,518
SZ,002386,2017-01-03 09:43:21,9.1200,4,26448.0000,29,B,9.1100,9.1000,9.0900,9.0800,9.0700,9.1200,9.1300,9.1400,9.1500,9.1600,515,1079,350,239,323,45,61,446,721,518
SZ,002386,2017-01-03 09:43:24,9.1200,4,47424.0000,52,B,9.1100,9.1000,9.0900,9.0800,9.0700,9.1200,9.1300,9.1400,9.1500,9.1600,515,1084,350,239,323,73,61,446,731,503
SZ,002386,2017-01-03 09:43:27,9.1200,5,94828.0000,104,B,9.1200,9.1100,9.1000,9.0900,9.0800,9.1300,9.1400,9.1500,9.1600,9.1700,426,526,1086,350,239,61,446,731,503,426
SZ,002386,2017-01-03 09:43:33,9.1300,5,129882.0000,143,B,9.1200,9.1100,9.1000,9.0900,9.0800,9.1300,9.1400,9.1500,9.1600,9.1700,376,732,1086,350,239,68,446,729,503,426
SZ,002386,2017-01-03 09:43:36,9.1300,1,1826.0000,2,B,9.1200,9.1100,9.1000,9.0900,9.0800,9.1300,9.1400,9.1500,9.1600,9.1700,428,732,1086,350,239,66,446,729,503,426
SZ,002386,2017-01-03 09:43:39,9.1300,9,54770.0000,60,B,9.1200,9.1100,9.1000,9.0900,9.0800,9.1300,9.1400,9.1500,9.1600,9.1700,438,732,1086,350,239,36,446,729,503,426
SZ,002386,2017-01-03 09:43:42,9.1300,5,27386.0000,30,B,9.1200,9.1100,9.1000,9.0900,9.0800,9.1300,9.1400,9.1500,9.1600,9.1700,435,732,1086,350,239,152,446,729,503,438
SZ,002386,2017-01-03 09:43:45,9.1200,2,7300.0000,8,S,9.1200,9.1100,9.1000,9.0900,9.0800,9.1300,9.1400,9.1500,9.1600,9.1700,430,732,1086,334,239,162,446,729,503,427
SZ,002386,2017-01-03 09:43:54,9.1300,3,62034.0000,68,B,9.1200,9.1100,9.1000,9.0900,9.0800,9.1300,9.1400,9.1500,9.1600,9.1700,686,738,1086,318,260,144,446,724,503,427
SZ,002386,2017-01-03 09:43:57,9.1200,4,44706.0000,49,S,9.1200,9.1100,9.1000,9.0900,9.0800,9.1300,9.1400,9.1500,9.1600,9.1700,668,758,1086,318,265,125,446,726,503,427
SZ,002386,2017-01-03 09:44:00,9.1200,3,20984.0000,23,S,9.1200,9.1100,9.1000,9.0900,9.0800,9.1300,9.1400,9.1500,9.1600,9.1700,658,788,1086,318,265,170,446,726,503,438
SZ,002386,2017-01-03 09:44:03,9.1400,12,308764.0000,338,B,9.1300,9.1200,9.1100,9.1000,9.0900,9.1400,9.1500,9.1600,9.1700,9.1800,100,658,793,1086,318,278,726,503,435,739
SZ,002386,2017-01-03 09:44:06,9.1200,5,101332.0000,111,S,9.1200,9.1100,9.1000,9.0900,9.0800,9.1300,9.1400,9.1500,9.1600,9.1700,668,788,1086,318,265,27,278,731,503,435
SZ,002386,2017-01-03 09:44:09,9.1300,2,24652.0000,27,B,9.1300,9.1200,9.1100,9.1000,9.0900,9.1400,9.1500,9.1600,9.1700,9.1800,60,705,788,1086,318,278,731,503,435,739
SZ,002386,2017-01-03 09:44:12,9.1300,1,912.0000,1,S,9.1300,9.1200,9.1100,9.1000,9.0900,9.1400,9.1500,9.1600,9.1700,9.1800,76,732,788,1086,318,282,731,499,435,739
SZ,002386,2017-01-03 09:44:15,9.1300,5,107834.0000,118,S,9.1300,9.1200,9.1100,9.1000,9.0900,9.1400,9.1500,9.1600,9.1700,9.1800,58,739,988,1086,318,182,731,499,438,739
SZ,002386,2017-01-03 09:44:18,9.1400,5,66690.0000,73,B,9.1300,9.1200,9.1100,9.1000,9.0900,9.1400,9.1500,9.1600,9.1700,9.1800,25,753,988,1086,318,167,731,499,438,739
SZ,002386,2017-01-03 09:44:24,9.1400,6,30136.0000,33,B,9.1300,9.1200,9.1100,9.1000,9.0900,9.1400,9.1500,9.1600,9.1700,9.1800,60,749,988,1086,318,176,736,499,438,739
SZ,002386,2017-01-03 09:44:27,9.1400,13,160864.0000,176,B,9.1400,9.1300,9.1200,9.1100,9.1000,9.1500,9.1600,9.1700,9.1800,9.1900,7,60,749,988,1086,708,499,438,740,218
SZ,002386,2017-01-03 09:44:30,9.1300,3,14616.0000,16,S,9.1300,9.1200,9.1100,9.1000,9.0900,9.1500,9.1600,9.1700,9.1800,9.1900,51,749,988,1086,318,708,509,438,740,218
SZ,002386,2017-01-03 09:44:33,9.1300,2,18268.0000,20,S,9.1300,9.1200,9.1100,9.1000,9.0900,9.1400,9.1500,9.1600,9.1700,9.1800,41,700,988,1086,318,1,718,509,468,740
SZ,002386,2017-01-03 09:44:36,9.1300,2,2740.0000,3,S,9.1300,9.1200,9.1100,9.1000,9.0900,9.1400,9.1500,9.1600,9.1700,9.1800,38,693,988,1086,318,1,721,509,468,740
SZ,002386,2017-01-03 09:44:39,9.1400,4,23748.0000,26,B,9.1400,9.1300,9.1200,9.1100,9.1000,9.1500,9.1600,9.1700,9.1800,9.1900,12,23,670,988,1086,786,509,468,760,218
SZ,002386,2017-01-03 09:44:42,9.1300,4,17360.0000,19,S,9.1300,9.1200,9.1100,9.1000,9.0900,9.1400,9.1500,9.1600,9.1700,9.1800,21,670,988,1102,318,103,786,509,468,760
SZ,002386,2017-01-03 09:44:45,9.1500,5,137148.0000,150,B,9.1300,9.1200,9.1100,9.1000,9.0900,9.1400,9.1500,9.1600,9.1700,9.1800,56,671,978,1102,318,6,744,489,468,760
SZ,002386,2017-01-03 09:44:48,9.1400,2,14624.0000,16,B,9.1400,9.1300,9.1200,9.1100,9.1000,9.1500,9.1600,9.1700,9.1800,9.1900,7,66,671,978,1097,669,489,468,760,218
SZ,002386,2017-01-03 09:44:51,9.1300,4,25570.0000,28,S,9.1300,9.1200,9.1100,9.1000,9.0900,9.1400,9.1500,9.1600,9.1700,9.1800,83,671,978,1097,318,41,684,494,468,760
SZ,002386,2017-01-03 09:44:54,9.1400,7,97802.0000,107,B,9.1300,9.1200,9.1100,9.1000,9.0900,9.1400,9.1500,9.1600,9.1700,9.1800,108,671,978,1006,318,88,679,494,468,760
SZ,002386,2017-01-03 09:44:57,9.1400,5,56668.0000,62,B,9.1300,9.1200,9.1100,9.1000,9.0900,9.1400,9.1500,9.1600,9.1700,9.1800,108,671,978,1006,318,173,675,504,468,760
SZ,002386,2017-01-03 09:45:00,9.1300,4,38348.0000,42,S,9.1300,9.1200,9.1100,9.1000,9.0900,9.1400,9.1500,9.1600,9.1700,9.1800,66,638,978,925,318,761,675,504,468,760
SZ,002386,2017-01-03 09:45:03,9.1400,5,53924.0000,59,B,9.1300,9.1200,9.1100,9.1000,9.0900,9.1400,9.1500,9.1600,9.1700,9.1800,101,638,978,927,318,702,726,484,468,760
SZ,002386,2017-01-03 09:45:06,9.1400,6,80398.0000,88,B,9.1300,9.1200,9.1100,9.1000,9.0900,9.1400,9.1500,9.1600,9.1700,9.1800,66,638,978,927,318,668,726,484,472,760
SZ,002386,2017-01-03 09:45:09,9.1300,13,260424.0000,285,S,9.1200,9.1100,9.1000,9.0900,9.0800,9.1300,9.1400,9.1500,9.1600,9.1700,629,988,927,318,265,222,449,726,484,472
SZ,002386,2017-01-03 09:45:12,9.1300,1,914.0000,1,B,9.1200,9.1100,9.1000,9.0900,9.0800,9.1300,9.1400,9.1500,9.1600,9.1700,629,988,927,318,265,229,475,743,484,479
SZ,002386,2017-01-03 09:45:15,9.1300,5,99500.0000,109,B,9.1200,9.1100,9.1000,9.0900,9.0800,9.1300,9.1400,9.1500,9.1600,9.1700,613,988,927,318,265,136,544,748,484,479
SZ,002386,2017-01-03 09:45:18,9.1300,1,21000.0000,23,B,9.1200,9.1100,9.1000,9.0900,9.0800,9.1300,9.1400,9.1500,9.1600,9.1700,613,988,927,318,265,113,636,748,491,479
SZ,002386,2017-01-03 09:45:21,9.1400,20,458104.0000,502,B,9.1200,9.1100,9.1000,9.0900,9.0800,9.1400,9.1500,9.1600,9.1700,9.1800,308,1048,927,318,270,552,748,491,494,750
SZ,002386,2017-01-03 09:45:24,9.1400,2,4568.0000,5,B,9.1300,9.1200,9.1100,9.1000,9.0900,9.1400,9.1500,9.1600,9.1700,9.1800,4,307,1048,927,318,541,743,491,494,750
SZ,002386,2017-01-03 09:45:27,9.1300,4,13696.0000,15,S,9.1200,9.1100,9.1000,9.0900,9.0800,9.1300,9.1400,9.1500,9.1600,9.1700,304,1068,927,318,270,36,546,743,491,474
SZ,002386,2017-01-03 09:45:30,9.1200,4,129728.0000,142,S,9.1200,9.1100,9.1000,9.0900,9.0800,9.1400,9.1500,9.1600,9.1700,9.1800,292,1068,927,318,264,452,743,491,481,750
SZ,002386,2017-01-03 09:45:33,9.1300,1,912.0000,1,B,9.1300,9.1200,9.1100,9.1000,9.0900,9.1400,9.1500,9.1600,9.1700,9.1800,5,292,1068,927,318,452,743,491,481,750
SZ,002386,2017-01-03 09:45:36,9.1300,2,27416.0000,30,S,9.1200,9.1100,9.1000,9.0900,9.0800,9.1300,9.1400,9.1500,9.1600,9.1700,292,1073,927,318,264,47,427,743,491,481
SZ,002386,2017-01-03 09:45:39,9.1200,2,63840.0000,70,S,9.1200,9.1100,9.1000,9.0900,9.0800,9.1300,9.1400,9.1500,9.1600,9.1700,222,1073,929,318,264,89,734,824,491,481
SZ,002386,2017-01-03 09:45:42,9.1300,3,59294.0000,65,B,9.1200,9.1100,9.1000,9.0900,9.0800,9.1300,9.1400,9.1500,9.1600,9.1700,172,1073,929,318,264,74,754,819,491,481
SZ,002386,2017-01-03 09:45:45,9.1200,1,1824.0000,2,S,9.1200,9.1100,9.1000,9.0900,9.0800,9.1300,9.1400,9.1500,9.1600,9.1700,191,1073,929,318,264,74,832,809,491,481
SZ,002386,2017-01-03 09:45:48,9.1200,1,912.0000,1,S,9.1200,9.1100,9.1000,9.0900,9.0800,9.1300,9.1400,9.1500,9.1600,9.1700,217,1075,929,318,264,102,832,806,491,481
SZ,002386,2017-01-03 09:45:51,9.1200,18,230410.0000,252,S,9.1100,9.1000,9.0900,9.0800,9.0700,9.1200,9.1300,9.1400,9.1500,9.1600,1075,929,318,264,303,314,83,836,806,491
SZ,002386,2017-01-03 09:45:54,9.1200,2,3648.0000,4,B,9.1100,9.1000,9.0900,9.0800,9.0700,9.1200,9.1300,9.1400,9.1500,9.1600,1075,929,318,264,323,389,233,782,816,491
SZ,002386,2017-01-03 09:45:57,9.1100,3,361668.0000,397,S,9.1100,9.1000,9.0900,9.0800,9.0700,9.1200,9.1300,9.1400,9.1500,9.1600,678,929,319,264,323,389,233,782,801,491
SZ,002386,2017-01-03 09:46:00,9.1100,6,156692.0000,172,S,9.1100,9.1000,9.0900,9.0800,9.0700,9.1200,9.1300,9.1400,9.1500,9.1600,506,928,319,264,323,397,233,782,801,491
SZ,002386,2017-01-03 09:46:03,9.1100,3,49192.0000,54,S,9.1100,9.1000,9.0900,9.0800,9.0700,9.1200,9.1300,9.1400,9.1500,9.1600,452,928,319,264,323,404,240,780,803,491
SZ,002386,2017-01-03 09:46:06,9.1100,10,197716.0000,217,S,9.1100,9.1000,9.0900,9.0800,9.0700,9.1200,9.1300,9.1400,9.1500,9.1600,262,930,319,264,323,397,229,780,803,491
SZ,002386,2017-01-03 09:46:09,9.1000,18,338816.0000,372,S,9.1000,9.0900,9.0800,9.0700,9.0600,9.1100,9.1200,9.1300,9.1400,9.1500,840,319,264,333,689,348,451,229,780,803
SZ,002386,2017-01-03 09:46:12,9.1100,4,42808.0000,47,B,9.1000,9.0900,9.0800,9.0700,9.0600,9.1100,9.1200,9.1300,9.1400,9.1500,830,319,264,333,689,498,451,228,800,803
SZ,002386,2017-01-03 09:46:15,9.1100,4,35520.0000,39,B,9.1000,9.0900,9.0800,9.0700,9.0600,9.1100,9.1200,9.1300,9.1400,9.1500,821,319,264,333,689,581,266,228,800,803
SZ,002386,2017-01-03 09:46:18,9.1000,6,47320.0000,52,S,9.1000,9.0900,9.0800,9.0700,9.0600,9.1100,9.1200,9.1300,9.1400,9.1500,775,319,241,333,689,581,266,234,800,798
SZ,002386,2017-01-03 09:46:21,9.1100,5,66492.0000,73,B,9.1000,9.0900,9.0800,9.0700,9.0600,9.1100,9.1200,9.1300,9.1400,9.1500,762,319,241,333,689,530,196,234,800,798
SZ,002386,2017-01-03 09:46:24,9.1100,17,171142.0000,188,B,9.1000,9.0900,9.0800,9.0700,9.0600,9.1100,9.1200,9.1300,9.1400,9.1500,635,319,241,333,690,296,196,234,805,798
SZ,002386,2017-01-03 09:46:27,9.1100,3,51926.0000,57,B,9.1000,9.0900,9.0800,9.0700,9.0600,9.1100,9.1200,9.1300,9.1400,9.1500,617,319,241,323,690,239,173,234,801,778
SZ,002386,2017-01-03 09:46:30,9.1000,11,284984.0000,313,S,9.1000,9.0900,9.0800,9.0700,9.0600,9.1100,9.1200,9.1300,9.1400,9.1500,458,319,241,323,690,61,173,234,799,803
SZ,002386,2017-01-03 09:46:33,9.1000,25,444096.0000,488,S,9.0900,9.0800,9.0700,9.0600,9.0500,9.1000,9.1100,9.1200,9.1300,9.1400,309,241,323,690,94,26,46,165,234,799
SZ,002386,2017-01-03 09:46:36,9.1000,2,11830.0000,13,B,9.0900,9.0800,9.0700,9.0600,9.0500,9.1000,9.1100,9.1200,9.1300,9.1400,309,241,323,690,94,23,46,165,234,799
SZ,002386,2017-01-03 09:46:39,9.0900,4,15458.0000,17,S,9.0900,9.0800,9.0700,9.0600,9.0500,9.1000,9.1100,9.1200,9.1300,9.1400,297,241,323,690,94,44,61,135,262,799
SZ,002386,2017-01-03 09:46:45,9.1000,11,59136.0000,65,B,9.0900,9.0800,9.0700,9.0600,9.0500,9.1000,9.1100,9.1200,9.1300,9.1400,285,343,323,705,94,6,98,135,282,576
SZ,002386,2017-01-03 09:46:48,9.0900,14,284520.0000,313,S,9.0800,9.0700,9.0600,9.0500,9.0400,9.0900,9.1000,9.1100,9.1200,9.1300,343,323,705,94,87,4,4,321,66,291
SZ,002386,2017-01-03 09:46:51,9.1000,5,149236.0000,164,B,9.1000,9.0800,9.0700,9.0600,9.0500,9.1100,9.1200,9.1300,9.1400,9.1500,389,343,323,705,94,511,115,291,576,803
SZ,002386,2017-01-03 09:46:54,9.1000,9,337000.0000,370,S,9.1000,9.0800,9.0700,9.0600,9.0500,9.1100,9.1200,9.1300,9.1400,9.1500,350,343,323,705,94,211,115,291,576,803
SZ,002386,2017-01-03 09:46:57,9.1000,3,89180.0000,98,S,9.1000,9.0900,9.0800,9.0700,9.0600,9.1100,9.1200,9.1300,9.1400,9.1500,252,20,629,333,705,211,115,291,576,803
SZ,002386,2017-01-03 09:47:00,9.1000,5,140140.0000,154,S,9.1000,9.0900,9.0800,9.0700,9.0600,9.1100,9.1200,9.1300,9.1400,9.1500,118,27,619,333,705,256,115,291,276,796
SZ,002386,2017-01-03 09:47:03,9.1000,10,85548.0000,94,S,9.1000,9.0900,9.0800,9.0700,9.0600,9.1100,9.1200,9.1300,9.1400,9.1500,10,59,619,333,705,250,115,291,276,796
SZ,002386,2017-01-03 09:47:06,9.0900,21,370652.0000,408,S,9.0900,9.0800,9.0700,9.0600,9.0500,9.1000,9.1100,9.1200,9.1300,9.1400,37,372,333,705,94,772,250,115,291,276
SZ,002386,2017-01-03 09:47:12,9.1000,9,222860.0000,245,B,9.0800,9.0700,9.0600,9.0500,9.0400,9.0900,9.1000,9.1100,9.1200,9.1300,372,333,715,104,87,24,717,250,115,491
SZ,002386,2017-01-03 09:47:15,9.0800,1,9080.0000,10,S,9.0800,9.0700,9.0600,9.0500,9.0400,9.0900,9.1000,9.1100,9.1200,9.1300,362,333,715,104,87,44,717,100,115,491
SZ,002386,2017-01-03 09:47:18,9.0800,5,46328.0000,51,S,9.0800,9.0700,9.0600,9.0500,9.0400,9.0900,9.1000,9.1100,9.1200,9.1300,333,333,715,114,87,37,740,100,115,491
SZ,002386,2017-01-03 09:47:21,9.0900,11,87264.0000,96,B,9.0800,9.0700,9.0600,9.0500,9.0400,9.0900,9.1000,9.1100,9.1200,9.1300,365,333,715,114,87,34,820,100,115,492
SZ,002386,2017-01-03 09:47:24,9.0900,6,194368.0000,214,B,9.0900,9.0800,9.0700,9.0600,9.0500,9.1000,9.1100,9.1200,9.1300,9.1400,69,232,333,715,114,790,100,115,472,276
SZ,002386,2017-01-03 09:47:27,9.0900,3,49992.0000,55,S,9.0900,9.0800,9.0700,9.0600,9.0500,9.1000,9.1100,9.1200,9.1300,9.1400,17,232,333,715,114,790,55,177,472,326
SZ,002386,2017-01-03 09:47:30,9.0900,5,25456.0000,28,S,9.0900,9.0800,9.0700,9.0600,9.0500,9.1000,9.1100,9.1200,9.1300,9.1400,6,232,353,715,114,790,55,177,472,326
SZ,002386,2017-01-03 09:47:33,9.0900,1,5452.0000,6,S,9.0800,9.0700,9.0600,9.0500,9.0400,9.0900,9.1000,9.1100,9.1200,9.1300,242,353,715,95,87,48,799,55,177,442
SZ,002386,2017-01-03 09:47:39,9.0900,8,63620.0000,70,B,9.0800,9.0700,9.0600,9.0500,9.0400,9.0900,9.1000,9.1100,9.1200,9.1300,242,353,715,95,87,55,469,55,177,442
SZ,002386,2017-01-03 09:47:42,9.0700,13,239712.0000,264,S,9.0700,9.0600,9.0500,9.0400,9.0300,9.0800,9.0900,9.1000,9.1100,9.1200,343,715,95,87,59,100,252,469,55,177
SZ,002386,2017-01-03 09:47:45,9.0700,14,277552.0000,306,S,9.0700,9.0600,9.0500,9.0400,9.0300,9.0800,9.0900,9.1000,9.1100,9.1200,47,715,95,87,59,95,252,400,55,177
SZ,002386,2017-01-03 09:47:51,9.0700,3,34476.0000,38,S,9.0600,9.0500,9.0400,9.0300,9.0200,9.0700,9.0800,9.0900,9.1000,9.1100,715,95,87,59,243,13,173,263,400,55
SZ,002386,2017-01-03 09:47:54,9.0600,16,747564.0000,825,S,9.0500,9.0400,9.0300,9.0200,9.0100,9.0600,9.0700,9.0800,9.0900,9.1000,95,37,59,243,800,487,20,168,263,400
SZ,002386,2017-01-03 09:47:57,9.0500,4,9956.0000,11,S,9.0500,9.0400,9.0300,9.0200,9.0100,9.0600,9.0700,9.0800,9.0900,9.1000,84,37,59,243,800,549,91,168,263,394
SZ,002386,2017-01-03 09:48:00,9.0500,15,78740.0000,87,S,9.0400,9.0300,9.0200,9.0100,9.0000,9.0500,9.0600,9.0700,9.0800,9.0900,37,59,243,800,735,16,546,94,168,278
SZ,002386,2017-01-03 09:48:03,9.0400,3,25340.0000,28,S,9.0400,9.0300,9.0200,9.0100,9.0000,9.0500,9.0600,9.0700,9.0800,9.0900,32,84,273,800,715,16,539,94,163,288
SZ,002386,2017-01-03 09:48:06,9.0400,10,54292.0000,60,S,9.0400,9.0300,9.0200,9.0100,9.0000,9.0600,9.0700,9.0800,9.0900,9.1000,22,104,273,800,715,189,94,163,288,376
SZ,002386,2017-01-03 09:48:09,9.0300,5,31636.0000,35,S,9.0400,9.0300,9.0200,9.0100,9.0000,9.0500,9.0600,9.0700,9.0800,9.0900,70,196,273,800,715,59,189,94,163,288
SZ,002386,2017-01-03 09:48:12,9.0500,1,9048.0000,10,B,9.0400,9.0300,9.0200,9.0100,9.0000,9.0500,9.0600,9.0700,9.0800,9.0900,83,196,277,800,715,64,189,108,163,288
SZ,002386,2017-01-03 09:48:15,9.0500,4,20800.0000,23,B,9.0400,9.0300,9.0200,9.0100,9.0000,9.0500,9.0600,9.0700,9.0800,9.0900,159,204,277,800,715,117,189,108,84,288
SZ,002386,2017-01-03 09:48:18,9.0400,2,40680.0000,45,S,9.0400,9.0300,9.0200,9.0100,9.0000,9.0500,9.0600,9.0700,9.0800,9.0900,179,253,321,800,665,142,187,88,54,288
SZ,002386,2017-01-03 09:48:21,9.0500,1,1812.0000,2,B,9.0400,9.0300,9.0200,9.0100,9.0000,9.0500,9.0600,9.0700,9.0800,9.0900,189,283,411,800,674,160,127,88,54,288
SZ,002386,2017-01-03 09:48:24,9.0500,13,154752.0000,171,B,9.0500,9.0400,9.0300,9.0200,9.0100,9.0600,9.0700,9.0800,9.0900,9.1000,16,212,283,311,800,127,88,54,288,140
SZ,002386,2017-01-03 09:48:27,9.0500,4,15384.0000,17,S,9.0500,9.0400,9.0300,9.0200,9.0100,9.0600,9.0700,9.0800,9.0900,9.1000,11,212,283,314,800,130,28,54,288,140
SZ,002386,2017-01-03 09:48:30,9.0500,1,9052.0000,10,S,9.0500,9.0400,9.0300,9.0200,9.0100,9.0600,9.0700,9.0800,9.0900,9.1000,147,212,283,676,800,130,28,94,288,140
SZ,002386,2017-01-03 09:48:33,9.0500,8,96836.0000,107,S,9.0500,9.0400,9.0300,9.0200,9.0100,9.0600,9.0700,9.0800,9.0900,9.1000,185,469,263,794,800,130,17,94,88,140
SZ,002386,2017-01-03 09:48:36,9.0600,8,176496.0000,195,B,9.0500,9.0400,9.0300,9.0200,9.0100,9.0600,9.0700,9.0800,9.0900,9.1000,96,477,263,794,807,107,17,94,88,140
SZ,002386,2017-01-03 09:48:39,9.0600,7,37108.0000,41,B,9.0500,9.0400,9.0300,9.0200,9.0100,9.0600,9.0700,9.0800,9.0900,9.1000,57,477,263,794,807,105,17,96,97,140
SZ,002386,2017-01-03 09:48:42,9.0600,10,117668.0000,130,B,9.0500,9.0400,9.0300,9.0200,9.0100,9.0600,9.0700,9.0800,9.0900,9.1000,29,472,275,797,807,65,17,96,97,140
SZ,002386,2017-01-03 09:48:45,9.0500,4,24456.0000,27,S,9.0500,9.0400,9.0300,9.0200,9.0100,9.0600,9.0700,9.0800,9.0900,9.1000,161,470,293,803,807,44,17,156,97,141
SZ,002386,2017-01-03 09:48:48,9.0500,14,92348.0000,102,S,9.0500,9.0400,9.0300,9.0200,9.0100,9.0700,9.0800,9.0900,9.1000,9.1100,100,470,293,813,807,17,156,97,141,35
SZ,002386,2017-01-03 09:48:51,9.0600,1,9060.0000,10,B,9.0500,9.0400,9.0300,9.0200,9.0100,9.0700,9.0800,9.0900,9.1000,9.1100,160,470,293,813,807,17,156,105,141,35
SZ,002386,2017-01-03 09:48:54,9.0600,5,58848.0000,65,B,9.0500,9.0400,9.0300,9.0200,9.0100,9.0600,9.0700,9.0800,9.0900,9.1000,144,470,293,819,807,4,32,156,105,141
SZ,002386,2017-01-03 09:48:57,9.0600,2,7248.0000,8,B,9.0600,9.0500,9.0400,9.0300,9.0200,9.0700,9.0800,9.0900,9.1000,9.1100,10,144,470,293,819,32,146,105,141,35
SZ,002386,2017-01-03 09:49:00,9.0600,1,908.0000,1,S,9.0600,9.0500,9.0400,9.0300,9.0200,9.0700,9.0800,9.0900,9.1000,9.1100,21,174,712,293,819,32,146,105,141,35
SZ,002386,2017-01-03 09:49:03,9.0600,7,55252.0000,61,S,9.0600,9.0500,9.0400,9.0300,9.0200,9.0700,9.0800,9.0900,9.1000,9.1100,22,159,742,293,782,49,146,135,141,35
SZ,002386,2017-01-03 09:49:06,9.0700,4,17224.0000,19,B,9.0600,9.0500,9.0400,9.0300,9.0200,9.0700,9.0800,9.0900,9.1000,9.1100,39,231,752,293,787,41,146,147,141,35
SZ,002386,2017-01-03 09:49:09,9.0600,2,11784.0000,13,S,9.0600,9.0500,9.0400,9.0300,9.0200,9.0700,9.0800,9.0900,9.1000,9.1100,149,231,744,293,890,31,146,147,141,35
SZ,002386,2017-01-03 09:49:12,9.0600,1,6344.0000,7,S,9.0600,9.0500,9.0400,9.0300,9.0200,9.0700,9.0800,9.0900,9.1000,9.1100,282,241,744,293,892,31,146,147,141,35
SZ,002386,2017-01-03 09:49:15,9.0700,3,8164.0000,9,B,9.0600,9.0500,9.0400,9.0300,9.0200,9.0700,9.0800,9.0900,9.1000,9.1100,282,241,746,293,892,22,146,147,141,35
SZ,002386,2017-01-03 09:49:18,9.0700,9,128664.0000,142,B,9.0600,9.0500,9.0400,9.0300,9.0200,9.0700,9.0800,9.0900,9.1000,9.1100,160,240,807,293,892,10,146,147,141,35
SZ,002386,2017-01-03 09:49:21,9.0700,5,19044.0000,21,B,9.0600,9.0500,9.0400,9.0300,9.0200,9.0700,9.0800,9.0900,9.1000,9.1100,190,270,797,293,892,29,144,147,141,35
SZ,002386,2017-01-03 09:49:24,9.0700,2,30840.0000,34,B,9.0700,9.0600,9.0500,9.0400,9.0300,9.0800,9.0900,9.1000,9.1100,9.1200,96,195,275,797,293,144,147,141,35,182
SZ,002386,2017-01-03 09:49:27,9.0600,10,140560.0000,155,S,9.0700,9.0600,9.0500,9.0400,9.0300,9.0800,9.0900,9.1000,9.1100,9.1200,47,198,275,777,293,144,147,151,35,182
SZ,002386,2017-01-03 09:49:33,9.0600,8,243344.0000,269,S,9.0600,9.0500,9.0400,9.0300,9.0200,9.0800,9.0900,9.1000,9.1100,9.1200,204,275,777,293,894,206,147,151,35,182
SZ,002386,2017-01-03 09:49:36,9.0800,4,80812.0000,89,B,9.0700,9.0600,9.0500,9.0400,9.0300,9.0800,9.0900,9.1000,9.1100,9.1200,5,204,275,777,293,117,147,161,35,182
SZ,002386,2017-01-03 09:49:39,9.0700,4,19972.0000,22,S,9.0700,9.0600,9.0500,9.0400,9.0300,9.0800,9.0900,9.1000,9.1100,9.1200,50,220,351,777,293,100,157,161,35,182
SZ,002386,2017-01-03 09:49:42,9.0700,2,10892.0000,12,S,9.0700,9.0600,9.0500,9.0400,9.0300,9.0800,9.0900,9.1000,9.1100,9.1200,203,220,351,777,293,93,157,161,35,182
SZ,002386,2017-01-03 09:49:45,9.0800,4,64400.0000,71,B,9.0700,9.0600,9.0500,9.0400,9.0300,9.0800,9.0900,9.1000,9.1100,9.1200,363,230,351,767,337,124,157,161,35,182
SZ,002386,2017-01-03 09:49:48,9.0700,2,16328.0000,18,S,9.0700,9.0600,9.0500,9.0400,9.0300,9.0800,9.0900,9.1000,9.1100,9.1200,500,280,352,765,328,121,157,161,35,182
SZ,002386,2017-01-03 09:49:51,9.0800,3,54476.0000,60,B,9.0700,9.0600,9.0500,9.0400,9.0300,9.0800,9.0900,9.1000,9.1100,9.1200,497,280,352,765,328,84,157,161,35,182
SZ,002386,2017-01-03 09:49:54,9.0800,5,92536.0000,102,B,9.0700,9.0600,9.0500,9.0400,9.0300,9.0800,9.0900,9.1000,9.1100,9.1200,429,330,352,765,328,64,157,163,35,182
SZ,002386,2017-01-03 09:49:57,9.0800,4,20884.0000,23,B,9.0700,9.0600,9.0500,9.0400,9.0300,9.0800,9.0900,9.1000,9.1100,9.1200,429,330,297,765,328,41,157,163,35,182
SZ,002386,2017-01-03 09:50:00,9.0800,5,37228.0000,41,B,9.0800,9.0700,9.0600,9.0500,9.0400,9.0900,9.1000,9.1100,9.1200,9.1300,2,534,339,297,765,157,120,35,182,428
SZ,002386,2017-01-03 09:50:03,9.0800,4,10892.0000,12,S,9.0800,9.0700,9.0600,9.0500,9.0400,9.0900,9.1000,9.1100,9.1200,9.1300,48,532,359,297,765,157,120,35,182,428
SZ,002386,2017-01-03 09:50:06,9.0800,4,49940.0000,55,S,9.0800,9.0700,9.0600,9.0500,9.0400,9.0900,9.1000,9.1100,9.1200,9.1300,96,532,359,297,765,157,125,35,182,428
SZ,002386,2017-01-03 09:50:12,9.0900,13,189924.0000,209,B,9.0900,9.0800,9.0700,9.0600,9.0500,9.1000,9.1100,9.1200,9.1300,9.1400,16,178,532,329,295,125,35,183,428,216
SZ,002386,2017-01-03 09:50:15,9.0800,2,39060.0000,43,S,9.0800,9.0700,9.0600,9.0500,9.0400,9.1000,9.1100,9.1200,9.1300,9.1400,160,532,359,295,765,125,35,183,428,216
SZ,002386,2017-01-03 09:50:21,9.0800,8,79916.0000,88,S,9.0800,9.0700,9.0600,9.0500,9.0400,9.1000,9.1100,9.1200,9.1300,9.1400,90,427,293,280,765,125,65,183,428,216
SZ,002386,2017-01-03 09:50:30,9.0900,3,35452.0000,39,S,9.0900,9.0800,9.0700,9.0600,9.0500,9.1000,9.1100,9.1200,9.1300,9.1400,73,245,432,273,295,169,65,214,428,216
SZ,002386,2017-01-03 09:50:33,9.0900,3,48176.0000,53,S,9.0900,9.0800,9.0700,9.0600,9.0500,9.1000,9.1100,9.1200,9.1300,9.1400,20,245,432,273,295,169,165,214,428,216
SZ,002386,2017-01-03 09:50:36,9.0800,3,39064.0000,43,S,9.0800,9.0700,9.0600,9.0500,9.0400,9.0900,9.1000,9.1100,9.1200,9.1300,222,442,273,580,765,45,169,165,214,428
SZ,002386,2017-01-03 09:50:39,9.0900,7,88140.0000,97,B,9.0800,9.0700,9.0600,9.0500,9.0400,9.0900,9.1000,9.1100,9.1200,9.1300,188,543,273,580,765,207,169,172,214,429
SZ,002386,2017-01-03 09:50:42,9.0900,3,58176.0000,64,B,9.0800,9.0700,9.0600,9.0500,9.0400,9.0900,9.1000,9.1100,9.1200,9.1300,208,543,268,580,745,148,169,172,214,429
SZ,002386,2017-01-03 09:50:45,9.1300,37,1031860.0000,1132,B,9.1300,9.0900,9.0800,9.0700,9.0600,9.1400,9.1500,9.1600,9.1700,9.1800,1016,56,218,553,268,211,761,697,511,782
SZ,002386,2017-01-03 09:50:48,9.1300,2,72128.0000,79,S,9.1300,9.1100,9.0900,9.0800,9.0700,9.1400,9.1500,9.1600,9.1700,9.1800,937,158,56,218,323,211,761,697,511,782
SZ,002386,2017-01-03 09:50:54,9.1300,3,63932.0000,70,S,9.1300,9.1100,9.1000,9.0900,9.0800,9.1400,9.1500,9.1600,9.1700,9.1800,891,158,10,56,255,187,761,697,511,782
SZ,002386,2017-01-03 09:50:57,9.1300,2,488456.0000,535,S,9.1300,9.1100,9.1000,9.0900,9.0800,9.1400,9.1500,9.1600,9.1700,9.1800,356,158,10,56,255,187,761,497,511,782
SZ,002386,2017-01-03 09:51:00,9.1300,3,77604.0000,85,S,9.1300,9.1100,9.1000,9.0900,9.0800,9.1400,9.1500,9.1600,9.1700,9.1800,271,158,10,56,255,215,728,447,511,782
SZ,002386,2017-01-03 09:51:03,9.1300,7,265684.0000,291,S,9.1100,9.1000,9.0900,9.0800,9.0700,9.1300,9.1400,9.1500,9.1600,9.1700,158,10,56,255,343,300,225,728,447,511
SZ,002386,2017-01-03 09:51:06,9.1300,1,9128.0000,10,B,9.1100,9.1000,9.0900,9.0800,9.0700,9.1300,9.1400,9.1500,9.1600,9.1700,158,10,56,255,343,480,240,726,447,511
SZ,002386,2017-01-03 09:51:09,9.1100,2,90188.0000,99,S,9.1100,9.1000,9.0900,9.0800,9.0700,9.1200,9.1300,9.1400,9.1500,9.1600,59,10,56,255,343,5,912,240,698,447
SZ,002386,2017-01-03 09:51:12,9.1100,2,13668.0000,15,S,9.1100,9.1000,9.0900,9.0800,9.0700,9.1200,9.1300,9.1400,9.1500,9.1600,44,10,56,245,343,105,930,250,683,447
SZ,002386,2017-01-03 09:51:15,9.1500,48,1866540.0000,2044,B,9.1000,9.0900,9.0800,9.0700,9.0600,9.1200,9.1500,9.1600,9.1700,9.1800,10,264,245,343,268,10,301,447,511,782
SZ,002386,2017-01-03 09:51:18,9.1400,2,17344.0000,19,B,9.1000,9.0900,9.0800,9.0700,9.0600,9.1200,9.1500,9.1600,9.1700,9.1800,10,269,177,343,268,21,298,447,516,782
SZ,002386,2017-01-03 09:51:21,9.1100,5,91944.0000,101,S,9.1100,9.0900,9.0800,9.0700,9.0600,9.1200,9.1500,9.1600,9.1700,9.1800,22,239,177,343,268,41,333,447,516,782
SZ,002386,2017-01-03 09:51:24,9.1200,3,27360.0000,30,B,9.1100,9.0900,9.0800,9.0700,9.0600,9.1200,9.1400,9.1500,9.1600,9.1700,22,243,357,343,268,11,90,333,423,616
SZ,002386,2017-01-03 09:51:27,9.1100,1,20040.0000,22,S,9.0900,9.0800,9.0700,9.0600,9.0500,9.1000,9.1100,9.1200,9.1400,9.1500,343,359,343,298,570,37,1000,305,110,358
SZ,002386,2017-01-03 09:51:30,9.1100,2,42780.0000,47,B,9.1000,9.0900,9.0800,9.0700,9.0600,9.1100,9.1200,9.1400,9.1500,9.1600,13,343,359,343,298,990,305,169,358,423
SZ,002386,2017-01-03 09:51:36,9.1100,3,221368.0000,243,B,9.1000,9.0900,9.0800,9.0700,9.0600,9.1100,9.1200,9.1300,9.1400,9.1500,19,353,359,343,298,758,294,5,169,410
SZ,002386,2017-01-03 09:51:39,9.1100,4,315204.0000,346,B,9.1000,9.0900,9.0800,9.0700,9.0600,9.1100,9.1200,9.1300,9.1400,9.1500,17,416,359,343,298,414,294,5,182,410
SZ,002386,2017-01-03 09:51:42,9.1200,6,664436.0000,729,B,9.1200,9.1000,9.0900,9.0800,9.0700,9.1300,9.1400,9.1500,9.1600,9.1700,1271,377,426,359,343,5,182,410,465,586
SZ,002386,2017-01-03 09:51:45,9.1200,1,1824.0000,2,S,9.1200,9.1100,9.1000,9.0900,9.0800,9.1300,9.1400,9.1500,9.1600,9.1700,1269,5,378,426,359,407,154,419,465,597
SZ,002386,2017-01-03 09:51:48,9.1200,5,77532.0000,85,S,9.1200,9.1100,9.1000,9.0900,9.0800,9.1300,9.1400,9.1500,9.1600,9.1700,1199,25,588,426,359,432,191,419,465,597
SZ,002386,2017-01-03 09:51:51,9.1200,1,18240.0000,20,S,9.1200,9.1100,9.1000,9.0900,9.0800,9.1300,9.1400,9.1500,9.1600,9.1700,1179,25,588,426,360,432,191,419,473,597
SZ,002386,2017-01-03 09:51:54,9.1300,6,230932.0000,253,B,9.1200,9.1100,9.1000,9.0900,9.0800,9.1300,9.1400,9.1500,9.1600,9.1700,1119,35,598,426,360,239,191,439,468,597
SZ,002386,2017-01-03 09:51:57,9.1200,2,50204.0000,55,S,9.1200,9.1100,9.1000,9.0900,9.0800,9.1300,9.1400,9.1500,9.1600,9.1700,1109,35,598,373,360,194,211,439,468,597
SZ,002386,2017-01-03 09:52:00,9.1300,2,100328.0000,110,B,9.1200,9.1100,9.1000,9.0900,9.0800,9.1300,9.1400,9.1500,9.1600,9.1700,1009,35,597,393,360,184,211,439,468,597
SZ,002386,2017-01-03 09:52:03,9.1300,6,31952.0000,35,B,9.1200,9.1100,9.1000,9.0900,9.0800,9.1300,9.1400,9.1500,9.1600,9.1700,1002,35,597,393,360,186,216,439,468,594
SZ,002386,2017-01-03 09:52:06,9.1300,2,23736.0000,26,B,9.1200,9.1100,9.1000,9.0900,9.0800,9.1300,9.1400,9.1500,9.1600,9.1700,1002,35,597,403,340,169,204,439,468,599
SZ,002386,2017-01-03 09:52:09,9.1300,1,31040.0000,34,B,9.1200,9.1100,9.1000,9.0900,9.0800,9.1300,9.1400,9.1500,9.1600,9.1700,1002,38,797,403,340,138,204,439,468,599
SZ,002386,2017-01-03 09:52:12,9.1300,5,83996.0000,92,B,9.1200,9.1100,9.1000,9.0900,9.0800,9.1300,9.1400,9.1500,9.1600,9.1700,1000,38,797,403,380,148,187,415,495,599
SZ,002386,2017-01-03 09:52:15,9.1300,7,113180.0000,124,B,9.1200,9.1100,9.1000,9.0900,9.0800,9.1300,9.1400,9.1500,9.1600,9.1700,970,38,785,403,380,77,187,415,495,599
SZ,002386,2017-01-03 09:52:18,9.1300,3,66600.0000,73,B,9.1200,9.1100,9.1000,9.0900,9.0800,9.1300,9.1400,9.1500,9.1600,9.1700,920,64,785,403,371,104,187,415,500,599
SZ,002386,2017-01-03 09:52:21,9.1200,3,14608.0000,16,S,9.1200,9.1100,9.1000,9.0900,9.0800,9.1300,9.1400,9.1500,9.1600,9.1700,919,64,785,403,371,122,187,415,500,599
SZ,002386,2017-01-03 09:52:24,9.1200,2,838128.0000,919,S,9.1100,9.1000,9.0900,9.0800,9.0700,9.1200,9.1300,9.1400,9.1500,9.1600,64,785,403,371,329,92,159,187,415,500
SZ,002386,2017-01-03 09:52:27,9.1200,3,36480.0000,40,B,9.1100,9.1000,9.0900,9.0800,9.0700,9.1200,9.1300,9.1400,9.1500,9.1600,64,785,303,371,329,68,188,150,415,500
SZ,002386,2017-01-03 09:52:30,9.1200,1,2736.0000,3,B,9.1100,9.1000,9.0900,9.0800,9.0700,9.1200,9.1300,9.1400,9.1500,9.1600,64,785,303,371,178,105,189,162,417,500
SZ,002386,2017-01-03 09:52:33,9.1100,4,21864.0000,24,S,9.1100,9.1000,9.0900,9.0800,9.0700,9.1200,9.1300,9.1400,9.1500,9.1600,51,785,303,386,178,125,186,162,417,500
SZ,002386,2017-01-03 09:52:36,9.1200,1,27360.0000,30,B,9.1100,9.1000,9.0900,9.0800,9.0700,9.1200,9.1300,9.1400,9.1500,9.1600,51,785,303,386,178,109,186,172,417,500
SZ,002386,2017-01-03 09:52:39,9.1200,6,41928.0000,46,B,9.1100,9.1000,9.0900,9.0800,9.0700,9.1200,9.1300,9.1400,9.1500,9.1600,125,790,303,386,178,93,186,172,624,500
SZ,002386,2017-01-03 09:52:42,9.1100,7,113872.0000,125,S,9.1000,9.0900,9.0800,9.0700,9.0600,9.1100,9.1200,9.1300,9.1400,9.1500,790,303,401,178,278,84,93,186,172,624
SZ,002386,2017-01-03 09:52:45,9.1100,6,78348.0000,86,B,9.1100,9.1000,9.0900,9.0800,9.0700,9.1200,9.1300,9.1400,9.1500,9.1600,39,976,303,401,237,93,173,173,624,500
SZ,002386,2017-01-03 09:52:48,9.1200,10,91200.0000,100,B,9.1200,9.1100,9.1000,9.0900,9.0800,9.1300,9.1400,9.1500,9.1600,9.1700,1900,39,976,303,401,173,173,624,500,599
SZ,002386,2017-01-03 09:52:51,9.1300,1,912.0000,1,B,9.1200,9.1100,9.1000,9.0900,9.0800,9.1300,9.1400,9.1500,9.1600,9.1700,1900,59,1127,303,401,172,173,624,490,599
SZ,002386,2017-01-03 09:52:54,9.1200,4,52900.0000,58,S,9.1200,9.1100,9.1000,9.0900,9.0800,9.1300,9.1400,9.1500,9.1600,9.1700,1844,59,1127,303,401,125,173,624,490,599
SZ,002386,2017-01-03 09:52:57,9.1300,2,17336.0000,19,B,9.1200,9.1100,9.1000,9.0900,9.0800,9.1300,9.1400,9.1500,9.1600,9.1700,1834,59,1127,303,401,144,173,624,490,586
SZ,002386,2017-01-03 09:53:00,9.1300,10,114968.0000,126,B,9.1200,9.1100,9.1000,9.0900,9.0800,9.1300,9.1400,9.1500,9.1600,9.1700,1765,59,1127,303,403,87,183,624,490,586
SZ,002386,2017-01-03 09:53:03,9.1200,1,912.0000,1,S,9.1200,9.1100,9.1000,9.0900,9.0800,9.1300,9.1400,9.1500,9.1600,9.1700,1764,59,1127,303,403,92,183,624,490,586
SZ,002386,2017-01-03 09:53:06,9.1300,2,7304.0000,8,B,9.1200,9.1100,9.1000,9.0900,9.0800,9.1300,9.1400,9.1500,9.1600,9.1700,1764,59,1128,333,403,87,223,615,490,586
SZ,002386,2017-01-03 09:53:09,9.1200,2,5288.0000,6,S,9.1200,9.1100,9.1000,9.0900,9.0800,9.1300,9.1400,9.1500,9.1600,9.1700,1758,59,1132,333,403,95,223,616,497,603
SZ,002386,2017-01-03 09:53:15,9.1200,6,47472.0000,52,S,9.1200,9.1100,9.1000,9.0900,9.0800,9.1300,9.1400,9.1500,9.1600,9.1700,1755,59,1165,333,372,521,280,589,497,640
SZ,002386,2017-01-03 09:53:18,9.1200,5,420448.0000,461,S,9.1200,9.1100,9.1000,9.0900,9.0800,9.1300,9.1400,9.1500,9.1600,9.1700,1311,59,1165,333,372,511,280,592,497,640
SZ,002386,2017-01-03 09:53:21,9.1200,3,29192.0000,32,S,9.1200,9.1100,9.1000,9.0900,9.0800,9.1300,9.1400,9.1500,9.1600,9.1700,1289,59,1165,333,372,501,280,592,497,640
SZ,002386,2017-01-03 09:53:24,9.1300,8,40176.0000,44,B,9.1200,9.1100,9.1000,9.0900,9.0800,9.1300,9.1400,9.1500,9.1600,9.1700,1289,59,1165,333,372,458,280,592,497,613
SZ,002386,2017-01-03 09:53:27,9.1200,4,35588.0000,39,S,9.1200,9.1100,9.1000,9.0900,9.0800,9.1300,9.1400,9.1500,9.1600,9.1700,1273,59,1165,333,372,480,280,592,497,613
SZ,002386,2017-01-03 09:53:30,9.1200,3,124052.0000,136,S,9.1200,9.1100,9.1000,9.0900,9.0800,9.1300,9.1400,9.1500,9.1600,9.1700,1158,59,1014,333,372,479,280,590,497,613
SZ,002386,2017-01-03 09:53:33,9.1200,1,4560.0000,5,S,9.1200,9.1100,9.1000,9.0900,9.0800,9.1300,9.1400,9.1500,9.1600,9.1700,1153,59,1014,333,372,480,280,590,502,613
SZ,002386,2017-01-03 09:53:36,9.1200,2,23720.0000,26,S,9.1200,9.1100,9.1000,9.0900,9.0800,9.1300,9.1400,9.1500,9.1600,9.1700,1133,59,1014,333,372,514,280,590,504,613
SZ,002386,2017-01-03 09:53:39,9.1200,2,20064.0000,22,S,9.1200,9.1100,9.1000,9.0900,9.0800,9.1300,9.1400,9.1500,9.1600,9.1700,1111,59,1018,333,372,512,280,590,504,613
SZ,002386,2017-01-03 09:53:42,9.1200,4,119476.0000,131,S,9.1200,9.1100,9.1000,9.0900,9.0800,9.1300,9.1400,9.1500,9.1600,9.1700,1004,59,1018,333,422,508,280,590,504,613
SZ,002386,2017-01-03 09:53:45,9.1200,5,342924.0000,376,S,9.1200,9.1100,9.1000,9.0900,9.0800,9.1300,9.1400,9.1500,9.1600,9.1700,638,109,1018,333,422,497,280,590,499,613
SZ,002386,2017-01-03 09:53:48,9.1200,3,257184.0000,282,S,9.1200,9.1100,9.1000,9.0900,9.0800,9.1300,9.1400,9.1500,9.1600,9.1700,356,109,1018,333,422,507,280,595,499,613
SZ,002386,2017-01-03 09:53:51,9.1300,6,261948.0000,287,B,9.1200,9.1100,9.1000,9.0900,9.0800,9.1300,9.1400,9.1500,9.1600,9.1700,276,109,1018,333,422,300,280,595,491,613
SZ,002386,2017-01-03 09:53:54,9.1200,4,173280.0000,190,S,9.1200,9.1100,9.1000,9.0900,9.0800,9.1300,9.1400,9.1500,9.1600,9.1700,86,109,1018,333,422,300,280,595,521,613
SZ,002386,2017-01-03 09:53:57,9.1200,4,54720.0000,60,S,9.1200,9.1100,9.1000,9.0900,9.0800,9.1300,9.1400,9.1500,9.1600,9.1700,26,109,1018,333,422,308,280,595,521,613
SZ,002386,2017-01-03 09:54:00,9.1200,5,23896.0000,26,S,9.1100,9.1000,9.0900,9.0800,9.0700,9.1200,9.1300,9.1400,9.1500,9.1600,109,1029,333,422,136,1,308,280,606,521
SZ,002386,2017-01-03 09:54:06,9.1100,1,32796.0000,36,S,9.1100,9.1000,9.0900,9.0800,9.0700,9.1200,9.1300,9.1400,9.1500,9.1600,73,1025,333,422,136,445,448,280,606,521
SZ,002386,2017-01-03 09:54:12,9.1200,7,256100.0000,281,B,9.1100,9.1000,9.0900,9.0800,9.0700,9.1200,9.1300,9.1400,9.1500,9.1600,38,1025,333,422,136,366,449,280,594,526
SZ,002386,2017-01-03 09:54:15,9.1100,1,34620.0000,38,S,9.1000,9.0900,9.0800,9.0700,9.0600,9.1100,9.1200,9.1300,9.1400,9.1500,1025,333,422,136,271,307,367,449,296,594
SZ,002386,2017-01-03 09:54:18,9.1100,3,36404.0000,40,B,9.1000,9.0900,9.0800,9.0700,9.0600,9.1100,9.1200,9.1300,9.1400,9.1500,990,333,422,136,271,315,382,449,296,594
SZ,002386,2017-01-03 09:54:21,9.1000,1,54600.0000,60,S,9.1000,9.0900,9.0800,9.0700,9.0600,9.1100,9.1200,9.1300,9.1400,9.1500,930,333,422,136,271,407,382,460,291,594
SZ,002386,2017-01-03 09:54:24,9.1000,4,129220.0000,142,S,9.1000,9.0900,9.0800,9.0700,9.0600,9.1100,9.1200,9.1300,9.1400,9.1500,788,333,422,136,271,407,382,461,291,602
SZ,002386,2017-01-03 09:54:27,9.1000,1,4552.0000,5,S,9.1000,9.0900,9.0800,9.0700,9.0600,9.1100,9.1200,9.1300,9.1400,9.1500,783,333,422,136,271,414,382,461,291,602
SZ,002386,2017-01-03 09:54:30,9.1000,8,422248.0000,464,S,9.1000,9.0900,9.0800,9.0700,9.0600,9.1100,9.1200,9.1300,9.1400,9.1500,369,333,422,136,271,404,413,460,291,602
SZ,002386,2017-01-03 09:54:33,9.1000,4,26408.0000,29,S,9.1000,9.0900,9.0800,9.0700,9.0600,9.1100,9.1200,9.1300,9.1400,9.1500,356,333,424,136,274,388,404,390,291,602
SZ,002386,2017-01-03 09:54:36,9.1000,1,45496.0000,50,S,9.1000,9.0900,9.0800,9.0700,9.0600,9.1100,9.1200,9.1300,9.1400,9.1500,306,318,424,146,274,388,402,345,291,602
SZ,002386,2017-01-03 09:54:39,9.1000,5,69160.0000,76,S,9.1000,9.0900,9.0800,9.0700,9.0600,9.1100,9.1200,9.1300,9.1400,9.1500,230,323,424,146,274,388,402,235,291,602
SZ,002386,2017-01-03 09:54:42,9.1000,13,180200.0000,198,S,9.1000,9.0900,9.0800,9.0700,9.0600,9.1100,9.1200,9.1300,9.1400,9.1500,79,323,424,146,274,371,402,235,291,608
SZ,002386,2017-01-03 09:54:45,9.1100,4,26396.0000,29,B,9.1000,9.0900,9.0800,9.0700,9.0600,9.1100,9.1200,9.1300,9.1400,9.1500,61,323,424,146,274,364,381,225,291,651
SZ,002386,2017-01-03 09:54:48,9.1000,4,55508.0000,61,S,9.0900,9.0800,9.0700,9.0600,9.0500,9.1000,9.1100,9.1200,9.1300,9.1400,323,424,146,274,555,64,490,389,225,291
SZ,002386,2017-01-03 09:54:51,9.1000,2,40040.0000,44,B,9.0900,9.0800,9.0700,9.0600,9.0500,9.1000,9.1100,9.1200,9.1300,9.1400,323,424,146,274,555,40,490,389,103,291
SZ,002386,2017-01-03 09:54:54,9.0900,1,1820.0000,2,S,9.0900,9.0800,9.0700,9.0600,9.0500,9.1000,9.1100,9.1200,9.1300,9.1400,322,424,146,274,555,71,490,389,103,316
SZ,002386,2017-01-03 09:54:57,9.1000,2,22732.0000,25,B,9.0900,9.0800,9.0700,9.0600,9.0500,9.1000,9.1100,9.1200,9.1300,9.1400,305,424,150,274,562,64,490,389,102,316
SZ,002386,2017-01-03 09:55:00,9.0900,3,15464.0000,17,S,9.0900,9.0800,9.0700,9.0600,9.0500,9.1000,9.1100,9.1200,9.1300,9.1400,298,424,150,274,562,173,490,379,102,316
SZ,002386,2017-01-03 09:55:03,9.0900,2,12728.0000,14,S,9.0900,9.0800,9.0700,9.0600,9.0500,9.1000,9.1100,9.1200,9.1300,9.1400,284,424,150,280,562,192,490,389,102,316
SZ,002386,2017-01-03 09:55:06,9.1000,3,9096.0000,10,B,9.0900,9.0800,9.0700,9.0600,9.0500,9.1000,9.1100,9.1200,9.1300,9.1400,284,424,150,280,562,224,490,389,102,316
SZ,002386,2017-01-03 09:55:09,9.0900,4,66372.0000,73,S,9.0900,9.0800,9.0700,9.0600,9.0500,9.1000,9.1100,9.1200,9.1300,9.1400,224,424,150,280,562,309,490,389,102,316
SZ,002386,2017-01-03 09:55:12,9.0900,5,46360.0000,51,S,9.0900,9.0800,9.0700,9.0600,9.0500,9.1000,9.1100,9.1200,9.1300,9.1400,182,424,150,280,562,308,467,407,102,316
SZ,002386,2017-01-03 09:55:15,9.0900,12,139076.0000,153,S,9.0900,9.0800,9.0700,9.0600,9.0500,9.1000,9.1100,9.1200,9.1300,9.1400,29,424,150,280,562,308,467,189,102,316
SZ,002386,2017-01-03 09:55:18,9.0900,6,28188.0000,31,S,9.0900,9.0800,9.0700,9.0600,9.0500,9.1000,9.1100,9.1200,9.1300,9.1400,6,424,140,280,562,300,467,189,102,316
SZ,002386,2017-01-03 09:55:21,9.0800,4,14532.0000,16,S,9.0800,9.0700,9.0600,9.0500,9.0400,9.0900,9.1000,9.1100,9.1200,9.1300,414,140,280,562,484,95,340,467,178,102
SZ,002386,2017-01-03 09:55:24,9.0800,2,7268.0000,8,S,9.0800,9.0700,9.0600,9.0500,9.0400,9.0900,9.1000,9.1100,9.1200,9.1300,409,140,280,562,484,92,340,467,188,102
SZ,002386,2017-01-03 09:55:30,9.0800,1,908.0000,1,S,9.0800,9.0700,9.0600,9.0500,9.0400,9.0900,9.1000,9.1100,9.1200,9.1300,413,155,280,562,484,112,340,467,194,102
SZ,002386,2017-01-03 09:55:33,9.0800,7,99924.0000,110,S,9.0800,9.0700,9.0600,9.0500,9.0400,9.0900,9.1000,9.1100,9.1200,9.1300,378,155,280,562,484,69,340,467,194,102
SZ,002386,2017-01-03 09:55:36,9.0800,5,56300.0000,62,S,9.0800,9.0700,9.0600,9.0500,9.0400,9.0900,9.1000,9.1100,9.1200,9.1300,321,165,280,577,484,64,340,467,194,102
SZ,002386,2017-01-03 09:55:39,9.0900,4,68176.0000,75,B,9.0900,9.0800,9.0700,9.0600,9.0500,9.1000,9.1100,9.1200,9.1300,9.1400,121,330,165,280,582,340,467,189,102,316
SZ,002386,2017-01-03 09:55:42,9.0800,9,149952.0000,165,S,9.0800,9.0700,9.0600,9.0500,9.0400,9.1000,9.1100,9.1200,9.1300,9.1400,408,172,280,582,484,249,467,189,107,316
SZ,002386,2017-01-03 09:55:45,9.0900,3,96252.0000,106,B,9.0900,9.0800,9.0700,9.0600,9.0500,9.1000,9.1100,9.1200,9.1300,9.1400,219,303,172,280,582,150,467,179,107,316
SZ,002386,2017-01-03 09:55:51,9.0900,4,44540.0000,49,S,9.0900,9.0800,9.0700,9.0600,9.0500,9.1000,9.1100,9.1200,9.1300,9.1400,211,435,172,280,582,185,467,179,107,316
SZ,002386,2017-01-03 09:55:54,9.0900,8,229092.0000,252,S,9.0800,9.0700,9.0600,9.0500,9.0400,9.0900,9.1000,9.1100,9.1200,9.1300,435,172,361,582,484,1,160,467,179,107
SZ,002386,2017-01-03 09:55:57,9.0900,4,29816.0000,33,B,9.0900,9.0800,9.0700,9.0600,9.0500,9.1000,9.1100,9.1200,9.1300,9.1400,32,435,222,361,582,160,467,179,107,316
SZ,002386,2017-01-03 09:56:00,9.0800,17,248836.0000,274,S,9.0800,9.0700,9.0600,9.0500,9.0400,9.1000,9.1100,9.1200,9.1300,9.1400,203,222,361,582,484,160,467,169,107,316
SZ,002386,2017-01-03 09:56:03,9.0900,2,30904.0000,34,B,9.0900,9.0800,9.0700,9.0600,9.0500,9.1000,9.1100,9.1200,9.1300,9.1400,131,209,222,361,582,160,467,159,107,316
SZ,002386,2017-01-03 09:56:06,9.0900,2,1820.0000,2,S,9.0900,9.0800,9.0700,9.0600,9.0500,9.1000,9.1100,9.1200,9.1300,9.1400,130,209,222,361,582,159,460,159,107,316
SZ,002386,2017-01-03 09:56:09,9.0900,1,27268.0000,30,S,9.0900,9.0800,9.0700,9.0600,9.0500,9.1000,9.1100,9.1200,9.1300,9.1400,110,224,222,361,582,231,460,159,107,316
SZ,002386,2017-01-03 09:56:12,9.0900,5,89996.0000,99,S,9.0900,9.0800,9.0700,9.0600,9.0500,9.1000,9.1100,9.1200,9.1300,9.1400,81,224,222,361,582,226,460,159,107,316
SZ,002386,2017-01-03 09:56:15,9.0900,7,92740.0000,102,S,9.0800,9.0700,9.0600,9.0500,9.0400,9.0900,9.1000,9.1100,9.1200,9.1300,224,322,361,618,484,8,205,460,159,113
SZ,002386,2017-01-03 09:56:21,9.0800,3,69040.0000,76,S,9.0800,9.0700,9.0600,9.0500,9.0400,9.0900,9.1000,9.1100,9.1200,9.1300,189,322,361,618,484,86,205,460,109,138
SZ,002386,2017-01-03 09:56:24,9.0800,1,7264.0000,8,S,9.0800,9.0700,9.0600,9.0500,9.0400,9.0900,9.1000,9.1100,9.1200,9.1300,227,322,361,618,484,96,205,460,109,138
SZ,002386,2017-01-03 09:56:27,9.0800,1,6356.0000,7,S,9.0800,9.0700,9.0600,9.0500,9.0400,9.0900,9.1000,9.1100,9.1200,9.1300,225,322,331,618,484,109,205,460,109,138
SZ,002386,2017-01-03 09:56:33,9.0900,3,76312.0000,84,B,9.0800,9.0700,9.0600,9.0500,9.0400,9.0900,9.1000,9.1100,9.1200,9.1300,214,322,331,618,484,99,207,460,109,138
SZ,002386,2017-01-03 09:56:36,9.0800,2,19068.0000,21,S,9.0800,9.0700,9.0600,9.0500,9.0400,9.0900,9.1000,9.1100,9.1200,9.1300,193,322,301,618,484,99,227,460,109,138
SZ,002386,2017-01-03 09:56:39,9.0900,7,94536.0000,104,B,9.0900,9.0800,9.0700,9.0600,9.0500,9.1000,9.1100,9.1200,9.1300,9.1400,11,193,322,301,618,227,460,109,138,316
SZ,002386,2017-01-03 09:56:42,9.0900,4,67264.0000,74,S,9.0900,9.0800,9.0700,9.0600,9.0500,9.1000,9.1100,9.1200,9.1300,9.1400,127,193,322,301,618,227,460,109,138,316
SZ,002386,2017-01-03 09:56:45,9.0900,1,4548.0000,5,S,9.0900,9.0800,9.0700,9.0600,9.0500,9.1000,9.1100,9.1200,9.1300,9.1400,122,211,322,310,618,239,460,109,138,316
SZ,002386,2017-01-03 09:56:48,9.1000,2,5452.0000,6,B,9.0900,9.0800,9.0700,9.0600,9.0500,9.1000,9.1100,9.1200,9.1300,9.1400,127,211,322,310,618,238,460,109,138,316
SZ,002386,2017-01-03 09:56:51,9.0900,1,7272.0000,8,S,9.0900,9.0800,9.0700,9.0600,9.0500,9.1000,9.1100,9.1200,9.1300,9.1400,119,211,322,310,613,186,460,109,138,316
SZ,002386,2017-01-03 09:56:54,9.1000,5,45456.0000,50,B,9.0900,9.0800,9.0700,9.0600,9.0500,9.1000,9.1100,9.1200,9.1300,9.1400,76,231,322,310,613,181,460,109,138,316
SZ,002386,2017-01-03 09:57:00,9.0900,4,30928.0000,34,S,9.0900,9.0800,9.0700,9.0600,9.0500,9.1000,9.1100,9.1200,9.1300,9.1400,74,235,309,310,613,165,460,109,138,316
SZ,002386,2017-01-03 09:57:03,9.0900,4,58188.0000,64,S,9.0900,9.0800,9.0700,9.0600,9.0500,9.1000,9.1100,9.1200,9.1300,9.1400,37,235,309,310,623,155,460,109,138,316
SZ,002386,2017-01-03 09:57:06,9.0900,2,10000.0000,11,S,9.0900,9.0800,9.0700,9.0600,9.0500,9.1000,9.1100,9.1200,9.1300,9.1400,26,235,309,310,633,160,460,109,138,316
SZ,002386,2017-01-03 09:57:09,9.0900,4,6364.0000,7,S,9.0900,9.0800,9.0700,9.0600,9.0500,9.1000,9.1100,9.1200,9.1300,9.1400,20,235,309,310,633,175,447,101,138,316
SZ,002386,2017-01-03 09:57:12,9.0900,1,1816.0000,2,S,9.0900,9.0800,9.0700,9.0600,9.0500,9.1000,9.1100,9.1200,9.1300,9.1400,18,235,309,310,633,175,447,101,138,316
SZ,002386,2017-01-03 09:57:15,9.0800,9,80876.0000,89,S,9.0900,9.0800,9.0700,9.0600,9.0500,9.1000,9.1100,9.1200,9.1300,9.1400,33,191,309,310,633,157,447,101,138,316
SZ,002386,2017-01-03 09:57:18,9.0900,2,32728.0000,36,S,9.0800,9.0700,9.0600,9.0500,9.0400,9.0900,9.1000,9.1100,9.1200,9.1300,191,302,320,633,495,67,154,447,101,138
SZ,002386,2017-01-03 09:57:27,9.0800,5,49032.0000,54,S,9.0800,9.0700,9.0600,9.0500,9.0400,9.0900,9.1000,9.1100,9.1200,9.1300,137,302,320,636,495,92,164,447,101,138
SZ,002386,2017-01-03 09:57:30,9.0800,5,16344.0000,18,S,9.0800,9.0700,9.0600,9.0500,9.0400,9.0900,9.1000,9.1100,9.1200,9.1300,140,302,320,636,495,111,164,447,100,138
SZ,002386,2017-01-03 09:57:33,9.0800,1,8172.0000,9,S,9.0800,9.0700,9.0600,9.0500,9.0400,9.0900,9.1000,9.1100,9.1200,9.1300,139,300,330,636,495,189,164,447,100,138
SZ,002386,2017-01-03 09:57:36,9.0500,59,946196.0000,1044,S,9.0800,9.0500,9.0400,9.0300,9.0200,9.0900,9.1000,9.1100,9.1200,9.1300,2,371,495,284,779,189,164,497,100,138
SZ,002386,2017-01-03 09:57:39,9.0900,1,11820.0000,13,B,9.0800,9.0700,9.0500,9.0400,9.0300,9.0900,9.1000,9.1100,9.1200,9.1300,19,20,371,495,284,192,164,497,100,138
SZ,002386,2017-01-03 09:57:42,9.0800,3,17248.0000,19,S,9.0700,9.0500,9.0400,9.0300,9.0200,9.0900,9.1000,9.1100,9.1200,9.1300,20,371,495,284,779,192,175,425,100,133
SZ,002386,2017-01-03 09:57:45,9.0700,2,28128.0000,31,S,9.0500,9.0400,9.0300,9.0200,9.0100,9.0700,9.0800,9.0900,9.1000,9.1100,384,495,284,769,785,60,9,192,175,425
SZ,002386,2017-01-03 09:57:51,9.0500,1,28056.0000,31,S,9.0500,9.0400,9.0300,9.0200,9.0100,9.0700,9.0800,9.0900,9.1000,9.1100,344,495,284,769,785,60,55,183,175,425
SZ,002386,2017-01-03 09:57:54,9.0500,2,45292.0000,50,S,9.0500,9.0400,9.0300,9.0200,9.0100,9.0700,9.0800,9.0900,9.1000,9.1100,314,495,284,769,785,40,92,183,175,425
SZ,002386,2017-01-03 09:57:57,9.0700,1,5440.0000,6,B,9.0600,9.0500,9.0400,9.0300,9.0200,9.0700,9.0800,9.0900,9.1000,9.1100,28,346,495,284,769,34,92,183,203,425
SZ,002386,2017-01-03 09:58:00,9.0500,5,57044.0000,63,S,9.0500,9.0400,9.0300,9.0200,9.0100,9.0700,9.0800,9.0900,9.1000,9.1100,301,502,284,769,785,34,92,176,203,425
SZ,002386,2017-01-03 09:58:03,9.0500,6,100472.0000,111,S,9.0500,9.0400,9.0300,9.0200,9.0100,9.0700,9.0800,9.0900,9.1000,9.1100,450,502,284,769,785,66,83,176,203,425
SZ,002386,2017-01-03 09:58:06,9.0700,2,19952.0000,22,B,9.0600,9.0500,9.0400,9.0300,9.0200,9.0700,9.0800,9.0900,9.1000,9.1100,8,603,547,284,769,46,83,176,203,425
SZ,002386,2017-01-03 09:58:15,9.0500,3,41668.0000,46,S,9.0500,9.0400,9.0300,9.0200,9.0100,9.0700,9.0800,9.0900,9.1000,9.1100,666,550,284,769,785,86,61,176,203,425
SZ,002386,2017-01-03 09:58:18,9.0700,1,9068.0000,10,B,9.0600,9.0500,9.0400,9.0300,9.0200,9.0700,9.0800,9.0900,9.1000,9.1100,50,666,555,305,769,76,61,176,203,425
SZ,002386,2017-01-03 09:58:24,9.0600,7,108820.0000,120,S,9.0600,9.0500,9.0400,9.0300,9.0200,9.0700,9.0800,9.0900,9.1000,9.1100,80,646,559,315,769,9,61,176,178,425
SZ,002386,2017-01-03 09:58:27,9.0500,9,143088.0000,158,S,9.0500,9.0400,9.0300,9.0200,9.0100,9.0700,9.0800,9.0900,9.1000,9.1100,596,559,315,799,785,40,113,176,178,425
SZ,002386,2017-01-03 09:58:30,9.0600,3,9972.0000,11,B,9.0600,9.0500,9.0400,9.0300,9.0200,9.0700,9.0800,9.0900,9.1000,9.1100,34,644,569,315,799,33,113,166,178,425
SZ,002386,2017-01-03 09:58:33,9.0600,6,54368.0000,60,S,9.0600,9.0500,9.0400,9.0300,9.0200,9.0700,9.0800,9.0900,9.1000,9.1100,145,664,569,315,799,28,113,166,178,425
SZ,002386,2017-01-03 09:58:36,9.0600,3,14496.0000,16,S,9.0600,9.0500,9.0400,9.0300,9.0200,9.0700,9.0800,9.0900,9.1000,9.1100,302,679,586,315,799,27,113,166,178,425
SZ,002386,2017-01-03 09:58:39,9.0700,4,108728.0000,120,B,9.0600,9.0500,9.0400,9.0300,9.0200,9.0700,9.0800,9.0900,9.1000,9.1100,292,707,586,310,809,17,123,166,198,425
SZ,002386,2017-01-03 09:58:42,9.0600,3,11780.0000,13,S,9.0600,9.0500,9.0400,9.0300,9.0200,9.0700,9.0800,9.0900,9.1000,9.1100,305,707,586,310,809,86,123,166,198,425
SZ,002386,2017-01-03 09:58:45,9.0700,1,4536.0000,5,B,9.0600,9.0500,9.0400,9.0300,9.0200,9.0700,9.0800,9.0900,9.1000,9.1100,335,717,586,319,809,81,123,166,198,425
SZ,002386,2017-01-03 09:58:48,9.0700,2,6340.0000,7,B,9.0600,9.0500,9.0400,9.0300,9.0200,9.0700,9.0800,9.0900,9.1000,9.1100,349,646,586,319,809,125,123,166,198,425
SZ,002386,2017-01-03 09:58:51,9.0600,9,169448.0000,187,S,9.0600,9.0500,9.0400,9.0300,9.0200,9.0700,9.0800,9.0900,9.1000,9.1100,185,646,586,319,809,112,123,166,198,425
SZ,002386,2017-01-03 09:58:54,9.0700,4,55288.0000,61,B,9.0600,9.0500,9.0400,9.0300,9.0200,9.0700,9.0800,9.0900,9.1000,9.1100,147,666,586,319,809,102,123,166,198,425
SZ,002386,2017-01-03 09:58:57,9.0700,4,28116.0000,31,B,9.0600,9.0500,9.0400,9.0300,9.0200,9.0700,9.0800,9.0900,9.1000,9.1100,224,668,586,319,809,71,143,166,198,425
SZ,002386,2017-01-03 09:59:00,9.0700,4,35352.0000,39,B,9.0600,9.0500,9.0400,9.0300,9.0200,9.0700,9.0800,9.0900,9.1000,9.1100,304,670,586,319,809,52,143,150,198,425
SZ,002386,2017-01-03 09:59:03,9.0600,1,9060.0000,10,S,9.0600,9.0500,9.0400,9.0300,9.0200,9.0700,9.0800,9.0900,9.1000,9.1100,349,670,586,319,814,52,143,150,198,425
SZ,002386,2017-01-03 09:59:06,9.0700,4,87980.0000,97,B,9.0700,9.0600,9.0500,9.0400,9.0300,9.0800,9.0900,9.1000,9.1100,9.1200,134,385,680,586,319,143,132,198,425,106
SZ,002386,2017-01-03 09:59:09,9.0700,1,18140.0000,20,S,9.0700,9.0600,9.0500,9.0400,9.0300,9.0800,9.0900,9.1000,9.1100,9.1200,114,403,680,586,319,143,132,198,425,106
SZ,002386,2017-01-03 09:59:12,9.0700,2,48976.0000,54,S,9.0700,9.0600,9.0500,9.0400,9.0300,9.0800,9.0900,9.1000,9.1100,9.1200,70,438,680,586,319,143,132,193,425,106
SZ,002386,2017-01-03 09:59:15,9.0700,1,39908.0000,44,S,9.0700,9.0600,9.0500,9.0400,9.0300,9.0800,9.0900,9.1000,9.1100,9.1200,72,448,680,579,319,159,132,205,425,106
SZ,002386,2017-01-03 09:59:18,9.0700,8,67120.0000,74,S,9.0600,9.0500,9.0400,9.0300,9.0200,9.0700,9.0800,9.0900,9.1000,9.1100,547,691,579,332,819,26,159,132,205,425
SZ,002386,2017-01-03 09:59:21,9.0700,4,14504.0000,16,B,9.0600,9.0500,9.0400,9.0300,9.0200,9.0700,9.0800,9.0900,9.1000,9.1100,551,691,579,332,819,16,159,132,218,425
SZ,002386,2017-01-03 09:59:24,9.0800,9,77164.0000,85,B,9.0700,9.0600,9.0500,9.0400,9.0300,9.0800,9.0900,9.1000,9.1100,9.1200,27,511,691,579,332,108,132,228,425,126
SZ,002386,2017-01-03 09:59:33,9.0600,4,44424.0000,49,S,9.0600,9.0500,9.0400,9.0300,9.0200,9.0800,9.0900,9.1000,9.1100,9.1200,609,721,579,343,819,108,106,229,425,126
SZ,002386,2017-01-03 09:59:39,9.0700,1,1812.0000,2,S,9.0700,9.0600,9.0500,9.0400,9.0300,9.0800,9.0900,9.1000,9.1100,9.1200,18,510,731,579,343,88,106,229,302,126
SZ,002386,2017-01-03 09:59:42,9.0700,1,3628.0000,4,S,9.0700,9.0600,9.0500,9.0400,9.0300,9.0800,9.0900,9.1000,9.1100,9.1200,14,510,731,579,337,88,106,229,302,126
SZ,002386,2017-01-03 09:59:45,9.0700,3,21768.0000,24,S,9.0600,9.0500,9.0400,9.0300,9.0200,9.0700,9.0800,9.0900,9.1000,9.1100,510,731,579,337,819,15,88,111,234,302
SZ,002386,2017-01-03 09:59:48,9.0800,3,35392.0000,39,B,9.0700,9.0600,9.0500,9.0400,9.0300,9.0800,9.0900,9.1000,9.1100,9.1200,17,510,731,579,337,70,111,240,302,126
SZ,002386,2017-01-03 09:59:51,9.0600,2,24480.0000,27,S,9.0600,9.0500,9.0400,9.0300,9.0200,9.0700,9.0800,9.0900,9.1000,9.1100,490,731,579,337,819,4,176,111,250,302
SZ,002386,2017-01-03 09:59:54,9.0700,4,21768.0000,24,B,9.0600,9.0500,9.0400,9.0300,9.0200,9.0700,9.0800,9.0900,9.1000,9.1100,490,721,579,337,819,131,176,111,270,302
SZ,002386,2017-01-03 09:59:57,9.0700,1,45348.0000,50,B,9.0600,9.0500,9.0400,9.0300,9.0200,9.0700,9.0800,9.0900,9.1000,9.1100,499,721,579,367,814,81,176,111,270,302
SZ,002386,2017-01-03 10:00:00,9.0700,5,67076.0000,74,B,9.0600,9.0500,9.0400,9.0300,9.0200,9.0700,9.0800,9.0900,9.1000,9.1100,419,721,579,368,814,51,176,111,270,302
SZ,002386,2017-01-03 10:00:03,9.0700,2,17232.0000,19,B,9.0600,9.0500,9.0400,9.0300,9.0200,9.0700,9.0800,9.0900,9.1000,9.1100,419,721,579,368,814,37,266,111,270,302
SZ,002386,2017-01-03 10:00:09,9.0700,5,45348.0000,50,B,9.0600,9.0500,9.0400,9.0300,9.0200,9.0700,9.0800,9.0900,9.1000,9.1100,445,729,534,368,814,25,266,111,270,302
SZ,002386,2017-01-03 10:00:12,9.0700,1,4536.0000,5,B,9.0600,9.0500,9.0400,9.0300,9.0200,9.0700,9.0800,9.0900,9.1000,9.1100,445,729,534,368,814,37,266,111,270,302
SZ,002386,2017-01-03 10:00:15,9.0600,1,11780.0000,13,S,9.0600,9.0500,9.0400,9.0300,9.0200,9.0700,9.0800,9.0900,9.1000,9.1100,432,729,584,368,814,63,266,111,270,302
SZ,002386,2017-01-03 10:00:24,9.0600,1,39864.0000,44,S,9.0600,9.0500,9.0400,9.0300,9.0200,9.0700,9.0800,9.0900,9.1000,9.1100,428,729,584,368,814,83,250,111,270,302
SZ,002386,2017-01-03 10:00:30,9.0600,5,97848.0000,108,S,9.0600,9.0500,9.0400,9.0300,9.0200,9.0700,9.0800,9.0900,9.1000,9.1100,320,736,584,368,814,83,250,111,270,302
SZ,002386,2017-01-03 10:00:33,9.0700,5,43536.0000,48,B,9.0600,9.0500,9.0400,9.0300,9.0200,9.0700,9.0800,9.0900,9.1000,9.1100,320,736,584,370,814,35,250,111,280,302
SZ,002386,2017-01-03 10:00:39,9.0600,1,14496.0000,16,S,9.0600,9.0500,9.0400,9.0300,9.0200,9.0700,9.0800,9.0900,9.1000,9.1100,304,739,574,361,814,188,250,106,280,302
SZ,002386,2017-01-03 10:00:42,9.0600,3,14496.0000,16,S,9.0600,9.0500,9.0400,9.0300,9.0200,9.0700,9.0800,9.0900,9.1000,9.1100,281,739,574,361,814,188,250,106,280,302
SZ,002386,2017-01-03 10:00:45,9.0600,2,12680.0000,14,S,9.0600,9.0500,9.0400,9.0300,9.0200,9.0700,9.0800,9.0900,9.1000,9.1100,277,739,574,361,814,388,250,106,280,302
SZ,002386,2017-01-03 10:00:48,9.0600,5,39864.0000,44,S,9.0600,9.0500,9.0400,9.0300,9.0200,9.0700,9.0800,9.0900,9.1000,9.1100,244,739,574,361,814,393,250,106,280,302
SZ,002386,2017-01-03 10:00:51,9.0700,6,98864.0000,109,B,9.0600,9.0500,9.0400,9.0300,9.0200,9.0700,9.0800,9.0900,9.1000,9.1100,244,739,583,361,814,284,250,106,280,302
SZ,002386,2017-01-03 10:00:54,9.0600,4,45304.0000,50,S,9.0600,9.0500,9.0400,9.0300,9.0200,9.0700,9.0800,9.0900,9.1000,9.1100,199,734,583,361,819,279,250,106,280,302
SZ,002386,2017-01-03 10:01:00,9.0600,1,4532.0000,5,S,9.0600,9.0500,9.0400,9.0300,9.0200,9.0700,9.0800,9.0900,9.1000,9.1100,224,734,583,361,832,400,250,106,280,302
SZ,002386,2017-01-03 10:01:03,9.0600,7,98756.0000,109,S,9.0600,9.0500,9.0400,9.0300,9.0200,9.0700,9.0800,9.0900,9.1000,9.1100,168,734,583,361,848,405,150,106,280,302
SZ,002386,2017-01-03 10:01:06,9.0600,5,32616.0000,36,S,9.0600,9.0500,9.0400,9.0300,9.0200,9.0700,9.0800,9.0900,9.1000,9.1100,132,734,589,361,848,408,150,106,280,302
SZ,002386,2017-01-03 10:01:09,9.0600,3,32616.0000,36,S,9.0600,9.0500,9.0400,9.0300,9.0200,9.0700,9.0800,9.0900,9.1000,9.1100,96,734,589,361,850,408,144,106,280,302
SZ,002386,2017-01-03 10:01:12,9.0600,3,18120.0000,20,S,9.0600,9.0500,9.0400,9.0300,9.0200,9.0700,9.0800,9.0900,9.1000,9.1100,76,734,589,361,850,413,144,106,279,302
SZ,002386,2017-01-03 10:01:15,9.0600,3,10872.0000,12,S,9.0600,9.0500,9.0400,9.0300,9.0200,9.0700,9.0800,9.0900,9.1000,9.1100,64,734,589,361,850,413,144,106,279,302
SZ,002386,2017-01-03 10:01:18,9.0700,5,51644.0000,57,B,9.0600,9.0500,9.0400,9.0300,9.0200,9.0700,9.0800,9.0900,9.1000,9.1100,32,734,589,364,850,408,144,106,268,302
SZ,002386,2017-01-03 10:01:21,9.0600,2,9060.0000,10,S,9.0600,9.0500,9.0400,9.0300,9.0200,9.0700,9.0800,9.0900,9.1000,9.1100,99,734,589,364,850,408,144,106,268,302
SZ,002386,2017-01-03 10:01:24,9.0600,4,44396.0000,49,S,9.0600,9.0500,9.0400,9.0300,9.0200,9.0700,9.0800,9.0900,9.1000,9.1100,250,734,589,364,850,408,144,106,268,302
SZ,002386,2017-01-03 10:01:27,9.0600,2,21748.0000,24,S,9.0600,9.0500,9.0400,9.0300,9.0200,9.0700,9.0800,9.0900,9.1000,9.1100,230,734,589,374,850,404,144,106,268,302
SZ,002386,2017-01-03 10:01:30,9.0600,1,4528.0000,5,S,9.0600,9.0500,9.0400,9.0300,9.0200,9.0700,9.0800,9.0900,9.1000,9.1100,230,734,589,374,850,410,144,106,268,302
SZ,002386,2017-01-03 10:01:33,9.0600,6,74336.0000,82,S,9.0600,9.0500,9.0400,9.0300,9.0200,9.0700,9.0800,9.0900,9.1000,9.1100,206,734,589,374,850,369,169,106,268,302
SZ,002386,2017-01-03 10:01:36,9.0700,7,164960.0000,182,B,9.0600,9.0500,9.0400,9.0300,9.0200,9.0700,9.0800,9.0900,9.1000,9.1100,95,734,589,374,870,299,169,106,268,302
SZ,002386,2017-01-03 10:01:39,9.0600,4,27196.0000,30,S,9.0600,9.0500,9.0400,9.0300,9.0200,9.0700,9.0800,9.0900,9.1000,9.1100,80,734,589,374,870,294,169,106,268,302
SZ,002386,2017-01-03 10:01:42,9.0600,4,72484.0000,80,S,9.0600,9.0500,9.0400,9.0300,9.0200,9.0700,9.0800,9.0900,9.1000,9.1100,44,734,589,374,870,290,179,106,268,302
SZ,002386,2017-01-03 10:01:45,9.0700,1,908.0000,1,B,9.0600,9.0500,9.0400,9.0300,9.0200,9.0700,9.0800,9.0900,9.1000,9.1100,44,734,589,374,870,289,179,106,268,302
SZ,002386,2017-01-03 10:01:48,9.0600,4,11776.0000,13,S,9.0600,9.0500,9.0400,9.0300,9.0200,9.0700,9.0800,9.0900,9.1000,9.1100,41,734,589,374,870,403,179,106,268,302
SZ,002386,2017-01-03 10:01:51,9.0600,3,21748.0000,24,S,9.0600,9.0500,9.0400,9.0300,9.0200,9.0700,9.0800,9.0900,9.1000,9.1100,19,734,589,374,870,401,179,106,279,302
SZ,002386,2017-01-03 10:01:54,9.0600,3,17212.0000,19,S,9.0500,9.0400,9.0300,9.0200,9.0100,9.0600,9.0700,9.0800,9.0900,9.1000,734,589,374,870,805,38,412,179,106,299
SZ,002386,2017-01-03 10:01:57,9.0600,1,9968.0000,11,B,9.0500,9.0400,9.0300,9.0200,9.0100,9.0600,9.0700,9.0800,9.0900,9.1000,734,589,374,870,805,151,412,179,54,299
SZ,002386,2017-01-03 10:02:00,9.0600,4,28084.0000,31,B,9.0500,9.0400,9.0300,9.0200,9.0100,9.0600,9.0700,9.0800,9.0900,9.1000,733,589,374,870,805,169,412,179,54,299
SZ,002386,2017-01-03 10:02:03,9.0600,3,13592.0000,15,B,9.0500,9.0400,9.0300,9.0200,9.0100,9.0600,9.0700,9.0800,9.0900,9.1000,778,589,374,870,805,154,412,179,54,299
SZ,002386,2017-01-03 10:02:06,9.0500,15,96840.0000,107,S,9.0500,9.0400,9.0300,9.0200,9.0100,9.0600,9.0700,9.0800,9.0900,9.1000,698,589,374,870,805,149,412,179,54,299
SZ,002386,2017-01-03 10:02:09,9.0600,1,8152.0000,9,B,9.0500,9.0400,9.0300,9.0200,9.0100,9.0600,9.0700,9.0800,9.0900,9.1000,698,589,374,870,805,143,412,179,54,299
SZ,002386,2017-01-03 10:02:12,9.0500,3,35296.0000,39,S,9.0500,9.0400,9.0300,9.0200,9.0100,9.0600,9.0700,9.0800,9.0900,9.1000,659,589,374,870,805,143,412,179,54,299
SZ,002386,2017-01-03 10:02:15,9.0600,6,129556.0000,143,B,9.0600,9.0500,9.0400,9.0300,9.0200,9.0700,9.0800,9.0900,9.1000,9.1100,87,659,589,374,870,412,179,54,299,302
SZ,002386,2017-01-03 10:02:18,9.0600,2,41676.0000,46,S,9.0600,9.0500,9.0400,9.0300,9.0200,9.0700,9.0800,9.0900,9.1000,9.1100,41,659,589,374,870,412,179,54,299,302
SZ,002386,2017-01-03 10:02:21,9.0600,3,32616.0000,36,S,9.0600,9.0500,9.0400,9.0300,9.0200,9.0700,9.0800,9.0900,9.1000,9.1100,10,664,589,374,870,412,179,54,299,302
SZ,002386,2017-01-03 10:02:24,9.0500,7,37124.0000,41,S,9.0500,9.0400,9.0300,9.0200,9.0100,9.0700,9.0800,9.0900,9.1000,9.1100,641,589,374,870,805,412,179,54,299,302
SZ,002386,2017-01-03 10:02:27,9.0500,1,17196.0000,19,S,9.0500,9.0400,9.0300,9.0200,9.0100,9.0600,9.0700,9.0800,9.0900,9.1000,622,589,374,870,815,3,412,179,54,283
SZ,002386,2017-01-03 10:02:30,9.0700,4,48888.0000,54,B,9.0600,9.0500,9.0400,9.0300,9.0200,9.0700,9.0800,9.0900,9.1000,9.1100,3,561,589,374,870,409,179,54,283,302
SZ,002386,2017-01-03 10:02:33,9.0500,4,18100.0000,20,S,9.0500,9.0400,9.0300,9.0200,9.0100,9.0700,9.0800,9.0900,9.1000,9.1100,549,589,374,870,815,409,179,54,283,302
SZ,002386,2017-01-03 10:02:36,9.0500,3,9052.0000,10,S,9.0600,9.0500,9.0400,9.0300,9.0200,9.0700,9.0800,9.0900,9.1000,9.1100,10,544,589,374,870,405,179,54,283,302
SZ,002386,2017-01-03 10:02:42,9.0600,6,54360.0000,60,S,9.0500,9.0400,9.0300,9.0200,9.0100,9.0600,9.0700,9.0800,9.0900,9.1000,644,583,374,870,817,43,400,179,54,283
SZ,002386,2017-01-03 10:02:45,9.0600,2,45300.0000,50,B,9.0500,9.0400,9.0300,9.0200,9.0100,9.0600,9.0700,9.0800,9.0900,9.1000,644,583,374,870,817,48,400,179,54,283
SZ,002386,2017-01-03 10:02:48,9.0500,3,52508.0000,58,S,9.0500,9.0400,9.0300,9.0200,9.0100,9.0600,9.0700,9.0800,9.0900,9.1000,622,583,374,870,817,52,400,179,54,283
SZ,002386,2017-01-03 10:02:51,9.0500,13,285076.0000,315,S,9.0500,9.0400,9.0300,9.0200,9.0100,9.0600,9.0700,9.0800,9.0900,9.1000,307,583,374,870,817,73,400,179,54,283
SZ,002386,2017-01-03 10:02:54,9.0600,1,1812.0000,2,B,9.0500,9.0400,9.0300,9.0200,9.0100,9.0600,9.0700,9.0800,9.0900,9.1000,318,583,381,870,817,141,400,179,54,283
SZ,002386,2017-01-03 10:02:57,9.0500,1,9956.0000,11,S,9.0500,9.0400,9.0300,9.0200,9.0100,9.0600,9.0700,9.0800,9.0900,9.1000,307,583,381,870,817,141,400,179,54,283
SZ,002386,2017-01-03 10:03:00,9.0500,3,27172.0000,30,S,9.0500,9.0400,9.0300,9.0200,9.0100,9.0600,9.0700,9.0800,9.0900,9.1000,317,733,381,870,817,118,400,179,54,283
