市场代码,证券代码,时间,最新价,成交笔数,成交额,成交量,方向,买一价,买二价,买三价,买四价,买五价,卖一价,卖二价,卖三价,卖四价,卖五价,买一量,买二量,买三量,买四量,买五量,卖一量,卖二量,卖三量,卖四量,卖五量
SZ,002323,2017-01-03 09:25:03,15.0200,65,844124.0000,562,S,15.0200,15.0100,15.0000,14.9900,14.9600,15.0300,15.0800,15.0900,15.1000,15.1300,10,18,44,30,5,50,15,1,88,830
SZ,002323,2017-01-03 09:30:03,15.0000,105,1607157.0000,1071,S,14.9800,14.9700,14.9600,14.9500,14.9400,15.0000,15.0100,15.0200,15.0300,15.0800,14,13,75,145,1,6,49,280,2,59
SZ,002323,2017-01-03 09:30:06,15.0200,25,234181.0000,156,B,14.9800,14.9700,14.9600,14.9500,14.9400,15.0200,15.0300,15.0800,15.0900,15.1000,14,13,118,155,1,246,2,59,107,108
SZ,002323,2017-01-03 09:30:09,15.0200,1,7510.0000,5,B,14.9800,14.9700,14.9600,14.9500,14.9400,15.0200,15.0300,15.0800,15.0900,15.1000,14,13,118,155,1,211,2,59,107,108
SZ,002323,2017-01-03 09:30:12,15.0200,1,7510.0000,5,B,15.0000,14.9800,14.9700,14.9600,14.9500,15.0200,15.0300,15.0800,15.0900,15.1000,5,14,13,118,155,206,2,59,107,108
SZ,002323,2017-01-03 09:30:15,15.0000,1,4500.0000,3,S,15.0000,14.9800,14.9700,14.9600,14.9500,15.0200,15.0300,15.0800,15.0900,15.1000,2,14,13,118,155,167,2,59,107,108
SZ,002323,2017-01-03 09:30:18,14.9800,3,51052.0000,34,S,14.9800,14.9700,14.9600,14.9500,14.9400,15.0200,15.0300,15.0800,15.0900,15.1000,11,13,118,155,1,138,2,59,107,108
SZ,002323,2017-01-03 09:30:21,15.0000,2,6004.0000,4,B,14.9800,14.9700,14.9600,14.9500,14.9400,15.0000,15.0200,15.0300,15.0800,15.0900,11,28,118,155,1,8,136,2,59,107
SZ,002323,2017-01-03 09:30:24,15.0200,2,15004.0000,10,B,14.9900,14.9800,14.9700,14.9600,14.9500,15.0000,15.0200,15.0300,15.0800,15.0900,6,11,28,118,155,2,137,2,59,107
SZ,002323,2017-01-03 09:30:27,15.0200,3,21024.0000,14,B,14.9900,14.9800,14.9700,14.9600,14.9500,15.0200,15.0300,15.0800,15.0900,15.1000,6,11,28,118,155,125,2,59,107,108
SZ,002323,2017-01-03 09:30:30,14.9800,15,232464.0000,155,S,14.9700,14.9600,14.9500,14.9400,14.9300,14.9800,15.0200,15.0300,15.0800,15.0900,28,118,155,1,40,66,76,2,59,92
SZ,002323,2017-01-03 09:30:33,14.9500,19,442739.0000,296,S,14.9500,14.9400,14.9300,14.9200,14.9100,14.9800,14.9900,15.0000,15.0200,15.0300,20,1,40,37,17,51,2,20,76,2
SZ,002323,2017-01-03 09:30:36,14.9800,2,19474.0000,13,B,14.9500,14.9400,14.9300,14.9200,14.9100,14.9700,14.9800,14.9900,15.0000,15.0200,20,1,40,37,17,2,38,2,20,76
SZ,002323,2017-01-03 09:30:39,15.0000,14,301289.0000,201,B,15.0000,14.9800,14.9500,14.9400,14.9300,15.0200,15.0300,15.0800,15.0900,15.1000,112,178,5,1,40,73,7,59,88,108
SZ,002323,2017-01-03 09:30:42,15.0200,5,90114.0000,60,B,15.0000,14.9800,14.9500,14.9400,14.9300,15.0200,15.0300,15.0800,15.0900,15.1000,109,178,20,1,40,16,7,59,88,108
SZ,002323,2017-01-03 09:30:45,15.0000,1,24000.0000,16,S,15.0000,14.9800,14.9500,14.9400,14.9300,15.0200,15.0300,15.0800,15.0900,15.1000,93,228,20,1,40,16,7,58,88,108
SZ,002323,2017-01-03 09:30:48,15.0000,1,18000.0000,12,S,15.0000,14.9800,14.9500,14.9400,14.9300,15.0200,15.0300,15.0800,15.0900,15.1000,98,233,39,1,40,16,7,58,88,108
SZ,002323,2017-01-03 09:30:51,14.9800,12,514014.0000,343,S,14.9700,14.9500,14.9400,14.9300,14.9200,14.9800,15.0000,15.0200,15.0300,15.0800,3,39,2,40,37,132,6,16,7,58
SZ,002323,2017-01-03 09:30:54,14.9800,4,197736.0000,132,B,14.9800,14.9700,14.9500,14.9400,14.9300,15.0000,15.0200,15.0300,15.0800,15.0900,25,3,39,2,40,18,15,7,58,88
SZ,002323,2017-01-03 09:30:57,15.0200,13,100598.0000,67,B,15.0200,15.0000,14.9800,14.9700,14.9500,15.0300,15.0800,15.0900,15.1000,15.1200,118,5,27,51,105,7,58,88,112,20
SZ,002323,2017-01-03 09:31:00,15.0200,1,9012.0000,6,S,15.0200,15.0000,14.9800,14.9700,14.9500,15.0300,15.0800,15.0900,15.1000,15.1200,112,38,35,51,122,7,58,88,112,20
SZ,002323,2017-01-03 09:31:03,15.0200,2,28538.0000,19,S,15.0200,15.0000,14.9800,14.9700,14.9600,15.0300,15.0800,15.0900,15.1000,15.1200,93,38,35,51,1,7,58,88,112,20
SZ,002323,2017-01-03 09:31:06,15.0200,2,9012.0000,6,S,15.0000,14.9800,14.9700,14.9600,14.9500,15.0200,15.0300,15.0800,15.0900,15.1000,38,35,51,11,127,19,7,58,88,108
SZ,002323,2017-01-03 09:31:09,15.0000,6,94510.0000,63,S,14.9800,14.9700,14.9600,14.9500,14.9400,15.0000,15.0200,15.0300,15.0800,15.0900,55,51,11,127,7,42,14,10,58,88
SZ,002323,2017-01-03 09:31:12,15.0300,8,130618.0000,87,B,15.0300,14.9800,14.9700,14.9600,14.9500,15.0800,15.0900,15.1000,15.1200,15.1400,113,84,51,11,127,58,88,108,19,68
SZ,002323,2017-01-03 09:31:15,15.0300,5,42084.0000,28,S,15.0300,15.0200,15.0000,14.9800,14.9700,15.0800,15.0900,15.1000,15.1200,15.1400,85,3,53,82,51,58,88,108,19,68
SZ,002323,2017-01-03 09:31:18,15.0300,3,39078.0000,26,S,15.0300,15.0200,15.0000,14.9800,14.9700,15.0800,15.0900,15.1000,15.1200,15.1400,59,8,106,82,51,58,88,108,19,68
SZ,002323,2017-01-03 09:31:21,15.0300,4,108216.0000,72,S,15.0200,15.0000,14.9800,14.9700,14.9600,15.0300,15.0800,15.0900,15.1000,15.1200,8,139,151,51,11,43,58,88,108,19
SZ,002323,2017-01-03 09:31:24,15.0300,9,117209.0000,78,B,15.0500,15.0000,14.9800,14.9700,14.9600,15.0800,15.0900,15.1000,15.1200,15.1400,39,166,151,51,13,58,88,106,19,68
SZ,002323,2017-01-03 09:31:30,15.0800,4,57196.0000,38,B,15.0500,15.0300,15.0100,15.0000,14.9800,15.0800,15.0900,15.1000,15.1200,15.1400,3,22,3,170,166,61,88,106,19,68
SZ,002323,2017-01-03 09:31:33,15.0300,3,15036.0000,10,S,15.0300,15.0100,15.0000,14.9800,14.9700,15.0800,15.0900,15.1000,15.1200,15.1400,32,178,208,166,51,61,88,106,19,68
SZ,002323,2017-01-03 09:31:36,15.0400,6,117540.0000,78,B,15.0400,15.0300,15.0100,15.0000,14.9800,15.0500,15.0800,15.0900,15.1000,15.1200,5,32,184,248,156,7,10,88,106,19
SZ,002323,2017-01-03 09:31:39,15.0500,2,9029.0000,6,B,15.0400,15.0300,15.0200,15.0100,15.0000,15.0500,15.0800,15.0900,15.1000,15.1200,4,32,100,184,248,15,20,88,106,19
SZ,002323,2017-01-03 09:31:42,15.0500,16,345511.0000,230,B,15.0500,15.0100,15.0000,14.9800,14.9700,15.0700,15.0800,15.0900,15.1000,15.1200,20,120,302,156,51,8,20,88,106,19
SZ,002323,2017-01-03 09:31:45,15.0500,5,45150.0000,30,S,15.0500,15.0300,15.0100,15.0000,14.9800,15.0700,15.0800,15.0900,15.1000,15.1200,26,10,120,302,159,8,20,88,104,19
SZ,002323,2017-01-03 09:31:48,15.0700,4,15063.0000,10,B,15.0500,15.0300,15.0100,15.0000,14.9800,15.0700,15.0800,15.0900,15.1000,15.1200,50,10,120,303,158,6,20,63,104,19
SZ,002323,2017-01-03 09:31:51,15.0700,18,324879.0000,216,B,15.0700,15.0500,15.0300,15.0000,14.9900,15.0800,15.0900,15.1000,15.1200,15.1400,24,5,15,273,28,20,63,104,27,68
SZ,002323,2017-01-03 09:31:54,15.0700,2,6030.0000,4,S,15.0700,15.0500,15.0300,15.0200,15.0000,15.0800,15.0900,15.1000,15.1200,15.1400,82,19,15,10,293,18,63,104,27,68
SZ,002323,2017-01-03 09:31:57,15.0800,4,27144.0000,18,B,15.0800,15.0700,15.0500,15.0300,15.0200,15.0900,15.1000,15.1200,15.1400,15.1600,11,180,19,15,10,83,104,27,68,504
SZ,002323,2017-01-03 09:32:00,15.0800,6,25636.0000,17,S,15.0800,15.0700,15.0600,15.0500,15.0300,15.0900,15.1000,15.1200,15.1400,15.1600,72,180,6,19,15,83,104,27,68,494
SZ,002323,2017-01-03 09:32:03,15.0900,7,110157.0000,73,B,15.0800,15.0700,15.0600,15.0500,15.0300,15.0900,15.1000,15.1200,15.1400,15.1600,77,185,6,19,15,10,104,27,68,494
SZ,002323,2017-01-03 09:32:06,15.0900,1,15090.0000,10,B,15.0900,15.0800,15.0700,15.0600,15.0500,15.1000,15.1200,15.1400,15.1600,15.1800,30,77,188,6,25,104,27,68,494,8
SZ,002323,2017-01-03 09:32:09,15.1000,3,15095.0000,10,B,15.0900,15.0800,15.0700,15.0600,15.0500,15.1000,15.1200,15.1400,15.1600,15.1800,25,77,188,6,32,99,27,68,494,8
SZ,002323,2017-01-03 09:32:12,15.1000,15,321182.0000,213,B,15.0700,15.0600,15.0500,15.0300,15.0200,15.1000,15.1200,15.1400,15.1600,15.1800,105,6,32,15,10,86,27,68,494,8
SZ,002323,2017-01-03 09:32:15,15.1000,6,89090.0000,59,B,15.0900,15.0700,15.0600,15.0500,15.0300,15.1000,15.1200,15.1400,15.1600,15.1800,3,105,6,34,15,27,27,68,494,8
SZ,002323,2017-01-03 09:32:18,15.1100,9,49836.0000,33,B,15.1100,15.1000,15.0900,15.0700,15.0600,15.1200,15.1400,15.1600,15.1800,15.1900,3,48,13,105,28,27,68,494,8,10
SZ,002323,2017-01-03 09:32:21,15.1000,3,16613.0000,11,S,15.1000,15.0900,15.0800,15.0700,15.0600,15.1200,15.1400,15.1600,15.1800,15.1900,45,14,10,85,28,27,68,494,8,10
SZ,002323,2017-01-03 09:32:24,15.1200,12,153897.0000,102,B,15.1100,15.0700,15.0600,15.0500,15.0300,15.1200,15.1400,15.1600,15.1800,15.1900,2,54,28,28,15,25,68,494,8,10
SZ,002323,2017-01-03 09:32:27,15.1100,3,27211.0000,18,S,15.1000,15.0700,15.0600,15.0500,15.0300,15.1100,15.1200,15.1400,15.1600,15.1800,19,54,28,28,15,45,12,68,494,8
SZ,002323,2017-01-03 09:32:30,15.1000,7,105730.0000,70,S,15.0900,15.0800,15.0700,15.0600,15.0500,15.1000,15.1100,15.1200,15.1400,15.1600,30,9,64,28,28,163,15,4,68,494
SZ,002323,2017-01-03 09:32:33,15.1000,4,101170.0000,67,B,15.0900,15.0800,15.0700,15.0600,15.0500,15.1000,15.1100,15.1200,15.1400,15.1600,36,9,64,28,28,96,15,4,68,494
SZ,002323,2017-01-03 09:32:36,15.0900,14,196051.0000,130,S,15.0700,15.0600,15.0500,15.0300,15.0200,15.0900,15.1000,15.1100,15.1200,15.1400,17,28,28,15,10,125,94,15,8,68
SZ,002323,2017-01-03 09:32:39,15.0800,5,156934.0000,104,S,15.0700,15.0600,15.0500,15.0300,15.0200,15.0800,15.0900,15.1000,15.1100,15.1200,17,28,28,15,10,51,123,95,15,8
SZ,002323,2017-01-03 09:32:42,15.0700,3,45210.0000,30,S,15.0700,15.0600,15.0500,15.0300,15.0200,15.0800,15.0900,15.1000,15.1100,15.1200,4,28,28,15,10,51,124,100,15,8
SZ,002323,2017-01-03 09:32:45,15.0800,10,139713.0000,93,B,15.0500,15.0300,15.0200,15.0000,14.9900,15.0800,15.0900,15.1000,15.1100,15.1200,21,15,10,261,28,10,124,100,15,8
SZ,002323,2017-01-03 09:32:48,15.1000,20,468039.0000,310,B,15.1000,15.0300,15.0200,15.0000,14.9900,15.1100,15.1200,15.1400,15.1500,15.1600,347,12,10,261,28,15,8,68,20,494
SZ,002323,2017-01-03 09:32:51,15.1000,4,51340.0000,34,S,15.1000,15.0300,15.0200,15.0000,14.9900,15.1100,15.1200,15.1400,15.1500,15.1600,313,12,10,261,28,15,4,68,150,494
SZ,002323,2017-01-03 09:32:54,15.1000,5,558885.0000,370,S,15.1000,15.0300,15.0200,15.0000,14.9900,15.1400,15.1500,15.1600,15.1800,15.1900,43,12,10,256,28,68,150,494,8,20
SZ,002323,2017-01-03 09:32:57,15.1000,3,76574.0000,51,S,15.0900,15.0600,15.0300,15.0200,15.0000,15.1000,15.1400,15.1500,15.1600,15.1800,100,16,12,10,256,49,68,150,494,8
SZ,002323,2017-01-03 09:33:00,15.1000,4,83485.0000,55,B,15.1000,15.0900,15.0600,15.0300,15.0200,15.1200,15.1400,15.1500,15.1600,15.1800,0,97,16,12,10,4,168,150,494,8
SZ,002323,2017-01-03 09:33:06,15.1000,3,9060.0000,6,S,15.1000,15.0900,15.0600,15.0300,15.0200,15.1200,15.1400,15.1500,15.1600,15.1800,30,97,16,12,10,80,168,150,494,8
SZ,002323,2017-01-03 09:33:09,15.1000,3,46372.0000,31,S,15.0900,15.0600,15.0300,15.0200,15.0000,15.1000,15.1200,15.1400,15.1500,15.1600,97,16,12,10,256,184,80,168,150,494
SZ,002323,2017-01-03 09:33:12,15.1000,6,116265.0000,77,B,15.0900,15.0600,15.0500,15.0300,15.0200,15.1000,15.1200,15.1400,15.1500,15.1600,92,16,15,12,10,112,80,168,150,494
SZ,002323,2017-01-03 09:33:15,15.1000,5,123820.0000,82,B,15.0900,15.0600,15.0500,15.0300,15.0200,15.1000,15.1200,15.1400,15.1500,15.1600,142,16,15,12,10,44,4,168,150,494
SZ,002323,2017-01-03 09:33:18,15.0900,3,57370.0000,38,S,15.0900,15.0600,15.0500,15.0300,15.0200,15.1000,15.1200,15.1400,15.1500,15.1600,132,16,15,12,10,24,4,173,150,494
SZ,002323,2017-01-03 09:33:21,15.0900,2,6036.0000,4,S,15.0900,15.0600,15.0500,15.0300,15.0200,15.1000,15.1200,15.1400,15.1500,15.1600,128,16,15,12,10,32,14,173,150,494
SZ,002323,2017-01-03 09:33:24,15.1000,6,25669.0000,17,B,15.0900,15.0600,15.0500,15.0300,15.0200,15.1000,15.1200,15.1400,15.1500,15.1600,133,16,20,12,10,16,28,173,152,494
SZ,002323,2017-01-03 09:33:27,15.1400,21,443790.0000,293,B,15.1400,15.1000,15.0900,15.0600,15.0500,15.1500,15.1600,15.1800,15.1900,15.2000,3,14,109,16,20,152,494,8,20,22
SZ,002323,2017-01-03 09:33:30,15.0900,5,69447.0000,46,S,15.0900,15.0800,15.0600,15.0500,15.0300,15.1000,15.1200,15.1500,15.1600,15.1800,80,3,16,20,12,1,38,152,494,8
SZ,002323,2017-01-03 09:33:33,15.0900,6,126318.0000,84,S,15.0800,15.0700,15.0500,15.0300,15.0200,15.0900,15.1000,15.1200,15.1400,15.1500,3,1,20,12,10,121,1,38,133,152
SZ,002323,2017-01-03 09:33:36,15.1500,9,453520.0000,300,B,15.0800,15.0700,15.0500,15.0300,15.0200,15.0900,15.1400,15.1500,15.1600,15.1800,19,1,20,12,20,5,4,145,494,8
SZ,002323,2017-01-03 09:33:39,15.1500,7,62073.0000,41,S,15.0900,15.0800,15.0700,15.0500,15.0300,15.1600,15.1800,15.1900,15.2000,15.2500,3,19,1,20,12,494,8,20,22,18
SZ,002323,2017-01-03 09:33:42,15.0800,3,15083.0000,10,S,15.0800,15.0700,15.0500,15.0300,15.0200,15.1200,15.1300,15.1600,15.1800,15.1900,22,13,20,12,20,30,10,494,8,20
SZ,002323,2017-01-03 09:33:51,15.1200,4,60450.0000,40,B,15.1200,15.1000,15.0900,15.0800,15.0700,15.1300,15.1400,15.1500,15.1600,15.1800,51,10,62,33,13,10,130,30,494,8
SZ,002323,2017-01-03 09:33:54,15.1400,5,80230.0000,53,B,15.1200,15.1000,15.0900,15.0800,15.0700,15.1400,15.1500,15.1600,15.1800,15.1900,130,16,75,83,13,88,60,494,8,20
SZ,002323,2017-01-03 09:33:57,15.1200,2,22680.0000,15,S,15.1200,15.1000,15.0900,15.0800,15.0700,15.1400,15.1500,15.1600,15.1800,15.1900,115,16,85,95,13,88,60,494,8,20
SZ,002323,2017-01-03 09:34:00,15.1400,8,183120.0000,121,B,15.1200,15.1000,15.0900,15.0800,15.0700,15.1400,15.1500,15.1600,15.1800,15.1900,78,26,85,136,13,4,60,494,8,20
SZ,002323,2017-01-03 09:34:03,15.1500,6,31799.0000,21,B,15.1400,15.1200,15.1000,15.0900,15.0800,15.1500,15.1600,15.1800,15.1900,15.2000,15,74,26,90,156,47,494,8,20,22
SZ,002323,2017-01-03 09:34:06,15.1500,4,34834.0000,23,B,15.1400,15.1300,15.1200,15.1000,15.0900,15.1500,15.1600,15.1800,15.1900,15.2000,8,33,74,26,90,36,494,8,20,22
SZ,002323,2017-01-03 09:34:12,15.1500,9,113542.0000,75,B,15.1300,15.1200,15.1100,15.1000,15.0900,15.1500,15.1600,15.1800,15.1900,15.2000,16,43,1,34,80,105,494,8,20,41
SZ,002323,2017-01-03 09:34:15,15.1500,4,28769.0000,19,B,15.1400,15.1300,15.1200,15.1100,15.1000,15.1500,15.1600,15.1800,15.1900,15.2000,127,20,43,1,34,268,494,8,20,41
SZ,002323,2017-01-03 09:34:18,15.1500,8,83325.0000,55,B,15.1400,15.1300,15.1200,15.1100,15.1000,15.1500,15.1600,15.1800,15.1900,15.2000,127,20,43,1,34,213,494,8,20,41
SZ,002323,2017-01-03 09:34:21,15.1400,5,51486.0000,34,S,15.1400,15.1300,15.1200,15.1100,15.1000,15.1500,15.1600,15.1800,15.1900,15.2000,203,20,43,1,34,203,494,8,20,41
SZ,002323,2017-01-03 09:34:24,15.1500,4,101475.0000,67,B,15.1400,15.1300,15.1200,15.1000,15.0900,15.1500,15.1600,15.1800,15.1900,15.2000,173,20,43,34,52,166,494,8,20,41
SZ,002323,2017-01-03 09:34:30,15.1500,7,189366.0000,125,B,15.1400,15.1300,15.1200,15.1100,15.1000,15.1500,15.1600,15.1800,15.1900,15.2000,164,20,43,9,83,51,494,8,20,42
SZ,002323,2017-01-03 09:34:33,15.1500,2,13627.0000,9,B,15.1400,15.1300,15.1200,15.1100,15.1000,15.1500,15.1600,15.1800,15.1900,15.2000,156,20,53,9,83,70,494,8,20,42
SZ,002323,2017-01-03 09:34:36,15.1500,2,15150.0000,10,B,15.1400,15.1300,15.1200,15.1100,15.1000,15.1500,15.1600,15.1800,15.1900,15.2000,156,20,53,9,77,60,494,8,20,37
SZ,002323,2017-01-03 09:34:39,15.1500,13,245317.0000,162,B,15.1400,15.1300,15.1200,15.1100,15.1000,15.1500,15.1600,15.1800,15.1900,15.2000,43,20,53,9,77,16,494,10,20,37
SZ,002323,2017-01-03 09:34:42,15.1400,7,71183.0000,47,S,15.1400,15.1300,15.1200,15.1100,15.1000,15.1500,15.1600,15.1800,15.1900,15.2000,23,20,53,9,79,18,494,10,20,37
SZ,002323,2017-01-03 09:34:45,15.1600,6,56070.0000,37,B,15.1400,15.1300,15.1200,15.1100,15.1000,15.1600,15.1800,15.1900,15.2000,15.2500,51,20,53,9,184,477,10,20,37,32
SZ,002323,2017-01-03 09:34:48,15.1400,2,13629.0000,9,S,15.1500,15.1400,15.1300,15.1200,15.1100,15.1600,15.1800,15.1900,15.2000,15.2500,21,45,20,53,9,477,10,20,47,32
SZ,002323,2017-01-03 09:34:51,15.1600,7,63619.0000,42,B,15.1500,15.1400,15.1300,15.1200,15.1100,15.1600,15.1800,15.1900,15.2000,15.2500,17,29,20,53,9,472,10,20,47,32
SZ,002323,2017-01-03 09:34:54,15.1500,7,110614.0000,73,S,15.1500,15.1400,15.1300,15.1200,15.1100,15.1600,15.1800,15.1900,15.2000,15.2500,5,32,21,53,9,453,10,20,47,32
SZ,002323,2017-01-03 09:34:57,15.1500,7,324411.0000,214,S,15.1400,15.1300,15.1200,15.1100,15.1000,15.1500,15.1600,15.1800,15.1900,15.2000,32,21,53,9,223,30,252,10,20,45
SZ,002323,2017-01-03 09:35:00,15.1500,3,19695.0000,13,B,15.1400,15.1300,15.1200,15.1100,15.1000,15.1500,15.1600,15.1800,15.1900,15.2000,32,21,53,9,273,58,252,10,20,50
SZ,002323,2017-01-03 09:35:03,15.1500,7,43935.0000,29,B,15.1400,15.1300,15.1200,15.1100,15.1000,15.1500,15.1600,15.1800,15.1900,15.2000,33,21,53,9,273,44,385,10,20,50
SZ,002323,2017-01-03 09:35:06,15.1400,4,19690.0000,13,S,15.1400,15.1300,15.1200,15.1100,15.1000,15.1500,15.1600,15.1800,15.1900,15.2000,28,17,53,9,273,91,385,10,20,35
SZ,002323,2017-01-03 09:35:09,15.1300,21,482053.0000,319,S,15.1000,15.0900,15.0800,15.0700,15.0500,15.1300,15.1500,15.1600,15.1800,15.1900,80,54,289,27,25,1,124,385,10,20
SZ,002323,2017-01-03 09:35:12,15.1500,9,83299.0000,55,B,15.1000,15.0900,15.0800,15.0700,15.0500,15.1400,15.1500,15.1600,15.1800,15.1900,80,54,289,27,25,31,100,385,10,21
SZ,002323,2017-01-03 09:35:15,15.1400,2,9084.0000,6,B,15.1000,15.0900,15.0800,15.0700,15.0500,15.1400,15.1500,15.1600,15.1800,15.1900,80,54,289,27,25,25,103,385,10,21
SZ,002323,2017-01-03 09:35:18,15.1000,7,60476.0000,40,S,15.1000,15.0900,15.0800,15.0700,15.0500,15.1400,15.1500,15.1600,15.1800,15.1900,59,54,289,27,25,74,173,385,10,21
SZ,002323,2017-01-03 09:35:21,15.1000,4,34738.0000,23,S,15.1000,15.0900,15.0800,15.0700,15.0500,15.1300,15.1400,15.1500,15.1600,15.1800,38,56,289,27,25,30,76,273,385,10
SZ,002323,2017-01-03 09:35:24,15.1300,1,4539.0000,3,B,15.1200,15.1100,15.1000,15.0900,15.0800,15.1300,15.1400,15.1500,15.1600,15.1800,7,6,38,56,289,27,83,273,385,10
SZ,002323,2017-01-03 09:35:27,15.0900,14,464843.0000,308,S,15.0800,15.0700,15.0500,15.0300,15.0200,15.0900,15.1000,15.1200,15.1300,15.1400,289,27,25,22,22,96,3,10,56,83
SZ,002323,2017-01-03 09:35:30,15.0900,2,16599.0000,11,B,15.0800,15.0700,15.0500,15.0300,15.0200,15.0900,15.1000,15.1200,15.1300,15.1400,289,27,25,22,22,85,3,10,56,79
SZ,002323,2017-01-03 09:35:33,15.0800,9,230787.0000,153,S,15.0800,15.0700,15.0500,15.0300,15.0200,15.0900,15.1000,15.1200,15.1300,15.1400,199,27,25,22,22,22,3,10,56,79
SZ,002323,2017-01-03 09:35:36,15.0900,3,40743.0000,27,B,15.0900,15.0800,15.0700,15.0500,15.0300,15.1000,15.1200,15.1300,15.1400,15.1500,59,199,18,25,22,3,10,29,79,198
SZ,002323,2017-01-03 09:35:39,15.0900,1,15090.0000,10,S,15.0900,15.0800,15.0700,15.0500,15.0300,15.1000,15.1200,15.1400,15.1500,15.1600,52,199,18,25,22,3,10,25,198,394
SZ,002323,2017-01-03 09:35:42,15.0900,8,111666.0000,74,S,15.0900,15.0800,15.0700,15.0500,15.0300,15.1000,15.1200,15.1400,15.1500,15.1600,191,209,21,25,22,2,10,25,198,394
SZ,002323,2017-01-03 09:35:45,15.0900,3,13581.0000,9,S,15.0900,15.0800,15.0700,15.0500,15.0300,15.1000,15.1200,15.1300,15.1400,15.1500,183,209,21,25,22,11,21,5,25,198
SZ,002323,2017-01-03 09:35:48,15.0900,7,79977.0000,53,S,15.0900,15.0800,15.0700,15.0500,15.0300,15.1000,15.1200,15.1300,15.1400,15.1500,130,209,21,28,22,11,21,5,26,198
SZ,002323,2017-01-03 09:35:51,15.0900,8,33218.0000,22,S,15.1000,15.0900,15.0800,15.0700,15.0500,15.1200,15.1300,15.1400,15.1500,15.1600,23,130,209,21,28,21,5,26,198,394
SZ,002323,2017-01-03 09:35:54,15.0900,7,117758.0000,78,S,15.0900,15.0800,15.0700,15.0500,15.0300,15.1200,15.1300,15.1400,15.1500,15.1600,126,209,21,28,22,20,5,12,198,394
SZ,002323,2017-01-03 09:35:57,15.0900,4,18108.0000,12,S,15.0900,15.0800,15.0700,15.0500,15.0300,15.1200,15.1300,15.1400,15.1500,15.1600,159,209,21,28,22,20,5,12,198,394
SZ,002323,2017-01-03 09:36:00,15.1000,2,12080.0000,8,B,15.1000,15.0900,15.0800,15.0700,15.0500,15.1200,15.1300,15.1400,15.1500,15.1600,4,164,216,31,28,20,5,5,198,394
SZ,002323,2017-01-03 09:36:06,15.1000,4,16612.0000,11,S,15.1000,15.0900,15.0800,15.0700,15.0500,15.1100,15.1200,15.1300,15.1400,15.1500,43,184,216,31,33,32,20,5,24,202
SZ,002323,2017-01-03 09:36:09,15.1000,4,21142.0000,14,S,15.1000,15.0900,15.0800,15.0700,15.0500,15.1100,15.1200,15.1300,15.1400,15.1500,138,184,216,31,33,30,20,5,24,202
SZ,002323,2017-01-03 09:36:12,15.1200,6,87650.0000,58,B,15.1200,15.1000,15.0900,15.0800,15.0700,15.1300,15.1400,15.1500,15.1600,15.1800,21,132,183,217,31,5,24,202,399,8
SZ,002323,2017-01-03 09:36:15,15.1100,4,54412.0000,36,S,15.1100,15.1000,15.0900,15.0800,15.0700,15.1300,15.1400,15.1500,15.1600,15.1800,14,123,183,219,31,5,24,202,286,8
SZ,002323,2017-01-03 09:36:18,15.1100,1,4533.0000,3,S,15.1200,15.1100,15.1000,15.0900,15.0800,15.1300,15.1400,15.1500,15.1600,15.1800,5,11,123,213,219,5,24,202,286,8
SZ,002323,2017-01-03 09:36:21,15.1300,6,72569.0000,48,B,15.1000,15.0900,15.0800,15.0700,15.0600,15.1300,15.1400,15.1500,15.1600,15.1800,128,231,204,31,37,9,24,202,286,8
SZ,002323,2017-01-03 09:36:24,15.1100,13,343799.0000,227,S,15.1300,15.1100,15.1000,15.0900,15.0800,15.1400,15.1500,15.1600,15.1800,15.1900,11,8,123,231,204,2,24,286,8,21
SZ,002323,2017-01-03 09:36:27,15.1200,4,28738.0000,19,S,15.1100,15.1000,15.0900,15.0800,15.0700,15.1200,15.1400,15.1500,15.1600,15.1800,36,123,211,204,31,12,2,25,286,8
SZ,002323,2017-01-03 09:36:30,15.1200,4,18144.0000,12,B,15.1200,15.1100,15.1000,15.0900,15.0800,15.1400,15.1500,15.1600,15.1800,15.1900,15,66,124,211,204,2,75,286,8,21
SZ,002323,2017-01-03 09:36:36,15.1300,3,15135.0000,10,S,15.1200,15.1100,15.1000,15.0900,15.0800,15.1400,15.1500,15.1600,15.1800,15.1900,125,66,127,191,203,8,75,286,8,21
SZ,002323,2017-01-03 09:36:42,15.1300,2,4539.0000,3,S,15.1200,15.1100,15.1000,15.0900,15.0800,15.1300,15.1400,15.1500,15.1600,15.1800,125,66,86,191,203,29,11,75,286,8
SZ,002323,2017-01-03 09:36:48,15.1300,1,12104.0000,8,B,15.1200,15.1100,15.1000,15.0900,15.0800,15.1300,15.1400,15.1500,15.1600,15.1800,130,66,26,191,203,21,17,111,286,8
SZ,002323,2017-01-03 09:36:51,15.1300,2,54468.0000,36,B,15.1300,15.1200,15.1100,15.1000,15.0900,15.1400,15.1500,15.1600,15.1800,15.1900,11,130,66,26,191,17,61,286,8,21
SZ,002323,2017-01-03 09:36:54,15.1300,2,10591.0000,7,S,15.1300,15.1200,15.1100,15.1000,15.0900,15.1400,15.1500,15.1600,15.1800,15.1900,5,130,66,26,261,17,61,281,8,21
SZ,002323,2017-01-03 09:37:00,15.1400,3,25738.0000,17,B,15.1400,15.1300,15.1200,15.1100,15.1000,15.1500,15.1600,15.1800,15.1900,15.2000,90,73,140,66,28,69,281,8,21,64
SZ,002323,2017-01-03 09:37:03,15.1400,1,3028.0000,2,S,15.1400,15.1300,15.1200,15.1100,15.1000,15.1500,15.1600,15.1800,15.1900,15.2000,88,94,140,66,28,79,281,8,21,64
SZ,002323,2017-01-03 09:37:09,15.1400,1,9084.0000,6,S,15.1400,15.1300,15.1200,15.1100,15.1000,15.1500,15.1600,15.1800,15.1900,15.2000,156,151,30,66,22,79,272,8,21,69
SZ,002323,2017-01-03 09:37:12,15.1400,3,48450.0000,32,S,15.1400,15.1300,15.1200,15.1100,15.1000,15.1500,15.1600,15.1800,15.1900,15.2000,126,130,30,66,8,77,272,8,21,71
SZ,002323,2017-01-03 09:37:15,15.1500,5,48480.0000,32,B,15.1400,15.1300,15.1200,15.1100,15.1000,15.1500,15.1600,15.1800,15.1900,15.2000,126,70,30,56,8,111,272,8,21,71
SZ,002323,2017-01-03 09:37:18,15.1500,14,216628.0000,143,B,15.1500,15.1400,15.1300,15.1200,15.1100,15.1600,15.1800,15.1900,15.2000,15.2100,93,109,73,30,49,272,8,21,71,4
SZ,002323,2017-01-03 09:37:21,15.1600,1,4548.0000,3,B,15.1500,15.1400,15.1300,15.1200,15.1100,15.1600,15.1800,15.1900,15.2000,15.2100,141,109,24,30,49,269,8,21,71,4
SZ,002323,2017-01-03 09:37:24,15.1600,1,1516.0000,1,B,15.1500,15.1400,15.1300,15.1200,15.1100,15.1600,15.1800,15.1900,15.2000,15.2100,169,109,24,30,20,268,8,21,71,4
SZ,002323,2017-01-03 09:37:27,15.1600,2,171308.0000,113,B,15.1500,15.1400,15.1300,15.1200,15.1100,15.1600,15.1800,15.1900,15.2000,15.2100,169,109,24,30,20,155,8,21,71,4
SZ,002323,2017-01-03 09:37:30,15.1600,8,130320.0000,86,B,15.1500,15.1400,15.1300,15.1200,15.1100,15.1600,15.1800,15.1900,15.2000,15.2100,103,109,24,30,20,125,8,21,71,4
SZ,002323,2017-01-03 09:37:33,15.2000,21,371783.0000,245,B,15.2000,15.1600,15.1500,15.1400,15.1300,15.2100,15.2500,15.2700,15.2800,15.2900,4,10,103,109,24,4,32,3,3,87
SZ,002323,2017-01-03 09:37:36,15.1500,15,259095.0000,171,S,15.1400,15.1300,15.1200,15.1100,15.1000,15.1500,15.2100,15.2500,15.2700,15.2800,109,24,15,20,8,29,4,32,3,3
SZ,002323,2017-01-03 09:37:39,15.2100,5,75791.0000,50,B,15.2100,15.1600,15.1400,15.1300,15.1200,15.2500,15.2700,15.2800,15.2900,15.3000,25,108,109,24,15,32,3,3,87,320
SZ,002323,2017-01-03 09:37:42,15.2100,1,12168.0000,8,S,15.2100,15.1600,15.1500,15.1400,15.1300,15.2500,15.2700,15.2800,15.2900,15.3000,17,169,30,109,24,32,3,3,87,320
SZ,002323,2017-01-03 09:37:45,15.2500,4,44204.0000,29,B,15.2100,15.1600,15.1500,15.1400,15.1300,15.2500,15.2700,15.2800,15.2900,15.3000,60,180,30,109,24,15,3,13,87,320
SZ,002323,2017-01-03 09:37:48,15.2500,3,22875.0000,15,B,15.2500,15.2100,15.1900,15.1700,15.1600,15.2700,15.2800,15.2900,15.3000,15.3100,15,62,10,2,170,3,15,137,320,7
SZ,002323,2017-01-03 09:37:51,15.2700,7,41173.0000,27,B,15.2700,15.2500,15.2100,15.1900,15.1700,15.2800,15.2900,15.3000,15.3100,15.3200,14,3,61,10,2,395,137,320,7,58
SZ,002323,2017-01-03 09:37:54,15.2700,9,160430.0000,105,S,15.2700,15.2500,15.2100,15.1900,15.1700,15.2800,15.2900,15.3000,15.3100,15.3200,3,3,61,10,2,301,137,320,7,58
SZ,002323,2017-01-03 09:37:57,15.2700,10,68708.0000,45,S,15.2500,15.2100,15.1900,15.1700,15.1600,15.2700,15.2800,15.2900,15.3000,15.3100,8,45,10,2,88,39,296,187,324,7
SZ,002323,2017-01-03 09:38:00,15.2700,7,41208.0000,27,B,15.2500,15.2200,15.2100,15.1900,15.1700,15.2700,15.2800,15.2900,15.3000,15.3100,1,5,45,10,2,53,296,187,317,7
SZ,002323,2017-01-03 09:38:03,15.2200,14,117560.0000,77,S,15.2200,15.2100,15.1900,15.1700,15.1600,15.2700,15.2800,15.2900,15.3000,15.3100,2,2,10,2,88,255,296,187,314,7
SZ,002323,2017-01-03 09:38:06,15.2700,6,148116.0000,97,B,15.2100,15.1900,15.1700,15.1600,15.1500,15.2700,15.2800,15.2900,15.3000,15.3100,2,10,2,10,34,183,296,187,324,7
SZ,002323,2017-01-03 09:38:09,15.2700,3,53442.0000,35,B,15.2200,15.2100,15.1900,15.1700,15.1600,15.2500,15.2600,15.2700,15.2800,15.2900,8,2,10,2,10,10,1,176,296,187
SZ,002323,2017-01-03 09:38:12,15.2000,14,274306.0000,180,S,15.1900,15.1700,15.1600,15.1500,15.1400,15.2000,15.2700,15.2800,15.2900,15.3000,10,2,9,35,103,28,146,396,187,324
SZ,002323,2017-01-03 09:38:15,15.2000,4,28880.0000,19,B,15.1900,15.1700,15.1600,15.1500,15.1400,15.2000,15.2200,15.2500,15.2700,15.2800,10,2,9,35,103,9,23,1,152,396
SZ,002323,2017-01-03 09:38:18,15.2200,3,24332.0000,16,B,15.2000,15.1900,15.1700,15.1600,15.1500,15.2200,15.2500,15.2700,15.2800,15.2900,45,10,2,9,35,18,1,265,396,187
SZ,002323,2017-01-03 09:38:21,15.2200,7,123152.0000,81,B,15.2000,15.1800,15.1700,15.1600,15.1500,15.2100,15.2200,15.2500,15.2600,15.2700,2,15,2,9,35,236,2,1,125,280
SZ,002323,2017-01-03 09:38:24,15.1500,10,185140.0000,122,S,15.1400,15.1300,15.1200,15.1100,15.1000,15.1500,15.1900,15.2100,15.2200,15.2500,91,16,15,20,10,1,4,215,5,1
SZ,002323,2017-01-03 09:38:27,15.2100,6,77556.0000,51,B,15.1500,15.1400,15.1300,15.1200,15.1100,15.2100,15.2200,15.2500,15.2600,15.2700,16,91,16,15,20,169,9,31,140,280
SZ,002323,2017-01-03 09:38:30,15.2000,4,27330.0000,18,S,15.1500,15.1400,15.1300,15.1200,15.1100,15.2000,15.2100,15.2200,15.2500,15.2600,19,91,16,15,20,75,169,9,31,140
SZ,002323,2017-01-03 09:38:33,15.2000,6,45600.0000,30,B,15.1500,15.1400,15.1300,15.1200,15.1100,15.2000,15.2100,15.2200,15.2500,15.2600,21,151,16,15,20,152,162,9,41,140
SZ,002323,2017-01-03 09:38:36,15.1500,3,28850.0000,19,S,15.1600,15.1500,15.1400,15.1300,15.1200,15.1900,15.2000,15.2100,15.2200,15.2500,5,55,151,16,15,24,164,175,8,47
SZ,002323,2017-01-03 09:38:39,15.2000,8,75968.0000,50,B,15.1900,15.1600,15.1500,15.1400,15.1300,15.2000,15.2100,15.2200,15.2500,15.2600,14,3,60,151,16,140,175,8,59,132
SZ,002323,2017-01-03 09:38:42,15.2000,3,25832.0000,17,B,15.1900,15.1600,15.1500,15.1400,15.1300,15.2000,15.2100,15.2200,15.2500,15.2600,10,3,98,151,16,154,175,8,59,132
SZ,002323,2017-01-03 09:38:45,15.1900,3,33440.0000,22,S,15.1900,15.1600,15.1500,15.1400,15.1300,15.2000,15.2100,15.2200,15.2500,15.2600,17,72,113,151,16,137,180,8,59,136
SZ,002323,2017-01-03 09:38:48,15.1900,6,48592.0000,32,S,15.1600,15.1500,15.1400,15.1300,15.1200,15.1900,15.2000,15.2100,15.2200,15.2500,125,110,152,16,15,29,141,180,8,59
SZ,002323,2017-01-03 09:38:51,15.1900,2,30380.0000,20,B,15.1600,15.1500,15.1400,15.1300,15.1200,15.1900,15.2000,15.2100,15.2200,15.2500,125,113,152,16,15,11,189,180,8,65
SZ,002323,2017-01-03 09:38:54,15.2000,6,33428.0000,22,B,15.1600,15.1500,15.1400,15.1300,15.1200,15.1900,15.2000,15.2100,15.2200,15.2500,125,113,152,16,15,5,178,32,8,65
SZ,002323,2017-01-03 09:38:57,15.1900,7,129182.0000,85,B,15.1900,15.1600,15.1500,15.1400,15.1300,15.2000,15.2100,15.2200,15.2500,15.2600,4,124,116,152,16,104,32,8,66,136
SZ,002323,2017-01-03 09:39:00,15.2000,10,85086.0000,56,B,15.1900,15.1800,15.1700,15.1600,15.1500,15.2000,15.2100,15.2200,15.2500,15.2600,2,35,40,124,116,77,32,8,46,136
SZ,002323,2017-01-03 09:39:03,15.1900,5,62264.0000,41,S,15.1900,15.1800,15.1700,15.1600,15.1500,15.2000,15.2100,15.2200,15.2500,15.2600,36,20,40,124,116,84,32,8,46,136
SZ,002323,2017-01-03 09:39:06,15.1900,1,42532.0000,28,S,15.1900,15.1800,15.1700,15.1600,15.1500,15.2000,15.2100,15.2200,15.2500,15.2600,11,20,40,124,116,127,27,8,46,129
SZ,002323,2017-01-03 09:39:09,15.2000,1,4560.0000,3,B,15.1900,15.1800,15.1700,15.1600,15.1500,15.2000,15.2100,15.2200,15.2500,15.2600,16,20,134,124,84,124,27,13,56,129
SZ,002323,2017-01-03 09:39:12,15.2000,14,191520.0000,126,B,15.2000,15.1900,15.1800,15.1700,15.1600,15.2100,15.2200,15.2500,15.2600,15.2700,23,16,20,134,124,27,13,56,129,144
SZ,002323,2017-01-03 09:39:15,15.2000,1,6080.0000,4,S,15.2000,15.1900,15.1800,15.1700,15.1600,15.2100,15.2200,15.2500,15.2600,15.2700,19,16,20,134,124,27,13,60,129,144
SZ,002323,2017-01-03 09:39:18,15.2000,12,106380.0000,70,S,15.1800,15.1700,15.1600,15.1500,15.1400,15.2100,15.2200,15.2500,15.2600,15.2700,40,134,124,84,142,27,9,60,129,144
SZ,002323,2017-01-03 09:39:21,15.1900,3,9114.0000,6,S,15.1800,15.1700,15.1600,15.1500,15.1400,15.1900,15.2000,15.2100,15.2200,15.2500,40,134,124,84,141,5,5,27,9,63
SZ,002323,2017-01-03 09:39:24,15.2300,9,76052.0000,50,B,15.2300,15.2100,15.2000,15.1900,15.1800,15.2500,15.2600,15.2700,15.2800,15.2900,18,198,1,3,83,63,129,166,428,87
SZ,002323,2017-01-03 09:39:27,15.2300,2,12184.0000,8,S,15.2300,15.2200,15.2100,15.2000,15.1900,15.2500,15.2600,15.2700,15.2800,15.2900,10,5,200,1,12,71,129,166,432,87
SZ,002323,2017-01-03 09:39:30,15.2100,6,237302.0000,156,S,15.2100,15.2000,15.1900,15.1800,15.1700,15.2500,15.2600,15.2700,15.2800,15.2900,59,1,12,83,134,138,129,166,432,87
SZ,002323,2017-01-03 09:39:33,15.2400,2,32004.0000,21,B,15.2400,15.2100,15.2000,15.1900,15.1800,15.2500,15.2600,15.2700,15.2800,15.2900,80,59,3,9,89,129,129,166,432,87
SZ,002323,2017-01-03 09:39:36,15.2400,1,30480.0000,20,S,15.2400,15.2100,15.2000,15.1900,15.1800,15.2500,15.2600,15.2700,15.2800,15.2900,60,59,3,10,89,129,129,166,432,65
SZ,002323,2017-01-03 09:39:39,15.2500,12,96056.0000,63,B,15.2400,15.2100,15.2000,15.1900,15.1800,15.2500,15.2600,15.2700,15.2800,15.2900,42,66,8,10,89,84,29,166,432,65
SZ,002323,2017-01-03 09:39:42,15.2400,10,172040.0000,113,S,15.2100,15.2000,15.1900,15.1800,15.1700,15.2300,15.2400,15.2500,15.2600,15.2700,19,8,10,89,94,7,12,94,29,166
SZ,002323,2017-01-03 09:39:45,15.2400,13,152452.0000,100,B,15.2100,15.2000,15.1900,15.1800,15.1700,15.2500,15.2600,15.2700,15.2800,15.2900,19,41,10,89,94,34,29,161,428,65
SZ,002323,2017-01-03 09:39:48,15.2000,14,173564.0000,114,S,15.1900,15.1800,15.1700,15.1600,15.1500,15.2000,15.2400,15.2600,15.2700,15.2800,10,89,94,124,84,31,20,29,159,426
SZ,002323,2017-01-03 09:39:51,15.2000,2,18240.0000,12,B,15.1900,15.1800,15.1700,15.1600,15.1500,15.2000,15.2400,15.2600,15.2700,15.2800,10,89,94,124,84,19,20,30,159,426
SZ,002323,2017-01-03 09:39:54,15.2400,4,38008.0000,25,B,15.2000,15.1900,15.1800,15.1700,15.1600,15.2400,15.2600,15.2700,15.2800,15.2900,22,10,89,94,124,18,30,164,436,65
SZ,002323,2017-01-03 09:39:57,15.2400,2,24384.0000,16,B,15.2000,15.1900,15.1800,15.1700,15.1600,15.2300,15.2400,15.2600,15.2700,15.2800,81,10,89,94,124,5,2,30,164,437
SZ,002323,2017-01-03 09:40:00,15.2300,2,6092.0000,4,B,15.2100,15.2000,15.1900,15.1800,15.1700,15.2300,15.2400,15.2600,15.2700,15.2800,3,97,10,89,94,1,70,30,164,437
SZ,002323,2017-01-03 09:40:03,15.2000,2,7602.0000,5,S,15.2000,15.1900,15.1800,15.1700,15.1600,15.2300,15.2400,15.2500,15.2600,15.2700,100,10,89,94,124,1,101,5,30,164
SZ,002323,2017-01-03 09:40:09,15.2100,6,76074.0000,50,S,15.2100,15.2000,15.1900,15.1800,15.1700,15.2300,15.2400,15.2500,15.2600,15.2700,36,123,10,89,94,9,129,10,32,164
SZ,002323,2017-01-03 09:40:12,15.2300,5,22844.0000,15,B,15.2100,15.2000,15.1900,15.1800,15.1700,15.2300,15.2400,15.2500,15.2600,15.2700,36,174,10,49,94,1,129,10,42,164
SZ,002323,2017-01-03 09:40:15,15.2100,1,27380.0000,18,S,15.2100,15.2000,15.1900,15.1800,15.1700,15.2200,15.2300,15.2400,15.2500,15.2600,49,175,10,49,94,71,8,129,60,42
SZ,002323,2017-01-03 09:40:18,15.2200,7,135404.0000,89,B,15.2000,15.1900,15.1800,15.1700,15.1600,15.2200,15.2300,15.2400,15.2500,15.2600,173,10,57,94,124,63,8,131,60,42
SZ,002323,2017-01-03 09:40:21,15.2100,3,36516.0000,24,S,15.2000,15.1900,15.1800,15.1700,15.1600,15.2100,15.2200,15.2300,15.2400,15.2500,173,10,57,94,124,1,52,21,121,65
SZ,002323,2017-01-03 09:40:24,15.2000,18,266000.0000,175,S,15.1900,15.1800,15.1700,15.1600,15.1500,15.2000,15.2100,15.2200,15.2300,15.2400,10,67,94,124,101,250,10,52,26,121
SZ,002323,2017-01-03 09:40:27,15.2000,2,6080.0000,4,B,15.1900,15.1800,15.1700,15.1600,15.1500,15.2000,15.2100,15.2200,15.2300,15.2400,9,67,94,124,101,1092,20,54,19,126
SZ,002323,2017-01-03 09:40:30,15.1900,6,34940.0000,23,S,15.1800,15.1700,15.1600,15.1500,15.1400,15.1900,15.2000,15.2100,15.2200,15.2300,67,94,124,88,61,3,1101,26,79,19
SZ,002323,2017-01-03 09:40:33,15.1800,17,484618.0000,319,S,15.1700,15.1600,15.1500,15.1400,15.1300,15.1800,15.2000,15.2100,15.2200,15.2300,94,124,88,61,11,234,959,28,81,19
SZ,002323,2017-01-03 09:40:36,15.1800,2,12144.0000,8,B,15.1700,15.1600,15.1500,15.1400,15.1300,15.1800,15.1900,15.2000,15.2100,15.2200,94,124,88,61,11,227,7,944,28,81
SZ,002323,2017-01-03 09:40:39,15.1800,6,66756.0000,44,B,15.1700,15.1600,15.1500,15.1400,15.1300,15.1800,15.1900,15.2000,15.2100,15.2200,58,124,88,61,11,219,7,984,22,88
SZ,002323,2017-01-03 09:40:42,15.1700,4,66768.0000,44,S,15.1700,15.1600,15.1500,15.1400,15.1300,15.1800,15.1900,15.2000,15.2100,15.2200,34,124,88,61,11,199,7,984,22,88
SZ,002323,2017-01-03 09:40:45,15.1600,4,56126.0000,37,S,15.1600,15.1500,15.1400,15.1300,15.1200,15.1700,15.1800,15.1900,15.2000,15.2100,121,184,61,11,1,70,205,78,154,12
SZ,002323,2017-01-03 09:40:48,15.1600,3,65192.0000,43,S,15.1600,15.1500,15.1400,15.1300,15.1200,15.1700,15.1800,15.1900,15.2000,15.2100,82,146,61,11,1,66,205,78,151,12
SZ,002323,2017-01-03 09:40:51,15.1400,17,443924.0000,293,S,15.1300,15.1200,15.1100,15.1000,15.0900,15.1400,15.1700,15.1800,15.1900,15.2000,11,1,25,13,143,548,57,205,78,151
SZ,002323,2017-01-03 09:40:57,15.1400,1,30280.0000,20,B,15.1300,15.1200,15.1100,15.1000,15.0900,15.1400,15.1500,15.1600,15.1700,15.1800,11,1,25,53,143,536,209,10,54,205
SZ,002323,2017-01-03 09:41:00,15.1100,4,21176.0000,14,S,15.1100,15.1000,15.0900,15.0800,15.0700,15.1300,15.1400,15.1500,15.1600,15.1700,23,53,143,143,26,22,536,209,10,54
SZ,002323,2017-01-03 09:41:06,15.1000,9,117804.0000,78,S,15.0900,15.0800,15.0700,15.0500,15.0300,15.1000,15.1300,15.1400,15.1500,15.1600,143,143,26,33,22,123,29,538,209,10
SZ,002323,2017-01-03 09:41:09,15.1000,8,227908.0000,151,B,15.0900,15.0800,15.0700,15.0500,15.0300,15.1000,15.1100,15.1300,15.1400,15.1500,40,143,26,33,22,75,22,24,538,209
SZ,002323,2017-01-03 09:41:12,15.0800,8,159888.0000,106,S,15.0800,15.0700,15.0500,15.0300,15.0200,15.1000,15.1100,15.1300,15.1400,15.1500,76,26,33,22,10,74,22,28,530,209
SZ,002323,2017-01-03 09:41:15,15.1000,4,16612.0000,11,B,15.0800,15.0700,15.0500,15.0300,15.0200,15.0900,15.1000,15.1100,15.1300,15.1400,76,26,34,22,10,15,99,34,23,530
SZ,002323,2017-01-03 09:41:18,15.0900,2,22634.0000,15,B,15.0800,15.0700,15.0500,15.0300,15.0200,15.0900,15.1000,15.1100,15.1300,15.1400,76,26,34,22,10,10,108,34,13,530
SZ,002323,2017-01-03 09:41:21,15.0900,5,67906.0000,45,B,15.0900,15.0800,15.0700,15.0500,15.0300,15.1000,15.1100,15.1300,15.1400,15.1500,4,76,26,34,22,108,22,13,530,200
SZ,002323,2017-01-03 09:41:24,15.0900,13,129708.0000,86,S,15.0800,15.0700,15.0500,15.0300,15.0200,15.0900,15.1000,15.1100,15.1300,15.1400,52,26,34,22,10,6,105,10,13,530
SZ,002323,2017-01-03 09:41:27,15.0900,8,152402.0000,101,B,15.0800,15.0700,15.0500,15.0300,15.0200,15.0900,15.1000,15.1200,15.1300,15.1400,61,26,34,22,10,1,76,80,13,530
SZ,002323,2017-01-03 09:41:30,15.0900,5,16594.0000,11,B,15.0800,15.0700,15.0600,15.0500,15.0300,15.0900,15.1000,15.1200,15.1300,15.1400,59,26,2,34,22,44,67,80,8,530
SZ,002323,2017-01-03 09:41:33,15.0800,11,117640.0000,78,S,15.0700,15.0600,15.0500,15.0300,15.0200,15.0800,15.0900,15.1000,15.1200,15.1300,26,2,34,22,15,199,58,67,80,8
SZ,002323,2017-01-03 09:41:36,15.0800,6,250316.0000,166,B,15.0700,15.0600,15.0500,15.0300,15.0200,15.0800,15.0900,15.1000,15.1200,15.1300,25,2,34,22,15,79,58,31,80,8
SZ,002323,2017-01-03 09:41:39,15.0600,9,46720.0000,31,S,15.0500,15.0300,15.0200,15.0100,15.0000,15.0600,15.0800,15.0900,15.1000,15.1200,34,22,15,63,175,3,81,57,34,80
SZ,002323,2017-01-03 09:41:42,15.0800,4,15072.0000,10,B,15.0500,15.0300,15.0200,15.0100,15.0000,15.0800,15.0900,15.1000,15.1300,15.1400,34,22,15,63,175,75,64,34,8,528
SZ,002323,2017-01-03 09:41:45,15.0500,9,76810.0000,51,S,15.0500,15.0300,15.0200,15.0100,15.0000,15.0700,15.0800,15.0900,15.1000,15.1300,1,27,15,63,175,10,46,64,34,8
SZ,002323,2017-01-03 09:41:48,15.0700,3,16578.0000,11,B,15.0500,15.0300,15.0200,15.0100,15.0000,15.0700,15.0800,15.0900,15.1000,15.1300,1,27,15,63,175,5,95,54,34,8
SZ,002323,2017-01-03 09:41:51,15.0100,16,157784.0000,105,S,15.0100,15.0000,14.9900,14.9800,14.9700,15.0700,15.0800,15.0900,15.1000,15.1300,20,175,60,58,48,41,94,54,34,8
SZ,002323,2017-01-03 09:41:54,15.0400,6,138220.0000,92,B,15.0200,15.0100,15.0000,14.9900,14.9800,15.0400,15.0700,15.0800,15.0900,15.1000,239,20,155,60,58,9,41,81,54,34
SZ,002323,2017-01-03 09:41:57,15.0300,3,16526.0000,11,S,15.0300,15.0200,15.0100,15.0000,14.9900,15.0400,15.0500,15.0700,15.0800,15.0900,18,235,20,155,60,9,30,41,81,54
SZ,002323,2017-01-03 09:42:00,15.0300,8,112878.0000,75,S,15.0300,15.0200,15.0100,15.0000,14.9900,15.0500,15.0700,15.0800,15.0900,15.1000,3,235,20,152,60,3,20,81,54,34
SZ,002323,2017-01-03 09:42:03,15.0700,8,75226.0000,50,B,15.0400,15.0300,15.0200,15.0100,15.0000,15.0500,15.0700,15.0800,15.0900,15.1000,5,15,387,30,146,5,15,81,54,34
SZ,002323,2017-01-03 09:42:06,15.0500,4,19550.0000,13,B,15.0300,15.0200,15.0100,15.0000,14.9900,15.0500,15.0700,15.0800,15.0900,15.1000,63,387,30,148,60,2,144,81,54,34
SZ,002323,2017-01-03 09:42:09,15.0700,11,33084.0000,22,B,15.0300,15.0200,15.0100,15.0000,14.9900,15.0700,15.0800,15.0900,15.1000,15.1300,161,387,30,148,60,143,81,54,34,8
SZ,002323,2017-01-03 09:42:12,15.0300,6,49632.0000,33,S,15.0300,15.0200,15.0100,15.0000,14.9900,15.0500,15.0700,15.0800,15.0900,15.1000,149,397,30,148,60,7,143,81,54,34
SZ,002323,2017-01-03 09:42:15,15.0500,2,7524.0000,5,B,15.0400,15.0300,15.0200,15.0100,15.0000,15.0500,15.0700,15.0800,15.0900,15.1000,28,171,410,32,148,11,143,81,54,34
SZ,002323,2017-01-03 09:42:18,15.0500,4,43624.0000,29,B,15.0400,15.0300,15.0200,15.0100,15.0000,15.0500,15.0700,15.0800,15.0900,15.1000,45,171,410,32,151,5,143,81,54,34
SZ,002323,2017-01-03 09:42:21,15.0500,4,39108.0000,26,B,15.0500,15.0400,15.0300,15.0200,15.0100,15.0600,15.0700,15.0800,15.0900,15.1000,97,24,180,411,32,17,143,87,54,34
SZ,002323,2017-01-03 09:42:24,15.0500,3,6022.0000,4,S,15.0500,15.0400,15.0300,15.0200,15.0100,15.0600,15.0700,15.0800,15.0900,15.1000,107,24,216,411,32,15,143,87,54,34
SZ,002323,2017-01-03 09:42:30,15.0600,1,3012.0000,2,B,15.0500,15.0400,15.0300,15.0200,15.0100,15.0600,15.0700,15.0800,15.0900,15.1000,282,27,221,409,32,13,143,87,54,34
SZ,002323,2017-01-03 09:42:33,15.0500,6,111372.0000,74,S,15.0500,15.0400,15.0300,15.0200,15.0100,15.0600,15.0700,15.0800,15.0900,15.1000,215,27,228,409,32,11,143,87,54,44
SZ,002323,2017-01-03 09:42:36,15.0600,2,25602.0000,17,B,15.0600,15.0500,15.0400,15.0300,15.0200,15.0700,15.0800,15.0900,15.1000,15.1300,41,231,18,233,258,143,87,54,44,8
SZ,002323,2017-01-03 09:42:39,15.0600,4,49698.0000,33,S,15.0600,15.0500,15.0400,15.0300,15.0200,15.0700,15.0800,15.0900,15.1000,15.1300,64,251,18,232,258,143,81,54,44,8
SZ,002323,2017-01-03 09:42:42,15.0700,1,3014.0000,2,B,15.0600,15.0500,15.0400,15.0300,15.0200,15.0700,15.0800,15.0900,15.1000,15.1300,167,204,18,232,258,141,81,54,44,8
SZ,002323,2017-01-03 09:42:45,15.0600,8,48198.0000,32,S,15.0600,15.0500,15.0400,15.0300,15.0200,15.0700,15.0800,15.0900,15.1000,15.1300,163,218,22,213,258,135,151,54,44,8
SZ,002323,2017-01-03 09:42:48,15.0700,6,212486.0000,141,B,15.0700,15.0600,15.0500,15.0400,15.0300,15.0800,15.0900,15.1000,15.1300,15.1400,22,163,228,22,213,151,54,44,8,20
SZ,002323,2017-01-03 09:42:51,15.0700,6,45232.0000,30,S,15.0700,15.0600,15.0500,15.0400,15.0300,15.0800,15.0900,15.1000,15.1300,15.1400,223,228,228,22,215,81,54,44,8,20
SZ,002323,2017-01-03 09:42:54,15.0700,2,12056.0000,8,S,15.0700,15.0600,15.0500,15.0400,15.0300,15.0800,15.0900,15.1000,15.1300,15.1400,258,283,218,22,215,81,47,44,8,20
SZ,002323,2017-01-03 09:42:57,15.0700,9,91984.0000,61,S,15.0700,15.0600,15.0500,15.0400,15.0300,15.0800,15.0900,15.1000,15.1300,15.1400,263,283,213,22,215,23,47,52,8,20
SZ,002323,2017-01-03 09:43:00,15.0700,5,48236.0000,32,S,15.0700,15.0600,15.0500,15.0400,15.0300,15.0800,15.0900,15.1000,15.1300,15.1400,242,275,213,22,230,12,47,52,8,20
SZ,002323,2017-01-03 09:43:03,15.0800,6,34680.0000,23,B,15.0800,15.0700,15.0600,15.0500,15.0400,15.0900,15.1000,15.1300,15.1400,15.1500,161,254,276,213,22,47,52,8,20,219
SZ,002323,2017-01-03 09:43:06,15.0900,1,3020.0000,2,B,15.0800,15.0700,15.0600,15.0500,15.0400,15.0900,15.1000,15.1300,15.1400,15.1500,211,254,226,213,22,45,52,18,20,219
SZ,002323,2017-01-03 09:43:12,15.0900,5,46776.0000,31,B,15.0800,15.0700,15.0600,15.0500,15.0400,15.0900,15.1000,15.1300,15.1400,15.1500,410,254,219,167,22,149,52,18,20,219
SZ,002323,2017-01-03 09:43:15,15.0900,6,49792.0000,33,B,15.0800,15.0700,15.0600,15.0500,15.0400,15.0900,15.1000,15.1300,15.1400,15.1500,405,253,219,167,22,122,52,18,20,219
SZ,002323,2017-01-03 09:43:18,15.0900,9,119196.0000,79,B,15.0800,15.0700,15.0600,15.0500,15.0400,15.0900,15.1000,15.1300,15.1400,15.1500,364,206,217,167,22,59,52,18,20,219
SZ,002323,2017-01-03 09:43:21,15.0900,1,4526.0000,3,B,15.0800,15.0700,15.0600,15.0500,15.0400,15.0900,15.1000,15.1300,15.1400,15.1500,364,244,219,167,22,56,44,18,20,228
SZ,002323,2017-01-03 09:43:24,15.0800,9,170486.0000,113,S,15.0900,15.0800,15.0700,15.0600,15.0500,15.1000,15.1300,15.1400,15.1500,15.1600,4,333,244,216,167,44,18,20,228,13
SZ,002323,2017-01-03 09:43:30,15.1000,4,19624.0000,13,B,15.0900,15.0800,15.0700,15.0600,15.0500,15.1000,15.1300,15.1400,15.1500,15.1600,54,333,244,149,167,38,18,120,228,13
SZ,002323,2017-01-03 09:43:33,15.0900,1,1508.0000,1,S,15.0900,15.0800,15.0700,15.0600,15.0500,15.1000,15.1300,15.1400,15.1500,15.1600,104,333,233,49,67,38,18,120,228,13
SZ,002323,2017-01-03 09:43:36,15.0900,4,54324.0000,36,S,15.0900,15.0800,15.0700,15.0600,15.0500,15.1000,15.1300,15.1400,15.1500,15.1600,300,433,232,49,66,37,26,120,228,13
SZ,002323,2017-01-03 09:43:39,15.1000,2,7552.0000,5,B,15.0900,15.0800,15.0700,15.0600,15.0500,15.1000,15.1300,15.1400,15.1500,15.1600,312,441,189,49,66,35,26,120,228,13
SZ,002323,2017-01-03 09:43:42,15.0900,16,224908.0000,149,S,15.0900,15.0800,15.0700,15.0600,15.0500,15.1300,15.1400,15.1500,15.1600,15.1700,230,444,189,49,66,26,120,228,13,54
SZ,002323,2017-01-03 09:43:45,15.0900,1,7544.0000,5,S,15.1000,15.0900,15.0800,15.0700,15.0600,15.1300,15.1400,15.1500,15.1600,15.1700,3,225,444,189,49,26,120,228,13,54
SZ,002323,2017-01-03 09:43:48,15.1000,5,27188.0000,18,S,15.1000,15.0900,15.0800,15.0700,15.0600,15.1300,15.1400,15.1500,15.1600,15.1700,340,325,244,189,49,73,120,228,13,54
SZ,002323,2017-01-03 09:43:51,15.1000,4,471120.0000,312,S,15.1000,15.0900,15.0800,15.0700,15.0600,15.1300,15.1400,15.1500,15.1600,15.1700,36,331,244,200,49,79,120,234,3,54
SZ,002323,2017-01-03 09:43:54,15.1000,1,7552.0000,5,S,15.1000,15.0900,15.0800,15.0700,15.0600,15.1300,15.1400,15.1500,15.1600,15.1700,35,351,247,200,49,79,120,234,3,54
SZ,002323,2017-01-03 09:43:57,15.1300,1,1512.0000,1,B,15.1000,15.0900,15.0800,15.0700,15.0600,15.1300,15.1400,15.1500,15.1600,15.1700,35,351,224,200,49,78,120,234,3,54
SZ,002323,2017-01-03 09:44:00,15.1000,4,15108.0000,10,S,15.1000,15.0900,15.0800,15.0700,15.0600,15.1300,15.1400,15.1500,15.1600,15.1700,28,351,224,200,49,70,120,234,3,54
SZ,002323,2017-01-03 09:44:03,15.1300,5,34770.0000,23,B,15.1100,15.1000,15.0900,15.0800,15.0700,15.1300,15.1400,15.1500,15.1600,15.1700,10,33,351,224,68,95,120,234,3,54
SZ,002323,2017-01-03 09:44:06,15.1000,8,64940.0000,43,S,15.0900,15.0800,15.0700,15.0600,15.0500,15.1000,15.1200,15.1300,15.1400,15.1500,323,224,68,55,66,1,5,95,120,234
SZ,002323,2017-01-03 09:44:09,15.1000,1,1510.0000,1,B,15.1000,15.0900,15.0800,15.0700,15.0600,15.1200,15.1300,15.1400,15.1500,15.1600,9,323,224,68,55,5,95,120,234,13
SZ,002323,2017-01-03 09:44:15,15.1000,2,18126.0000,12,S,15.1000,15.0900,15.0800,15.0700,15.0600,15.1200,15.1300,15.1400,15.1500,15.1600,11,323,238,68,55,2,95,120,234,13
SZ,002323,2017-01-03 09:44:18,15.1000,6,31710.0000,21,S,15.0900,15.0800,15.0700,15.0600,15.0500,15.1000,15.1200,15.1300,15.1400,15.1500,328,238,68,53,65,2,7,95,120,234
SZ,002323,2017-01-03 09:44:21,15.1300,5,16630.0000,11,B,15.1100,15.1000,15.0900,15.0800,15.0700,15.1200,15.1300,15.1400,15.1500,15.1600,126,10,320,238,68,3,93,120,234,13
SZ,002323,2017-01-03 09:44:27,15.1100,3,37774.0000,25,S,15.1100,15.1000,15.0900,15.0800,15.0700,15.1200,15.1300,15.1400,15.1500,15.1600,101,10,320,233,68,33,87,120,234,13
SZ,002323,2017-01-03 09:44:30,15.1100,2,152612.0000,101,S,15.1000,15.0900,15.0800,15.0700,15.0600,15.1100,15.1200,15.1300,15.1400,15.1500,22,320,212,68,53,199,33,87,120,234
SZ,002323,2017-01-03 09:44:33,15.1100,3,92156.0000,61,B,15.1000,15.0900,15.0800,15.0700,15.0600,15.1100,15.1200,15.1300,15.1400,15.1500,7,320,212,68,53,153,33,87,120,234
SZ,002323,2017-01-03 09:44:36,15.1000,3,113188.0000,75,S,15.0900,15.0800,15.0700,15.0600,15.0500,15.1000,15.1100,15.1200,15.1300,15.1400,257,212,68,53,66,11,173,33,87,120
SZ,002323,2017-01-03 09:44:39,15.1000,2,15100.0000,10,B,15.0900,15.0800,15.0700,15.0600,15.0500,15.1000,15.1100,15.1200,15.1300,15.1400,257,212,68,53,66,194,173,33,87,120
SZ,002323,2017-01-03 09:44:42,15.0900,4,45292.0000,30,S,15.0900,15.0800,15.0700,15.0600,15.0500,15.1000,15.1100,15.1200,15.1300,15.1400,250,212,68,53,66,180,173,33,87,120
SZ,002323,2017-01-03 09:44:45,15.1000,14,446650.0000,296,B,15.0800,15.0700,15.0600,15.0500,15.0400,15.0900,15.1000,15.1100,15.1200,15.1300,186,68,53,66,7,5,176,173,33,87
SZ,002323,2017-01-03 09:44:51,15.0800,5,49764.0000,33,S,15.0800,15.0700,15.0600,15.0500,15.0400,15.0900,15.1000,15.1100,15.1200,15.1300,153,68,53,66,7,93,201,73,33,38
SZ,002323,2017-01-03 09:44:54,15.0800,8,230724.0000,153,S,15.0700,15.0600,15.0500,15.0400,15.0300,15.0800,15.0900,15.1000,15.1100,15.1200,68,53,66,7,173,153,93,216,73,33
SZ,002323,2017-01-03 09:44:57,15.0700,4,43702.0000,29,S,15.0700,15.0600,15.0500,15.0400,15.0300,15.0800,15.0900,15.1000,15.1100,15.1200,39,53,66,7,173,212,93,194,84,33
SZ,002323,2017-01-03 09:45:00,15.0600,3,75340.0000,50,S,15.0600,15.0500,15.0400,15.0300,15.0200,15.0700,15.0800,15.0900,15.1000,15.1100,42,66,7,173,23,100,215,93,194,41
SZ,002323,2017-01-03 09:45:03,15.0600,2,15060.0000,10,S,15.0600,15.0500,15.0400,15.0300,15.0200,15.0700,15.0800,15.0900,15.1000,15.1100,32,66,7,173,23,135,63,88,194,41
SZ,002323,2017-01-03 09:45:06,15.0300,21,237708.0000,158,S,15.0300,15.0200,15.0100,15.0000,14.9900,15.0700,15.0800,15.0900,15.1000,15.1100,120,23,10,300,84,135,57,83,194,31
SZ,002323,2017-01-03 09:45:09,15.0600,3,22592.0000,15,B,15.0300,15.0200,15.0100,15.0000,14.9900,15.0600,15.0700,15.0800,15.0900,15.1000,118,23,10,300,84,14,137,57,83,179
SZ,002323,2017-01-03 09:45:12,15.0300,1,1504.0000,1,S,15.0300,15.0200,15.0100,15.0000,14.9900,15.0500,15.0600,15.0700,15.0800,15.0900,117,23,10,300,84,20,64,137,57,83
SZ,002323,2017-01-03 09:45:15,15.0300,1,6012.0000,4,S,15.0300,15.0200,15.0100,15.0000,14.9900,15.0500,15.0600,15.0700,15.0800,15.0900,116,23,10,300,84,20,69,137,57,103
SZ,002323,2017-01-03 09:45:18,15.0300,15,171358.0000,114,S,15.0300,15.0200,15.0100,15.0000,14.9900,15.0400,15.0500,15.0600,15.0700,15.0800,10,23,10,300,84,50,12,69,127,54
SZ,002323,2017-01-03 09:45:21,15.0200,4,18034.0000,12,S,15.0200,15.0100,15.0000,14.9900,14.9800,15.0300,15.0400,15.0500,15.0600,15.0700,21,10,300,84,48,115,50,12,69,127
SZ,002323,2017-01-03 09:45:24,15.0200,10,117066.0000,78,S,15.0000,14.9900,14.9800,14.9700,14.9600,15.0200,15.0300,15.0400,15.0500,15.0600,260,84,48,48,59,89,225,50,12,69
SZ,002323,2017-01-03 09:45:27,15.0200,31,405026.0000,270,B,15.0000,14.9900,14.9800,14.9700,14.9600,15.0200,15.0300,15.0400,15.0500,15.0600,5,84,48,48,59,79,225,50,133,122
SZ,002323,2017-01-03 09:45:30,15.0000,5,56982.0000,38,S,14.9900,14.9800,14.9700,14.9600,14.9500,15.0000,15.0100,15.0200,15.0300,15.0400,58,48,48,59,216,258,9,23,126,50
SZ,002323,2017-01-03 09:45:33,15.0000,15,263670.0000,176,B,14.9600,14.9500,14.9400,14.9300,14.9200,14.9900,15.0000,15.0100,15.0200,15.0300,51,214,9,40,60,99,278,37,49,113
SZ,002323,2017-01-03 09:45:36,14.9600,5,83776.0000,56,S,14.9500,14.9400,14.9300,14.9200,14.9100,14.9600,14.9900,15.0000,15.0100,15.0200,214,9,40,60,3,24,169,278,22,49
SZ,002323,2017-01-03 09:45:39,14.9700,3,139192.0000,93,B,14.9700,14.9500,14.9400,14.9300,14.9200,14.9900,15.0000,15.0100,15.0200,15.0300,227,214,9,40,60,140,278,22,49,113
SZ,002323,2017-01-03 09:45:42,14.9700,6,58404.0000,39,S,14.9700,14.9500,14.9400,14.9300,14.9200,14.9800,14.9900,15.0000,15.0100,15.0200,198,214,9,44,60,7,130,265,22,49
SZ,002323,2017-01-03 09:45:45,14.9700,11,338320.0000,226,S,14.9600,14.9500,14.9400,14.9300,14.9200,14.9700,14.9800,14.9900,15.0000,15.0100,10,214,9,44,60,164,7,139,265,22
SZ,002323,2017-01-03 09:45:48,14.9500,8,236276.0000,158,S,14.9500,14.9400,14.9300,14.9200,14.9100,14.9700,14.9800,14.9900,15.0000,15.0100,94,9,44,60,3,176,12,69,265,22
SZ,002323,2017-01-03 09:45:51,14.9600,2,37380.0000,25,B,14.9500,14.9400,14.9300,14.9200,14.9100,14.9600,14.9700,14.9800,14.9900,15.0000,74,9,44,60,103,66,208,12,69,265
SZ,002323,2017-01-03 09:45:54,14.9800,16,510296.0000,341,B,14.9500,14.9400,14.9300,14.9200,14.9100,14.9800,14.9900,15.0000,15.0100,15.0200,15,9,44,60,103,9,60,265,22,45
SZ,002323,2017-01-03 09:45:57,14.9500,12,161370.0000,108,S,14.9400,14.9300,14.9200,14.9100,14.9000,14.9500,14.9600,14.9800,14.9900,15.0000,20,3,60,113,264,26,3,39,60,325
SZ,002323,2017-01-03 09:46:00,14.9500,8,26910.0000,18,B,14.9400,14.9300,14.9200,14.9100,14.9000,14.9500,14.9600,14.9800,14.9900,15.0000,19,19,60,213,264,11,103,34,60,304
SZ,002323,2017-01-03 09:46:03,14.9300,12,71732.0000,48,S,14.9300,14.9200,14.9100,14.9000,14.8900,14.9500,14.9600,14.9800,14.9900,15.0000,14,64,213,264,15,5,101,50,60,304
SZ,002323,2017-01-03 09:46:06,14.9400,5,70216.0000,47,B,14.9300,14.9200,14.9100,14.9000,14.8900,14.9400,14.9500,14.9600,14.9700,14.9800,27,64,215,269,22,118,34,101,12,50
SZ,002323,2017-01-03 09:46:09,14.9300,10,168672.0000,113,S,14.9200,14.9100,14.9000,14.8900,14.8800,14.9300,14.9400,14.9500,14.9600,14.9700,18,215,279,22,43,23,73,59,101,12
SZ,002323,2017-01-03 09:46:12,14.9100,16,465520.0000,312,S,14.9100,14.9000,14.8900,14.8800,14.8600,14.9300,14.9400,14.9500,14.9600,14.9700,28,279,22,43,6,103,62,48,101,12
SZ,002323,2017-01-03 09:46:15,14.9100,2,4472.0000,3,S,14.9100,14.9000,14.8900,14.8800,14.8600,14.9200,14.9300,14.9400,14.9500,14.9600,25,285,22,43,6,14,164,62,33,101
SZ,002323,2017-01-03 09:46:18,14.9000,22,287632.0000,193,S,14.9000,14.8900,14.8800,14.8600,14.8500,14.9100,14.9200,14.9300,14.9400,14.9500,147,22,146,6,28,15,100,169,62,36
SZ,002323,2017-01-03 09:46:21,14.9000,22,317452.0000,213,S,14.8900,14.8800,14.8600,14.8500,14.8300,14.9000,14.9100,14.9200,14.9300,14.9400,22,146,6,28,6,78,7,110,169,62
SZ,002323,2017-01-03 09:46:24,14.8900,9,102788.0000,69,S,14.8800,14.8600,14.8500,14.8300,14.8200,14.8900,14.9000,14.9100,14.9200,14.9300,146,6,28,6,111,48,382,56,110,89
SZ,002323,2017-01-03 09:46:27,14.8800,5,61042.0000,41,S,14.8800,14.8600,14.8500,14.8300,14.8200,14.8900,14.9000,14.9100,14.9200,14.9300,140,6,28,6,111,18,388,52,109,61
SZ,002323,2017-01-03 09:46:30,14.9000,28,395708.0000,266,B,14.8200,14.8100,14.8000,14.7900,14.7800,14.8800,14.9000,14.9100,14.9200,14.9300,102,137,225,5,40,300,417,37,109,61
SZ,002323,2017-01-03 09:46:33,14.8200,3,56364.0000,38,S,14.8300,14.8200,14.8100,14.8000,14.7900,14.8700,14.8800,14.8900,14.9000,14.9100,5,72,137,225,5,2,345,31,216,56
SZ,002323,2017-01-03 09:46:36,14.8200,9,145346.0000,98,S,14.8100,14.8000,14.7900,14.7800,14.7700,14.8200,14.8800,14.8900,14.9000,14.9100,137,226,5,40,1,68,363,41,216,56
SZ,002323,2017-01-03 09:46:39,14.8100,8,75576.0000,51,S,14.8100,14.8000,14.7900,14.7800,14.7700,14.8200,14.8800,14.8900,14.9000,14.9100,204,229,5,40,1,23,342,41,66,62
SZ,002323,2017-01-03 09:46:42,14.8200,7,69666.0000,47,B,14.8200,14.8100,14.8000,14.7900,14.7800,14.8800,14.8900,14.9000,14.9100,14.9200,75,203,302,5,40,337,41,96,62,109
SZ,002323,2017-01-03 09:46:45,14.8200,11,148314.0000,100,S,14.8700,14.8200,14.8100,14.8000,14.7800,14.8800,14.8900,14.9000,14.9100,14.9200,15,49,203,302,40,337,41,98,54,109
SZ,002323,2017-01-03 09:46:48,14.8200,10,100882.0000,68,S,14.8200,14.8100,14.8000,14.7800,14.7700,14.8800,14.8900,14.9000,14.9100,14.9200,426,213,317,40,1,336,41,98,43,77
SZ,002323,2017-01-03 09:46:51,14.8300,6,13346.0000,9,B,14.8300,14.8200,14.8100,14.8000,14.7800,14.8700,14.8800,14.8900,14.9000,14.9100,51,727,213,332,40,15,335,41,115,43
SZ,002323,2017-01-03 09:46:54,14.8700,13,246192.0000,166,B,14.8200,14.8100,14.8000,14.7800,14.7700,14.8700,14.8800,14.8900,14.9000,14.9100,699,213,337,40,1,28,335,23,115,43
SZ,002323,2017-01-03 09:46:57,14.8800,7,160608.0000,108,B,14.8700,14.8500,14.8300,14.8200,14.8100,14.8800,14.8900,14.9000,14.9100,14.9200,3,9,20,734,213,289,23,105,43,77
SZ,002323,2017-01-03 09:47:00,14.8300,14,135040.0000,91,S,14.8300,14.8200,14.8100,14.8000,14.7800,14.8600,14.8800,14.8900,14.9000,14.9100,33,724,214,368,40,8,268,23,87,37
SZ,002323,2017-01-03 09:47:03,14.8800,2,13376.0000,9,B,14.8700,14.8500,14.8300,14.8200,14.8100,14.8800,14.8900,14.9000,14.9100,14.9200,304,40,465,708,218,267,23,87,34,77
SZ,002323,2017-01-03 09:47:06,14.8700,2,23796.0000,16,S,14.8700,14.8500,14.8300,14.8200,14.8100,14.8800,14.8900,14.9000,14.9100,14.9200,307,40,500,744,218,32,23,87,34,77
SZ,002323,2017-01-03 09:47:09,14.8800,5,22308.0000,15,B,14.8700,14.8600,14.8500,14.8300,14.8200,14.8800,14.8900,14.9000,14.9100,14.9200,295,5,40,679,766,34,23,87,34,77
SZ,002323,2017-01-03 09:47:12,14.8900,15,348076.0000,234,B,14.8900,14.8800,14.8700,14.8600,14.8500,14.9000,14.9100,14.9200,14.9300,14.9400,23,5,191,5,70,82,34,77,5,22
SZ,002323,2017-01-03 09:47:15,14.8800,7,84820.0000,57,S,14.8700,14.8600,14.8500,14.8300,14.8200,14.8800,14.9000,14.9100,14.9200,14.9300,184,5,80,650,765,6,82,34,77,5
SZ,002323,2017-01-03 09:47:18,14.8800,3,40196.0000,27,B,14.8800,14.8700,14.8600,14.8500,14.8400,14.8900,14.9000,14.9100,14.9200,14.9300,361,184,5,80,30,17,73,34,77,5
SZ,002323,2017-01-03 09:47:21,14.8800,9,47652.0000,32,S,14.8800,14.8700,14.8600,14.8500,14.8400,14.9000,14.9100,14.9200,14.9300,14.9400,403,202,5,85,30,63,34,77,5,22
SZ,002323,2017-01-03 09:47:24,14.8800,4,62544.0000,42,S,14.8900,14.8800,14.8700,14.8600,14.8500,14.9000,14.9100,14.9200,14.9300,14.9400,20,427,204,5,94,38,34,77,5,22
SZ,002323,2017-01-03 09:47:27,14.8900,12,166740.0000,112,S,14.8900,14.8800,14.8700,14.8600,14.8500,14.9000,14.9200,14.9300,14.9400,14.9500,9,460,204,5,94,18,77,5,22,15
SZ,002323,2017-01-03 09:47:30,14.9200,7,81908.0000,55,B,14.9000,14.8900,14.8800,14.8700,14.8600,14.9200,14.9300,14.9400,14.9500,14.9600,12,5,492,197,5,74,5,22,15,1
SZ,002323,2017-01-03 09:47:33,14.8900,8,108680.0000,73,S,14.8800,14.8700,14.8600,14.8500,14.8400,14.8900,14.9200,14.9300,14.9400,14.9500,455,150,5,114,41,31,74,55,22,15
SZ,002323,2017-01-03 09:47:36,14.9200,6,62568.0000,42,B,14.9000,14.8900,14.8800,14.8700,14.8600,14.9200,14.9300,14.9400,14.9500,14.9600,30,16,465,150,10,63,55,22,15,1
SZ,002323,2017-01-03 09:47:39,14.9200,2,10436.0000,7,B,14.9000,14.8900,14.8800,14.8700,14.8600,14.9200,14.9300,14.9400,14.9500,14.9600,48,52,475,132,10,61,55,22,15,1
SZ,002323,2017-01-03 09:47:42,14.9200,2,44760.0000,30,B,14.9000,14.8900,14.8800,14.8700,14.8600,14.9200,14.9300,14.9400,14.9500,14.9600,57,107,475,44,12,31,55,22,12,1
SZ,002323,2017-01-03 09:47:45,14.9200,2,58188.0000,39,B,14.9200,14.9000,14.8900,14.8800,14.8700,14.9300,14.9400,14.9500,14.9600,14.9700,13,59,153,466,44,55,22,12,1,92
SZ,002323,2017-01-03 09:47:48,14.9300,4,79120.0000,53,B,14.9200,14.9000,14.8900,14.8800,14.8700,14.9300,14.9400,14.9500,14.9600,14.9700,35,59,195,471,44,9,22,12,2,92
SZ,002323,2017-01-03 09:47:54,14.9400,7,44776.0000,30,B,14.9200,14.9000,14.8900,14.8800,14.8700,14.9400,14.9500,14.9600,14.9700,14.9800,142,54,213,415,44,20,12,91,92,232
SZ,002323,2017-01-03 09:47:57,14.9200,6,37324.0000,25,S,14.9200,14.9000,14.8900,14.8800,14.8700,14.9400,14.9500,14.9600,14.9700,14.9800,138,56,213,154,44,15,12,91,92,232
SZ,002323,2017-01-03 09:48:00,14.9300,2,17916.0000,12,B,14.9200,14.9000,14.8900,14.8800,14.8700,14.9400,14.9500,14.9600,14.9700,14.9800,170,56,213,150,39,13,62,91,92,232
SZ,002323,2017-01-03 09:48:03,14.9400,3,17928.0000,12,B,14.9300,14.9200,14.9000,14.8900,14.8800,14.9400,14.9500,14.9600,14.9700,14.9800,1,170,76,213,142,53,62,91,92,232
SZ,002323,2017-01-03 09:48:06,14.9400,11,168704.0000,113,B,14.9400,14.9300,14.9200,14.9000,14.8900,14.9500,14.9600,14.9700,14.9800,15.0000,7,25,111,80,213,62,91,117,232,252
SZ,002323,2017-01-03 09:48:09,14.9300,10,117988.0000,79,S,14.9300,14.9200,14.9000,14.8900,14.8800,14.9500,14.9600,14.9700,14.9800,15.0000,9,131,90,233,143,62,91,117,232,252
SZ,002323,2017-01-03 09:48:12,14.9500,10,71732.0000,48,B,14.9400,14.9200,14.9000,14.8900,14.8800,14.9500,14.9600,14.9700,14.9800,15.0000,1,152,130,228,133,33,124,117,232,252
SZ,002323,2017-01-03 09:48:15,14.9400,2,8968.0000,6,S,14.9300,14.9200,14.9000,14.8900,14.8800,14.9400,14.9500,14.9600,14.9700,14.9800,33,152,146,228,133,9,28,154,117,232
SZ,002323,2017-01-03 09:48:18,14.9500,4,95624.0000,64,B,14.9400,14.9300,14.9200,14.9000,14.8900,14.9500,14.9600,14.9700,14.9800,15.0000,71,33,152,146,228,76,154,117,232,252
SZ,002323,2017-01-03 09:48:24,14.9400,1,29880.0000,20,S,14.9400,14.9300,14.9200,14.9000,14.8900,14.9500,14.9600,14.9700,14.9800,15.0000,62,35,215,171,228,162,65,27,232,552
SZ,002323,2017-01-03 09:48:27,14.9400,8,118036.0000,79,S,14.9300,14.9200,14.9000,14.8900,14.8800,14.9400,14.9500,14.9600,14.9700,14.9800,35,215,149,228,128,8,150,65,27,237
SZ,002323,2017-01-03 09:48:30,14.9400,8,37348.0000,25,B,14.9300,14.9200,14.9000,14.8900,14.8800,14.9400,14.9500,14.9600,14.9700,14.9800,33,215,158,228,128,95,148,65,27,237
SZ,002323,2017-01-03 09:48:33,14.9400,42,1142600.0000,766,B,14.8900,14.8800,14.8700,14.8600,14.8500,14.9300,14.9400,14.9500,14.9600,14.9700,74,128,36,47,107,15,3,96,65,27
SZ,002323,2017-01-03 09:48:36,14.9300,1,4480.0000,3,B,14.8900,14.8800,14.8700,14.8600,14.8500,14.9300,14.9400,14.9500,14.9600,14.9700,74,128,36,47,107,62,36,96,65,27
SZ,002323,2017-01-03 09:48:39,14.9300,2,16424.0000,11,B,14.8900,14.8800,14.8700,14.8600,14.8500,14.9300,14.9400,14.9500,14.9600,14.9700,124,128,36,47,111,64,215,96,65,27
SZ,002323,2017-01-03 09:48:42,14.9300,1,1492.0000,1,B,14.9000,14.8900,14.8800,14.8700,14.8600,14.9300,14.9400,14.9500,14.9600,14.9700,44,124,128,36,47,78,215,90,65,27
SZ,002323,2017-01-03 09:48:45,14.9300,3,49216.0000,33,B,14.9000,14.8900,14.8800,14.8700,14.8600,14.9200,14.9300,14.9400,14.9500,14.9600,39,142,160,36,47,80,63,215,90,65
SZ,002323,2017-01-03 09:48:48,14.9000,7,165436.0000,111,S,14.9000,14.8900,14.8800,14.8700,14.8600,14.9200,14.9300,14.9400,14.9500,14.9600,55,142,160,36,47,58,163,215,90,65
SZ,002323,2017-01-03 09:48:51,14.9000,2,29808.0000,20,S,14.9000,14.8900,14.8800,14.8700,14.8600,14.9200,14.9300,14.9400,14.9500,14.9600,51,142,156,36,52,3,173,202,90,65
SZ,002323,2017-01-03 09:48:54,14.9100,5,38752.0000,26,B,14.9000,14.8900,14.8800,14.8700,14.8600,14.9100,14.9200,14.9300,14.9400,14.9500,45,143,156,36,52,20,3,238,199,90
SZ,002323,2017-01-03 09:48:57,14.9000,9,131284.0000,88,S,14.9000,14.8900,14.8800,14.8700,14.8600,14.9200,14.9300,14.9400,14.9500,14.9600,67,143,156,36,52,50,192,199,90,64
SZ,002323,2017-01-03 09:49:00,14.9000,7,74520.0000,50,S,14.9000,14.8900,14.8800,14.8700,14.8600,14.9200,14.9300,14.9400,14.9500,14.9600,37,143,156,36,52,60,154,199,90,64
SZ,002323,2017-01-03 09:49:03,14.9000,9,105792.0000,71,S,14.9000,14.8900,14.8800,14.8700,14.8600,14.9100,14.9200,14.9300,14.9400,14.9500,81,143,156,36,52,71,60,154,70,90
SZ,002323,2017-01-03 09:49:06,14.9100,6,217600.0000,146,B,14.9000,14.8900,14.8800,14.8700,14.8600,14.9100,14.9200,14.9300,14.9400,14.9500,5,143,156,36,52,41,60,154,70,90
SZ,002323,2017-01-03 09:49:09,14.9000,4,31288.0000,21,S,14.8900,14.8800,14.8700,14.8600,14.8500,14.9000,14.9100,14.9200,14.9300,14.9400,146,156,36,52,112,267,41,60,154,70
SZ,002323,2017-01-03 09:49:12,14.9000,6,138572.0000,93,B,14.8900,14.8800,14.8700,14.8600,14.8500,14.9000,14.9100,14.9200,14.9300,14.9400,146,157,36,52,112,256,41,67,154,70
SZ,002323,2017-01-03 09:49:15,14.8800,25,452504.0000,304,S,14.8800,14.8700,14.8600,14.8500,14.8400,14.8900,14.9000,14.9100,14.9200,14.9300,3,36,52,112,81,10,153,41,69,154
SZ,002323,2017-01-03 09:49:18,14.8900,9,229280.0000,154,B,14.8700,14.8600,14.8500,14.8400,14.8300,14.8900,14.9000,14.9100,14.9200,14.9300,25,52,112,81,317,64,191,43,69,154
SZ,002323,2017-01-03 09:49:24,14.8700,8,89288.0000,60,S,14.8700,14.8600,14.8500,14.8400,14.8300,14.8800,14.8900,14.9000,14.9100,14.9200,13,52,112,71,317,1,116,191,43,69
SZ,002323,2017-01-03 09:49:27,14.8900,9,93748.0000,63,B,14.8600,14.8500,14.8400,14.8300,14.8200,14.8900,14.9000,14.9100,14.9200,14.9300,52,112,71,317,408,101,191,43,71,77
SZ,002323,2017-01-03 09:49:30,14.8500,12,216912.0000,146,S,14.8500,14.8400,14.8300,14.8200,14.8100,14.8900,14.9000,14.9100,14.9200,14.9300,45,71,310,408,245,101,186,43,69,77
SZ,002323,2017-01-03 09:49:33,14.8800,2,8924.0000,6,B,14.8800,14.8500,14.8400,14.8300,14.8200,14.8900,14.9000,14.9100,14.9200,14.9300,1,45,74,310,414,107,152,43,69,77
SZ,002323,2017-01-03 09:49:36,14.8500,5,37128.0000,25,S,14.8500,14.8400,14.8300,14.8200,14.8100,14.8600,14.8700,14.8900,14.9000,14.9100,21,74,310,414,243,99,2,107,150,43
SZ,002323,2017-01-03 09:49:39,14.8600,3,147116.0000,99,B,14.8600,14.8500,14.8400,14.8300,14.8200,14.8700,14.8800,14.8900,14.9000,14.9100,31,34,74,310,394,13,42,119,161,43
SZ,002323,2017-01-03 09:49:42,14.8600,6,84788.0000,57,S,14.8600,14.8500,14.8400,14.8300,14.8200,14.8800,14.8900,14.9000,14.9100,14.9200,24,93,74,310,394,7,120,158,43,62
SZ,002323,2017-01-03 09:49:45,14.8600,2,35664.0000,24,S,14.8500,14.8400,14.8300,14.8200,14.8100,14.8600,14.8800,14.8900,14.9000,14.9100,93,74,310,394,248,38,17,120,161,43
SZ,002323,2017-01-03 09:49:48,14.8600,9,155936.0000,105,B,14.8500,14.8400,14.8300,14.8200,14.8100,14.8600,14.8800,14.8900,14.9000,14.9100,3,74,340,399,248,109,25,120,161,43
SZ,002323,2017-01-03 09:49:51,14.8500,6,28212.0000,19,S,14.8400,14.8300,14.8200,14.8100,14.8000,14.8500,14.8600,14.8800,14.8900,14.9000,1072,340,399,249,521,47,91,33,107,161
SZ,002323,2017-01-03 09:49:54,14.8500,5,68308.0000,46,B,14.8400,14.8300,14.8200,14.8100,14.8000,14.8500,14.8600,14.8800,14.8900,14.9000,1072,340,399,270,521,99,99,33,107,214
SZ,002323,2017-01-03 09:49:57,14.8500,10,98012.0000,66,B,14.8400,14.8300,14.8200,14.8100,14.8000,14.8500,14.8600,14.8800,14.8900,14.9000,1072,340,399,270,521,47,99,30,107,224
SZ,002323,2017-01-03 09:50:00,14.8400,10,418488.0000,282,S,14.8400,14.8300,14.8200,14.8100,14.8000,14.8500,14.8600,14.8800,14.8900,14.9000,791,340,399,270,521,69,99,30,109,224
SZ,002323,2017-01-03 09:50:03,14.8500,15,218224.0000,147,B,14.8400,14.8300,14.8200,14.8100,14.8000,14.8500,14.8600,14.8800,14.8900,14.9000,763,340,399,275,521,13,127,30,109,224
SZ,002323,2017-01-03 09:50:06,14.8400,22,1306008.0000,880,S,14.8300,14.8200,14.8100,14.8000,14.7900,14.8400,14.8600,14.8800,14.8900,14.9000,340,409,275,521,5,493,127,30,109,224
SZ,002323,2017-01-03 09:50:09,14.8400,2,19292.0000,13,B,14.8300,14.8200,14.8100,14.8000,14.7900,14.8400,14.8600,14.8800,14.8900,14.9000,340,410,275,521,5,586,85,30,109,212
SZ,002323,2017-01-03 09:50:12,14.8400,12,271420.0000,183,B,14.8300,14.8200,14.8100,14.8000,14.7900,14.8400,14.8500,14.8600,14.8800,14.8900,187,410,275,521,5,656,65,85,30,109
SZ,002323,2017-01-03 09:50:15,14.8300,5,51904.0000,35,S,14.8300,14.8200,14.8100,14.8000,14.7900,14.8400,14.8500,14.8600,14.8800,14.8900,153,410,270,521,5,718,82,82,30,109
SZ,002323,2017-01-03 09:50:18,14.8400,6,111272.0000,75,B,14.8300,14.8200,14.8100,14.8000,14.7900,14.8400,14.8500,14.8600,14.8800,14.8900,143,415,270,530,5,734,82,82,30,109
SZ,002323,2017-01-03 09:50:21,14.8300,11,244676.0000,165,S,14.8200,14.8100,14.8000,14.7900,14.7800,14.8300,14.8400,14.8500,14.8600,14.8800,395,270,520,5,50,109,743,82,82,20
SZ,002323,2017-01-03 09:50:24,14.8300,1,22244.0000,15,B,14.8200,14.8100,14.8000,14.7900,14.7800,14.8300,14.8400,14.8500,14.8600,14.8800,415,281,473,5,50,102,758,82,82,20
SZ,002323,2017-01-03 09:50:27,14.8200,15,480552.0000,324,S,14.8200,14.8100,14.8000,14.7900,14.7800,14.8400,14.8500,14.8600,14.8800,14.8900,391,281,478,5,50,673,82,82,20,109
SZ,002323,2017-01-03 09:50:30,14.8200,5,173396.0000,117,S,14.8200,14.8100,14.8000,14.7900,14.7800,14.8400,14.8500,14.8600,14.8800,14.8900,274,281,478,5,50,691,162,82,20,109
SZ,002323,2017-01-03 09:50:33,14.8200,15,611196.0000,412,S,14.8200,14.8100,14.8000,14.7900,14.7800,14.8400,14.8500,14.8600,14.8800,14.8900,167,276,478,5,50,383,156,80,20,109
SZ,002323,2017-01-03 09:50:36,14.8200,6,66700.0000,45,S,14.8200,14.8100,14.8000,14.7900,14.7800,14.8300,14.8400,14.8500,14.8600,14.8800,133,286,480,5,50,28,252,156,80,18
SZ,002323,2017-01-03 09:50:39,14.8200,15,287692.0000,194,S,14.8200,14.8100,14.8000,14.7900,14.7800,14.8400,14.8500,14.8600,14.8800,14.8900,133,290,450,5,50,237,156,81,18,109
SZ,002323,2017-01-03 09:50:42,14.8200,8,71136.0000,48,S,14.8300,14.8200,14.8100,14.8000,14.7900,14.8400,14.8500,14.8600,14.8800,14.8900,16,145,290,470,5,237,156,81,18,109
SZ,002323,2017-01-03 09:50:45,14.8400,21,194180.0000,131,B,14.8200,14.8100,14.8000,14.7900,14.7800,14.8300,14.8400,14.8500,14.8600,14.8800,72,282,473,5,63,4,227,156,64,18
SZ,002323,2017-01-03 09:50:48,14.8200,6,78552.0000,53,S,14.8200,14.8100,14.8000,14.7900,14.7800,14.8300,14.8400,14.8500,14.8600,14.8800,40,283,478,5,63,48,227,156,64,18
SZ,002323,2017-01-03 09:50:51,14.8200,3,59280.0000,40,S,14.8100,14.8000,14.7900,14.7800,14.7700,14.8200,14.8300,14.8400,14.8500,14.8600,283,477,5,63,21,4,54,227,156,64
SZ,002323,2017-01-03 09:50:54,14.8200,10,109620.0000,74,B,14.8100,14.8000,14.7900,14.7800,14.7700,14.8200,14.8300,14.8400,14.8500,14.8600,235,477,15,63,21,13,53,247,161,64
SZ,002323,2017-01-03 09:50:57,14.8200,9,44460.0000,30,B,14.8100,14.8000,14.7900,14.7800,14.7700,14.8200,14.8300,14.8400,14.8500,14.8600,235,477,15,74,21,36,53,247,161,64
SZ,002323,2017-01-03 09:51:00,14.8200,62,877944.0000,593,B,14.8000,14.7900,14.7800,14.7700,14.7600,14.8200,14.8300,14.8400,14.8500,14.8600,185,19,79,21,85,51,53,230,161,64
SZ,002323,2017-01-03 09:51:03,14.8200,5,69624.0000,47,B,14.8000,14.7900,14.7800,14.7700,14.7600,14.8100,14.8200,14.8300,14.8400,14.8500,180,19,79,21,85,193,19,53,230,96
SZ,002323,2017-01-03 09:51:06,14.8100,25,278280.0000,188,B,14.8000,14.7900,14.7800,14.7700,14.7600,14.8100,14.8200,14.8300,14.8400,14.8500,35,19,79,21,85,160,34,53,230,161
SZ,002323,2017-01-03 09:51:09,14.8000,11,90304.0000,61,S,14.7900,14.7800,14.7700,14.7600,14.7500,14.8000,14.8100,14.8200,14.8300,14.8400,19,79,21,85,148,11,152,100,53,230
SZ,002323,2017-01-03 09:51:12,14.8000,3,25160.0000,17,B,14.8000,14.7900,14.7800,14.7700,14.7600,14.8100,14.8200,14.8300,14.8400,14.8500,5,19,79,21,76,152,102,53,230,161
SZ,002323,2017-01-03 09:51:15,14.7900,19,224868.0000,152,S,14.8000,14.7800,14.7700,14.7600,14.7500,14.8100,14.8200,14.8300,14.8400,14.8500,49,33,21,76,131,114,102,47,230,161
SZ,002323,2017-01-03 09:51:18,14.8100,5,66620.0000,45,B,14.8000,14.7800,14.7700,14.7600,14.7500,14.8100,14.8200,14.8300,14.8400,14.8500,29,33,21,93,131,129,102,47,230,81
SZ,002323,2017-01-03 09:51:21,14.7900,10,69536.0000,47,S,14.7900,14.7800,14.7700,14.7600,14.7500,14.8000,14.8100,14.8200,14.8300,14.8400,54,24,21,128,131,40,134,90,47,230
SZ,002323,2017-01-03 09:51:24,14.7900,1,13312.0000,9,S,14.7900,14.7800,14.7700,14.7600,14.7500,14.8000,14.8100,14.8200,14.8300,14.8400,45,24,21,1143,141,96,125,96,47,230
SZ,002323,2017-01-03 09:51:27,14.7800,9,116828.0000,79,S,14.7800,14.7700,14.7600,14.7500,14.7400,14.7900,14.8000,14.8100,14.8200,14.8300,17,21,1143,211,3,3,124,125,96,47
SZ,002323,2017-01-03 09:51:30,14.7800,41,1770104.0000,1198,S,14.7800,14.7700,14.7600,14.7500,14.7400,14.7900,14.8100,14.8200,14.8300,14.8400,5,21,450,211,3,10,125,96,47,230
SZ,002323,2017-01-03 09:51:33,14.7900,5,121212.0000,82,B,14.7900,14.7800,14.7700,14.7600,14.7500,14.8100,14.8200,14.8300,14.8400,14.8500,4,20,25,450,220,125,96,47,230,92
SZ,002323,2017-01-03 09:51:36,14.7900,1,5916.0000,4,S,14.7800,14.7700,14.7600,14.7500,14.7400,14.7900,14.8100,14.8200,14.8300,14.8400,20,25,450,170,3,4,125,77,47,227
SZ,002323,2017-01-03 09:51:39,14.8100,19,256120.0000,173,S,14.8100,14.7700,14.7600,14.7500,14.7400,14.8200,14.8300,14.8400,14.8500,14.8600,3,265,450,170,3,77,47,227,92,64
SZ,002323,2017-01-03 09:51:42,14.7900,3,37004.0000,25,S,14.7900,14.7800,14.7700,14.7600,14.7500,14.8000,14.8100,14.8200,14.8300,14.8400,6,20,287,505,165,51,1,77,47,227
SZ,002323,2017-01-03 09:51:45,14.7800,6,59132.0000,40,S,14.7700,14.7600,14.7500,14.7400,14.7300,14.7800,14.8000,14.8100,14.8200,14.8300,290,505,165,3,20,34,51,1,77,97
SZ,002323,2017-01-03 09:51:48,14.7800,9,143388.0000,97,B,14.7800,14.7700,14.7600,14.7500,14.7400,14.8000,14.8100,14.8200,14.8300,14.8400,25,290,81,165,3,50,1,77,97,227
SZ,002323,2017-01-03 09:51:51,14.7900,8,137596.0000,93,B,14.7900,14.7800,14.7700,14.7600,14.7500,14.8000,14.8100,14.8200,14.8300,14.8400,348,111,290,81,165,3,1,77,97,227
SZ,002323,2017-01-03 09:51:54,14.8000,3,19240.0000,13,B,14.8000,14.7900,14.7800,14.7700,14.7600,14.8100,14.8200,14.8300,14.8400,14.8500,68,348,144,290,83,1,77,130,227,92
SZ,002323,2017-01-03 09:51:57,14.8000,10,199752.0000,135,S,14.7900,14.7800,14.7700,14.7600,14.7500,14.8000,14.8200,14.8300,14.8400,14.8500,296,230,298,83,165,11,77,130,227,92
SZ,002323,2017-01-03 09:52:00,14.8000,7,38480.0000,26,B,14.8000,14.7900,14.7800,14.7700,14.7600,14.8200,14.8300,14.8400,14.8500,14.8600,31,317,237,298,83,77,130,227,92,64
SZ,002323,2017-01-03 09:52:03,14.8100,7,134644.0000,91,B,14.8000,14.7900,14.7800,14.7700,14.7600,14.8200,14.8300,14.8400,14.8500,14.8600,101,273,273,300,83,77,130,227,92,64
SZ,002323,2017-01-03 09:52:06,14.8100,5,71124.0000,48,B,14.8000,14.7900,14.7800,14.7700,14.7600,14.8200,14.8300,14.8400,14.8500,14.8600,99,273,273,300,83,35,130,227,92,64
SZ,002323,2017-01-03 09:52:09,14.7900,7,331512.0000,224,S,14.8000,14.7900,14.7800,14.7700,14.7600,14.8200,14.8300,14.8400,14.8500,14.8600,19,278,268,269,83,34,130,227,92,64
SZ,002323,2017-01-03 09:52:12,14.8200,5,59280.0000,40,B,14.8200,14.8100,14.8000,14.7900,14.7800,14.8300,14.8400,14.8500,14.8600,14.8800,360,5,131,278,268,130,227,92,64,72
SZ,002323,2017-01-03 09:52:15,14.8200,4,158572.0000,107,S,14.8200,14.8100,14.8000,14.7900,14.7800,14.8300,14.8400,14.8500,14.8600,14.8800,256,10,164,278,263,130,225,92,64,72
SZ,002323,2017-01-03 09:52:18,14.8200,3,25196.0000,17,S,14.8200,14.8100,14.8000,14.7900,14.7800,14.8300,14.8400,14.8500,14.8600,14.8800,240,10,193,278,263,130,216,132,64,72
SZ,002323,2017-01-03 09:52:21,14.8200,4,131896.0000,89,S,14.8200,14.8100,14.8000,14.7900,14.7800,14.8300,14.8400,14.8500,14.8600,14.8800,151,10,203,278,263,130,196,132,64,72
SZ,002323,2017-01-03 09:52:24,14.8300,10,182400.0000,123,B,14.8200,14.8100,14.8000,14.7900,14.7800,14.8300,14.8400,14.8500,14.8600,14.8800,142,11,248,278,263,19,196,132,64,72
SZ,002323,2017-01-03 09:52:27,14.8200,6,43000.0000,29,S,14.8300,14.8200,14.8100,14.8000,14.7900,14.8400,14.8500,14.8600,14.8800,14.8900,31,161,11,248,278,196,132,64,72,97
SZ,002323,2017-01-03 09:52:33,14.8300,4,48964.0000,33,S,14.8300,14.8200,14.8100,14.8000,14.7900,14.8400,14.8500,14.8600,14.8800,14.8900,54,166,17,235,278,173,92,64,72,97
SZ,002323,2017-01-03 09:52:36,14.8400,6,117224.0000,79,B,14.8300,14.8200,14.8100,14.8000,14.7900,14.8400,14.8500,14.8600,14.8800,14.8900,76,166,17,242,278,105,94,64,72,97
SZ,002323,2017-01-03 09:52:39,14.8300,17,179456.0000,121,S,14.8200,14.8100,14.8000,14.7900,14.7800,14.8400,14.8500,14.8600,14.8800,14.8900,175,17,242,82,208,95,94,64,72,97
SZ,002323,2017-01-03 09:52:42,14.8400,4,72708.0000,49,B,14.8300,14.8200,14.8100,14.8000,14.7900,14.8400,14.8500,14.8600,14.8800,14.8900,54,208,17,244,82,52,94,64,72,97
SZ,002323,2017-01-03 09:52:45,14.8400,6,77168.0000,52,B,14.8400,14.8300,14.8200,14.8100,14.8000,14.8500,14.8600,14.8800,14.8900,14.9000,75,64,212,17,234,72,64,72,75,140
SZ,002323,2017-01-03 09:52:51,14.8400,1,14840.0000,10,S,14.8400,14.8300,14.8200,14.8100,14.8000,14.8500,14.8600,14.8800,14.8900,14.9000,116,80,212,31,224,72,64,72,75,140
SZ,002323,2017-01-03 09:52:54,14.8500,2,19304.0000,13,B,14.8400,14.8300,14.8200,14.8100,14.8000,14.8500,14.8600,14.8800,14.8900,14.9000,136,110,212,31,254,59,64,72,77,140
SZ,002323,2017-01-03 09:52:57,14.8500,4,56428.0000,38,B,14.8400,14.8300,14.8200,14.8100,14.8000,14.8500,14.8600,14.8800,14.8900,14.9000,143,96,206,31,256,26,64,72,77,140
SZ,002323,2017-01-03 09:53:00,14.8500,3,13364.0000,9,B,14.8400,14.8300,14.8200,14.8100,14.8000,14.8500,14.8600,14.8800,14.8900,14.9000,170,96,206,31,256,17,64,72,77,146
SZ,002323,2017-01-03 09:53:03,14.8500,2,25244.0000,17,B,14.8500,14.8400,14.8300,14.8200,14.8100,14.8600,14.8800,14.8900,14.9000,14.9100,70,171,96,186,31,64,82,77,137,32
SZ,002323,2017-01-03 09:53:06,14.8400,12,164832.0000,111,S,14.8500,14.8400,14.8300,14.8200,14.8100,14.8600,14.8800,14.8900,14.9000,14.9100,1,171,96,186,31,64,82,77,162,32
SZ,002323,2017-01-03 09:53:09,14.8400,3,40068.0000,27,S,14.8500,14.8400,14.8300,14.8200,14.8100,14.8600,14.8800,14.8900,14.9000,14.9100,30,135,96,186,31,64,82,77,162,32
SZ,002323,2017-01-03 09:53:12,14.8600,2,19308.0000,13,B,14.8500,14.8400,14.8300,14.8200,14.8100,14.8600,14.8800,14.8900,14.9000,14.9100,27,173,96,186,36,58,82,77,162,32
SZ,002323,2017-01-03 09:53:21,14.8600,6,38612.0000,26,B,14.8500,14.8400,14.8300,14.8200,14.8100,14.8600,14.8700,14.8800,14.8900,14.9000,54,163,96,186,36,57,30,82,97,162
SZ,002323,2017-01-03 09:53:24,14.8600,6,28228.0000,19,B,14.8500,14.8400,14.8300,14.8200,14.8100,14.8600,14.8700,14.8800,14.8900,14.9000,78,163,96,171,35,44,30,82,97,162
SZ,002323,2017-01-03 09:53:27,14.8600,5,44576.0000,30,B,14.8500,14.8400,14.8300,14.8200,14.8100,14.8600,14.8700,14.8800,14.8900,14.9000,83,163,96,171,35,23,30,80,97,137
SZ,002323,2017-01-03 09:53:30,14.8500,3,22284.0000,15,S,14.8500,14.8400,14.8300,14.8200,14.8100,14.8600,14.8700,14.8800,14.8900,14.9000,83,165,101,171,35,25,80,80,97,137
SZ,002323,2017-01-03 09:53:33,14.8500,13,114364.0000,77,S,14.8500,14.8400,14.8300,14.8200,14.8100,14.8600,14.8700,14.8800,14.8900,14.9000,26,165,91,171,35,5,80,80,97,287
SZ,002323,2017-01-03 09:53:36,14.8500,3,32672.0000,22,S,14.8500,14.8400,14.8300,14.8200,14.8100,14.8600,14.8700,14.8800,14.8900,14.9000,7,165,91,171,35,5,80,80,97,287
SZ,002323,2017-01-03 09:53:39,14.8600,3,19320.0000,13,B,14.8600,14.8500,14.8400,14.8300,14.8200,14.8700,14.8800,14.8900,14.9000,14.9100,18,7,165,91,171,80,80,97,287,32
SZ,002323,2017-01-03 09:53:42,14.8600,1,10400.0000,7,S,14.8600,14.8500,14.8400,14.8300,14.8200,14.8700,14.8800,14.8900,14.9000,14.9100,12,11,165,95,171,80,80,97,287,32
SZ,002323,2017-01-03 09:53:45,14.8500,5,34168.0000,23,S,14.8400,14.8300,14.8200,14.8100,14.8000,14.8500,14.8700,14.8800,14.8900,14.9000,165,95,171,35,426,6,80,80,97,287
SZ,002323,2017-01-03 09:53:48,14.8500,1,7424.0000,5,B,14.8400,14.8300,14.8200,14.8100,14.8000,14.8500,14.8700,14.8800,14.8900,14.9000,165,95,171,35,426,1,80,80,97,287
SZ,002323,2017-01-03 09:53:51,14.8700,9,108460.0000,73,B,14.8400,14.8300,14.8200,14.8100,14.8000,14.8700,14.8800,14.8900,14.9000,14.9100,138,95,171,35,426,42,80,97,287,32
SZ,002323,2017-01-03 09:53:54,14.8500,2,26712.0000,18,S,14.8500,14.8400,14.8300,14.8200,14.8100,14.8700,14.8800,14.8900,14.9000,14.9100,3,105,95,171,35,42,80,97,287,32
SZ,002323,2017-01-03 09:53:57,14.8500,2,13364.0000,9,S,14.8600,14.8500,14.8400,14.8300,14.8200,14.8700,14.8800,14.8900,14.9000,14.9100,20,56,111,95,171,42,80,97,287,32
SZ,002323,2017-01-03 09:54:00,14.8600,1,16348.0000,11,S,14.8600,14.8500,14.8400,14.8300,14.8200,14.8700,14.8800,14.8900,14.9000,14.9100,11,84,111,95,177,42,165,97,287,32
SZ,002323,2017-01-03 09:54:03,14.8700,4,14864.0000,10,B,14.8600,14.8500,14.8400,14.8300,14.8200,14.8700,14.8800,14.8900,14.9000,14.9100,4,86,111,95,177,39,165,97,287,32
SZ,002323,2017-01-03 09:54:06,14.8700,4,13372.0000,9,B,14.8600,14.8500,14.8400,14.8300,14.8200,14.8700,14.8800,14.8900,14.9000,14.9100,4,86,111,95,177,36,165,97,287,32
SZ,002323,2017-01-03 09:54:09,14.8700,1,32716.0000,22,B,14.8600,14.8500,14.8400,14.8300,14.8200,14.8700,14.8800,14.8900,14.9000,14.9100,4,86,111,95,177,14,165,97,287,32
SZ,002323,2017-01-03 09:54:12,14.8600,3,17832.0000,12,S,14.8500,14.8400,14.8300,14.8200,14.8100,14.8600,14.8700,14.8800,14.8900,14.9000,89,121,95,177,31,184,14,165,97,287
SZ,002323,2017-01-03 09:54:15,14.8600,1,7428.0000,5,B,14.8500,14.8400,14.8300,14.8200,14.8100,14.8600,14.8700,14.8800,14.8900,14.9000,89,121,95,177,31,194,46,165,97,287
SZ,002323,2017-01-03 09:54:18,14.8600,4,69828.0000,47,B,14.8500,14.8400,14.8300,14.8200,14.8100,14.8600,14.8700,14.8800,14.8900,14.9000,73,121,95,177,31,170,46,165,107,287
SZ,002323,2017-01-03 09:54:21,14.8600,1,4460.0000,3,B,14.8500,14.8400,14.8300,14.8200,14.8100,14.8600,14.8700,14.8800,14.8900,14.9000,73,121,124,177,31,167,46,165,107,287
SZ,002323,2017-01-03 09:54:24,14.8600,7,80192.0000,54,B,14.8500,14.8400,14.8300,14.8200,14.8100,14.8600,14.8700,14.8800,14.8900,14.9000,30,121,130,197,31,163,46,165,107,287
SZ,002323,2017-01-03 09:54:27,14.8500,9,59400.0000,40,S,14.8400,14.8300,14.8200,14.8100,14.8000,14.8500,14.8600,14.8700,14.8800,14.8900,121,130,197,31,431,10,163,46,165,105
SZ,002323,2017-01-03 09:54:36,14.8500,3,29700.0000,20,B,14.8400,14.8300,14.8200,14.8100,14.8000,14.8500,14.8600,14.8700,14.8800,14.8900,121,130,197,61,432,5,183,16,70,105
SZ,002323,2017-01-03 09:54:39,14.8500,3,32668.0000,22,B,14.8500,14.8400,14.8300,14.8200,14.8100,14.8600,14.8700,14.8800,14.8900,14.9000,15,140,130,197,67,178,16,70,105,287
SZ,002323,2017-01-03 09:54:45,14.8600,1,29720.0000,20,B,14.8500,14.8400,14.8300,14.8200,14.8100,14.8600,14.8700,14.8800,14.8900,14.9000,30,140,130,197,67,158,16,70,105,287
SZ,002323,2017-01-03 09:54:48,14.8400,11,136588.0000,92,S,14.8400,14.8300,14.8200,14.8100,14.8000,14.8500,14.8600,14.8700,14.8800,14.8900,105,130,192,67,422,50,158,16,70,105
SZ,002323,2017-01-03 09:54:54,14.8500,1,7424.0000,5,B,14.8400,14.8300,14.8200,14.8100,14.8000,14.8500,14.8600,14.8700,14.8800,14.8900,105,130,192,79,416,55,158,16,70,105
SZ,002323,2017-01-03 09:54:57,14.8500,7,108396.0000,73,B,14.8400,14.8300,14.8200,14.8100,14.8000,14.8500,14.8600,14.8700,14.8800,14.8900,89,130,192,84,416,23,158,14,70,105
SZ,002323,2017-01-03 09:55:00,14.8500,8,62360.0000,42,B,14.8400,14.8300,14.8200,14.8100,14.8000,14.8500,14.8600,14.8700,14.8800,14.8900,75,130,192,84,416,6,158,14,70,105
SZ,002323,2017-01-03 09:55:03,14.8400,9,97952.0000,66,S,14.8400,14.8300,14.8200,14.8100,14.8000,14.8600,14.8700,14.8800,14.8900,14.9000,19,130,192,84,416,164,14,70,105,287
SZ,002323,2017-01-03 09:55:06,14.8400,3,14848.0000,10,S,14.8400,14.8300,14.8200,14.8100,14.8000,14.8600,14.8700,14.8800,14.8900,14.9000,16,130,192,83,416,150,14,70,105,287
SZ,002323,2017-01-03 09:55:09,14.8500,3,38608.0000,26,B,14.8400,14.8300,14.8200,14.8100,14.8000,14.8500,14.8600,14.8700,14.8800,14.8900,29,133,172,83,416,114,165,14,70,105
SZ,002323,2017-01-03 09:55:12,14.8400,2,22260.0000,15,S,14.8400,14.8300,14.8200,14.8100,14.8000,14.8500,14.8600,14.8700,14.8800,14.8900,15,133,172,83,416,114,168,14,70,105
SZ,002323,2017-01-03 09:55:15,14.8400,4,19292.0000,13,S,14.8400,14.8300,14.8200,14.8100,14.8000,14.8500,14.8600,14.8700,14.8800,14.8900,47,133,172,83,416,114,168,14,70,105
SZ,002323,2017-01-03 09:55:18,14.8600,14,433780.0000,292,B,14.8600,14.8400,14.8300,14.8200,14.8100,14.8700,14.8800,14.8900,14.9000,14.9100,682,40,133,172,83,14,70,105,287,32
SZ,002323,2017-01-03 09:55:21,14.8600,4,387844.0000,261,S,14.8600,14.8400,14.8300,14.8200,14.8100,14.8700,14.8800,14.8900,14.9000,14.9100,421,40,133,172,83,14,70,105,294,32
SZ,002323,2017-01-03 09:55:24,14.8600,2,4460.0000,3,S,14.8600,14.8400,14.8300,14.8200,14.8100,14.8700,14.8800,14.8900,14.9000,14.9100,450,40,133,172,83,14,70,105,294,32
SZ,002323,2017-01-03 09:55:30,14.8900,7,169648.0000,114,B,14.8700,14.8600,14.8400,14.8300,14.8200,14.8900,14.9000,14.9100,14.9200,14.9300,83,453,42,133,172,75,294,32,63,66
SZ,002323,2017-01-03 09:55:33,14.9000,8,148924.0000,100,B,14.8700,14.8600,14.8400,14.8300,14.8200,14.9000,14.9100,14.9200,14.9300,14.9400,93,453,45,133,172,269,32,63,66,50
SZ,002323,2017-01-03 09:55:36,14.8700,1,11896.0000,8,S,14.8700,14.8600,14.8400,14.8300,14.8200,14.9000,14.9100,14.9200,14.9300,14.9400,85,453,45,133,172,269,32,63,66,50
SZ,002323,2017-01-03 09:55:39,14.8700,4,87804.0000,59,S,14.8700,14.8600,14.8400,14.8300,14.8200,14.9000,14.9100,14.9200,14.9300,14.9400,62,504,45,132,172,269,32,63,66,50
SZ,002323,2017-01-03 09:55:42,14.9000,1,5960.0000,4,B,14.8700,14.8600,14.8400,14.8300,14.8200,14.9000,14.9100,14.9200,14.9300,14.9400,68,503,45,132,172,265,32,63,66,50
SZ,002323,2017-01-03 09:55:45,14.9000,4,44620.0000,30,B,14.8700,14.8600,14.8400,14.8300,14.8200,14.9000,14.9100,14.9200,14.9300,14.9400,92,503,42,132,172,262,32,61,66,50
SZ,002323,2017-01-03 09:55:48,14.9000,4,23840.0000,16,B,14.8700,14.8600,14.8400,14.8300,14.8200,14.9000,14.9100,14.9200,14.9300,14.9400,92,504,42,132,172,246,32,61,66,50
SZ,002323,2017-01-03 09:55:51,14.9000,1,1488.0000,1,B,14.8700,14.8600,14.8400,14.8300,14.8200,14.9000,14.9100,14.9200,14.9300,14.9400,102,504,42,132,172,245,32,61,66,50
SZ,002323,2017-01-03 09:55:54,14.8900,3,14896.0000,10,S,14.8900,14.8700,14.8600,14.8400,14.8300,14.9000,14.9100,14.9200,14.9300,14.9400,68,109,506,42,132,246,32,61,66,50
SZ,002323,2017-01-03 09:55:57,14.8900,2,41696.0000,28,S,14.8900,14.8700,14.8600,14.8400,14.8300,14.9000,14.9100,14.9200,14.9300,14.9400,41,118,506,42,132,245,32,61,66,50
SZ,002323,2017-01-03 09:56:00,14.9000,4,75988.0000,51,B,14.8900,14.8700,14.8600,14.8400,14.8300,14.9000,14.9100,14.9200,14.9300,14.9400,41,118,506,42,132,197,32,61,66,50
SZ,002323,2017-01-03 09:56:06,14.8900,3,26808.0000,18,S,14.8900,14.8800,14.8700,14.8600,14.8400,14.9000,14.9100,14.9200,14.9300,14.9400,47,2,118,455,16,191,32,61,66,50
SZ,002323,2017-01-03 09:56:09,14.9000,3,70004.0000,47,B,14.8900,14.8800,14.8700,14.8600,14.8500,14.9000,14.9100,14.9200,14.9300,14.9400,20,2,116,455,5,176,32,61,66,50
SZ,002323,2017-01-03 09:56:12,14.9000,4,59600.0000,40,B,14.8900,14.8800,14.8700,14.8600,14.8500,14.9000,14.9100,14.9200,14.9300,14.9400,103,5,116,455,5,130,32,61,66,50
SZ,002323,2017-01-03 09:56:15,14.8900,5,65552.0000,44,S,14.8900,14.8800,14.8700,14.8600,14.8500,14.9000,14.9100,14.9200,14.9300,14.9400,142,9,116,458,5,92,32,61,66,50
SZ,002323,2017-01-03 09:56:18,14.8700,10,251596.0000,169,S,14.8700,14.8600,14.8500,14.8400,14.8300,14.8900,14.9000,14.9100,14.9200,14.9300,98,458,11,16,142,58,92,32,61,66
SZ,002323,2017-01-03 09:56:21,14.8900,1,2980.0000,2,B,14.8700,14.8600,14.8500,14.8400,14.8300,14.8900,14.9000,14.9100,14.9200,14.9300,88,458,16,16,142,56,120,32,61,66
SZ,002323,2017-01-03 09:56:24,14.8900,1,1488.0000,1,B,14.8700,14.8600,14.8500,14.8400,14.8300,14.8900,14.9000,14.9100,14.9200,14.9300,88,458,16,16,142,65,124,32,61,66
SZ,002323,2017-01-03 09:56:27,14.8900,1,2976.0000,2,B,14.8800,14.8700,14.8600,14.8500,14.8400,14.8900,14.9000,14.9100,14.9200,14.9300,26,83,458,16,16,81,117,32,61,65
SZ,002323,2017-01-03 09:56:30,14.8700,10,171044.0000,115,S,14.8600,14.8500,14.8400,14.8300,14.8200,14.8700,14.8900,14.9000,14.9100,14.9200,458,16,16,142,172,45,95,117,32,61
SZ,002323,2017-01-03 09:56:33,14.8900,3,77340.0000,52,B,14.8600,14.8500,14.8400,14.8300,14.8200,14.8900,14.9000,14.9100,14.9200,14.9300,466,16,16,142,172,88,117,32,61,65
SZ,002323,2017-01-03 09:56:39,14.8600,1,40120.0000,27,S,14.8600,14.8500,14.8400,14.8300,14.8200,14.8700,14.8900,14.9000,14.9100,14.9200,439,16,16,102,172,20,98,122,32,61
SZ,002323,2017-01-03 09:56:42,14.8600,2,66872.0000,45,S,14.8600,14.8500,14.8400,14.8300,14.8200,14.8700,14.8900,14.9000,14.9100,14.9200,394,16,21,102,172,20,91,122,32,61
SZ,002323,2017-01-03 09:56:45,14.8600,3,68356.0000,46,S,14.8600,14.8500,14.8400,14.8300,14.8200,14.8700,14.8900,14.9000,14.9100,14.9200,350,16,41,102,172,18,91,117,32,61
SZ,002323,2017-01-03 09:56:48,14.8600,1,222900.0000,150,S,14.8700,14.8600,14.8500,14.8400,14.8300,14.8900,14.9000,14.9100,14.9200,14.9300,2,200,16,39,102,91,117,32,61,65
SZ,002323,2017-01-03 09:56:51,14.8700,4,46088.0000,31,S,14.8700,14.8600,14.8500,14.8400,14.8300,14.8900,14.9000,14.9100,14.9200,14.9300,34,190,16,139,102,94,114,32,61,65
SZ,002323,2017-01-03 09:56:57,14.8700,4,16360.0000,11,S,14.8700,14.8600,14.8500,14.8400,14.8300,14.8800,14.8900,14.9000,14.9100,14.9200,27,190,16,139,102,5,81,114,32,61
SZ,002323,2017-01-03 09:57:00,14.8700,5,72912.0000,49,S,14.8700,14.8600,14.8500,14.8400,14.8300,14.8900,14.9000,14.9100,14.9200,14.9300,26,193,16,139,102,81,114,32,61,65
SZ,002323,2017-01-03 09:57:03,14.8700,3,34212.0000,23,S,14.8700,14.8600,14.8500,14.8400,14.8300,14.8900,14.9000,14.9100,14.9200,14.9300,13,193,16,139,102,96,114,32,61,65
SZ,002323,2017-01-03 09:57:06,14.8900,1,44668.0000,30,B,14.8800,14.8700,14.8600,14.8500,14.8400,14.8900,14.9000,14.9100,14.9200,14.9300,53,16,193,16,139,66,114,32,61,65
SZ,002323,2017-01-03 09:57:09,14.8800,1,22320.0000,15,S,14.8800,14.8700,14.8600,14.8500,14.8400,14.8900,14.9000,14.9100,14.9200,14.9300,38,16,193,26,139,66,114,32,61,65
SZ,002323,2017-01-03 09:57:12,14.8800,3,53568.0000,36,S,14.8800,14.8700,14.8600,14.8500,14.8400,14.8900,14.9000,14.9100,14.9200,14.9300,2,16,193,26,139,66,114,32,61,65
SZ,002323,2017-01-03 09:57:15,14.8700,4,26768.0000,18,S,14.8600,14.8500,14.8400,14.8300,14.8200,14.8700,14.8900,14.9000,14.9100,14.9200,193,26,139,102,172,79,66,114,32,61
SZ,002323,2017-01-03 09:57:18,14.8700,3,43096.0000,29,B,14.8600,14.8500,14.8400,14.8300,14.8200,14.8700,14.8900,14.9000,14.9100,14.9200,165,26,139,98,172,78,66,114,32,61
SZ,002323,2017-01-03 09:57:21,14.8600,1,40120.0000,27,S,14.8600,14.8500,14.8400,14.8300,14.8200,14.8700,14.8900,14.9000,14.9100,14.9200,148,28,139,98,172,78,69,114,32,61
SZ,002323,2017-01-03 09:57:24,14.8700,4,105544.0000,71,B,14.8600,14.8500,14.8400,14.8300,14.8200,14.8700,14.8800,14.8900,14.9000,14.9100,112,28,139,88,172,43,1,69,114,32
SZ,002323,2017-01-03 09:57:27,14.8700,2,29740.0000,20,B,14.8600,14.8500,14.8400,14.8300,14.8200,14.8700,14.8800,14.8900,14.9000,14.9100,112,28,139,88,172,23,1,69,114,32
SZ,002323,2017-01-03 09:57:30,14.8700,1,34200.0000,23,S,14.8700,14.8600,14.8500,14.8400,14.8300,14.8800,14.8900,14.9000,14.9100,14.9200,10,112,28,139,88,1,69,114,32,61
SZ,002323,2017-01-03 09:57:33,14.8600,3,44588.0000,30,S,14.8600,14.8500,14.8400,14.8300,14.8200,14.8800,14.8900,14.9000,14.9100,14.9200,92,28,139,88,172,28,69,124,32,62
SZ,002323,2017-01-03 09:57:39,14.8700,2,4464.0000,3,S,14.8700,14.8600,14.8500,14.8400,14.8300,14.8800,14.8900,14.9000,14.9100,14.9200,10,92,28,139,88,37,69,124,32,62
SZ,002323,2017-01-03 09:57:45,14.8700,4,46096.0000,31,S,14.8700,14.8600,14.8500,14.8400,14.8300,14.8800,14.8900,14.9000,14.9100,14.9200,11,98,30,139,88,30,45,124,32,82
SZ,002323,2017-01-03 09:57:48,14.8700,1,7436.0000,5,S,14.8700,14.8600,14.8500,14.8400,14.8300,14.8800,14.8900,14.9000,14.9100,14.9200,6,98,30,139,88,30,45,124,32,82
SZ,002323,2017-01-03 09:57:51,14.8700,5,11896.0000,8,S,14.8600,14.8500,14.8400,14.8300,14.8200,14.8700,14.8800,14.8900,14.9000,14.9100,103,30,139,88,163,13,28,45,124,32
SZ,002323,2017-01-03 09:57:54,14.8600,1,4460.0000,3,S,14.8600,14.8500,14.8400,14.8300,14.8200,14.8700,14.8800,14.8900,14.9000,14.9100,100,45,139,88,163,60,28,45,124,32
SZ,002323,2017-01-03 09:57:57,14.8600,5,69848.0000,47,S,14.8600,14.8500,14.8400,14.8300,14.8200,14.8700,14.8800,14.8900,14.9000,14.9100,58,45,139,88,163,55,28,45,124,32
SZ,002323,2017-01-03 09:58:00,14.8600,5,34192.0000,23,S,14.8600,14.8500,14.8400,14.8300,14.8200,14.8700,14.8800,14.8900,14.9000,14.9100,51,45,139,88,163,12,28,45,124,32
SZ,002323,2017-01-03 09:58:03,14.8600,1,10400.0000,7,S,14.8600,14.8500,14.8400,14.8300,14.8200,14.8700,14.8800,14.8900,14.9000,14.9100,44,45,139,88,163,12,28,45,124,32
SZ,002323,2017-01-03 09:58:06,14.8600,6,40124.0000,27,S,14.8600,14.8500,14.8400,14.8300,14.8200,14.8700,14.8800,14.8900,14.9000,14.9100,17,50,139,88,163,12,19,45,124,32
SZ,002323,2017-01-03 09:58:09,14.8600,4,54980.0000,37,S,14.8500,14.8400,14.8300,14.8200,14.8100,14.8600,14.8700,14.8800,14.8900,14.9000,50,139,88,163,103,19,12,19,55,124
SZ,002323,2017-01-03 09:58:12,14.8600,1,7432.0000,5,B,14.8500,14.8400,14.8300,14.8200,14.8100,14.8600,14.8700,14.8800,14.8900,14.9000,50,139,88,163,103,14,12,19,55,124
SZ,002323,2017-01-03 09:58:15,14.8600,1,11888.0000,8,B,14.8500,14.8400,14.8300,14.8200,14.8100,14.8600,14.8700,14.8800,14.8900,14.9000,55,139,88,163,103,6,12,55,55,124
SZ,002323,2017-01-03 09:58:18,14.8500,9,59424.0000,40,S,14.8500,14.8400,14.8300,14.8200,14.8100,14.8800,14.8900,14.9000,14.9100,14.9200,39,139,88,163,103,55,68,124,32,82
SZ,002323,2017-01-03 09:58:27,14.8700,4,28240.0000,19,B,14.8500,14.8400,14.8300,14.8200,14.8100,14.8700,14.8800,14.8900,14.9000,14.9100,37,139,98,163,104,10,55,68,114,32
SZ,002323,2017-01-03 09:58:30,14.8500,9,69796.0000,47,S,14.8400,14.8300,14.8200,14.8100,14.8000,14.8500,14.8600,14.8700,14.8800,14.8900,139,98,163,114,505,60,8,10,55,68
SZ,002323,2017-01-03 09:58:33,14.8500,2,40096.0000,27,B,14.8400,14.8300,14.8200,14.8100,14.8000,14.8500,14.8600,14.8700,14.8800,14.8900,119,98,163,114,503,34,8,30,55,55
SZ,002323,2017-01-03 09:58:39,14.8400,9,164728.0000,111,S,14.8400,14.8300,14.8200,14.8100,14.8000,14.8500,14.8600,14.8700,14.8800,14.8900,11,98,163,114,505,43,38,30,55,55
SZ,002323,2017-01-03 09:58:42,14.8300,6,78620.0000,53,S,14.8300,14.8200,14.8100,14.8000,14.7900,14.8400,14.8500,14.8600,14.8700,14.8800,82,163,114,515,65,16,39,38,30,55
SZ,002323,2017-01-03 09:58:45,14.8400,1,1484.0000,1,B,14.8300,14.8200,14.8100,14.8000,14.7900,14.8400,14.8500,14.8600,14.8700,14.8800,82,163,114,515,65,21,36,38,30,55
SZ,002323,2017-01-03 09:58:48,14.8300,3,14832.0000,10,S,14.8300,14.8200,14.8100,14.8000,14.7900,14.8400,14.8500,14.8600,14.8700,14.8800,72,163,114,515,65,59,35,38,30,55
SZ,002323,2017-01-03 09:58:51,14.8300,2,11864.0000,8,S,14.8300,14.8200,14.8100,14.8000,14.7900,14.8400,14.8500,14.8600,14.8700,14.8800,87,163,114,515,65,59,35,38,30,62
SZ,002323,2017-01-03 09:58:54,14.8300,3,13348.0000,9,S,14.8300,14.8200,14.8100,14.8000,14.7900,14.8400,14.8500,14.8600,14.8700,14.8800,81,163,114,515,65,80,35,38,30,62
SZ,002323,2017-01-03 09:58:57,14.8300,3,10384.0000,7,S,14.8300,14.8200,14.8100,14.8000,14.7900,14.8400,14.8500,14.8600,14.8700,14.8800,74,163,114,515,65,74,35,30,30,62
SZ,002323,2017-01-03 09:59:00,14.8300,5,41520.0000,28,S,14.8300,14.8200,14.8100,14.8000,14.7900,14.8400,14.8500,14.8600,14.8700,14.8800,48,166,114,515,65,74,26,30,30,62
SZ,002323,2017-01-03 09:59:03,14.8400,3,34132.0000,23,B,14.8300,14.8200,14.8100,14.8000,14.7900,14.8400,14.8500,14.8600,14.8700,14.8800,45,166,124,515,65,54,26,30,30,62
SZ,002323,2017-01-03 09:59:06,14.8400,5,106820.0000,72,B,14.8300,14.8200,14.8100,14.8000,14.7900,14.8400,14.8500,14.8600,14.8700,14.8800,18,166,124,554,65,19,26,30,30,62
SZ,002323,2017-01-03 09:59:09,14.8400,1,1484.0000,1,B,14.8300,14.8200,14.8100,14.8000,14.7900,14.8400,14.8500,14.8600,14.8700,14.8800,24,166,124,554,65,18,26,30,30,62
SZ,002323,2017-01-03 09:59:12,14.8300,8,71212.0000,48,S,14.8300,14.8200,14.8100,14.8000,14.7900,14.8400,14.8500,14.8600,14.8700,14.8800,3,166,124,554,65,74,26,30,30,62
SZ,002323,2017-01-03 09:59:15,14.8400,3,19284.0000,13,B,14.8200,14.8100,14.8000,14.7900,14.7800,14.8400,14.8500,14.8600,14.8700,14.8800,166,124,560,65,214,67,26,30,30,62
SZ,002323,2017-01-03 09:59:21,14.8400,2,13356.0000,9,B,14.8200,14.8100,14.8000,14.7900,14.7800,14.8300,14.8400,14.8500,14.8600,14.8700,166,124,560,65,214,1,60,26,30,30
SZ,002323,2017-01-03 09:59:24,14.8200,3,20748.0000,14,S,14.8200,14.8100,14.8000,14.7900,14.7800,14.8300,14.8400,14.8500,14.8600,14.8700,162,124,560,65,214,15,60,26,30,30
SZ,002323,2017-01-03 09:59:30,14.8200,6,56316.0000,38,S,14.8200,14.8100,14.8000,14.7900,14.7800,14.8300,14.8400,14.8500,14.8600,14.8700,127,130,560,65,214,13,60,46,30,30
SZ,002323,2017-01-03 09:59:33,14.8300,1,4452.0000,3,B,14.8200,14.8100,14.8000,14.7900,14.7800,14.8300,14.8400,14.8500,14.8600,14.8700,127,147,565,65,214,10,60,46,30,30
SZ,002323,2017-01-03 09:59:36,14.8200,4,22240.0000,15,S,14.8200,14.8100,14.8000,14.7900,14.7800,14.8400,14.8500,14.8600,14.8700,14.8800,132,147,565,65,214,60,46,30,30,62
SZ,002323,2017-01-03 09:59:39,14.8200,3,63764.0000,43,S,14.8200,14.8100,14.8000,14.7900,14.7800,14.8400,14.8500,14.8600,14.8700,14.8800,109,155,565,65,214,50,46,30,30,62
SZ,002323,2017-01-03 09:59:42,14.8200,1,5928.0000,4,S,14.8300,14.8200,14.8100,14.8000,14.7900,14.8400,14.8500,14.8600,14.8700,14.8800,12,115,155,565,65,50,46,30,30,62
SZ,002323,2017-01-03 09:59:45,14.8200,6,25208.0000,17,S,14.8200,14.8100,14.8000,14.7900,14.7800,14.8400,14.8500,14.8600,14.8700,14.8800,110,155,565,65,214,50,46,30,30,62
SZ,002323,2017-01-03 09:59:48,14.8200,3,29640.0000,20,S,14.8200,14.8100,14.8000,14.7900,14.7800,14.8400,14.8500,14.8600,14.8700,14.8800,112,155,565,69,214,50,46,30,30,62
SZ,002323,2017-01-03 09:59:54,14.8300,4,43008.0000,29,B,14.8300,14.8200,14.8100,14.8000,14.7900,14.8400,14.8500,14.8600,14.8700,14.8800,18,112,155,585,69,50,46,30,30,62
SZ,002323,2017-01-03 10:00:00,14.8300,3,25212.0000,17,S,14.8300,14.8200,14.8100,14.8000,14.7900,14.8400,14.8500,14.8600,14.8700,14.8800,6,123,155,579,69,50,46,30,30,62
SZ,002323,2017-01-03 10:00:03,14.8300,5,62292.0000,42,S,14.8300,14.8200,14.8100,14.8000,14.7900,14.8400,14.8500,14.8600,14.8700,14.8800,19,133,155,589,71,45,46,30,30,62
SZ,002323,2017-01-03 10:00:06,14.8300,1,5928.0000,4,S,14.8300,14.8200,14.8100,14.8000,14.7900,14.8400,14.8500,14.8600,14.8700,14.8800,107,133,155,589,71,45,46,30,30,62
SZ,002323,2017-01-03 10:00:12,14.8300,8,126064.0000,85,S,14.8300,14.8200,14.8100,14.8000,14.7900,14.8400,14.8500,14.8600,14.8700,14.8800,27,133,155,589,71,40,46,30,30,62
SZ,002323,2017-01-03 10:00:15,14.8400,2,46000.0000,31,B,14.8300,14.8200,14.8100,14.8000,14.7900,14.8400,14.8500,14.8600,14.8700,14.8800,27,123,155,599,71,9,46,30,30,62
SZ,002323,2017-01-03 10:00:18,14.8300,1,4452.0000,3,S,14.8300,14.8200,14.8100,14.8000,14.7900,14.8400,14.8500,14.8600,14.8700,14.8800,35,126,155,599,71,9,49,30,30,62
SZ,002323,2017-01-03 10:00:21,14.8400,12,128992.0000,87,B,14.8400,14.8300,14.8200,14.8100,14.8000,14.8500,14.8600,14.8700,14.8800,14.8900,71,5,89,165,594,32,30,30,62,38
SZ,002323,2017-01-03 10:00:30,14.8500,6,19304.0000,13,B,14.8400,14.8300,14.8200,14.8100,14.8000,14.8500,14.8600,14.8700,14.8800,14.8900,84,5,89,185,591,20,30,30,62,38
SZ,002323,2017-01-03 10:00:33,14.8400,1,25228.0000,17,S,14.8400,14.8300,14.8200,14.8100,14.8000,14.8500,14.8600,14.8700,14.8800,14.8900,67,25,89,185,591,20,30,30,62,38
SZ,002323,2017-01-03 10:00:36,14.8400,2,25228.0000,17,S,14.8400,14.8300,14.8200,14.8100,14.8000,14.8500,14.8600,14.8700,14.8800,14.8900,50,25,95,185,591,22,30,30,62,38
SZ,002323,2017-01-03 10:00:39,14.8400,1,4452.0000,3,S,14.8400,14.8300,14.8200,14.8100,14.8000,14.8500,14.8600,14.8700,14.8800,14.8900,47,25,95,185,591,22,30,30,62,38
SZ,002323,2017-01-03 10:00:45,14.8500,4,46008.0000,31,B,14.8400,14.8300,14.8200,14.8100,14.8000,14.8500,14.8600,14.8700,14.8800,14.8900,97,30,105,255,591,20,30,30,62,38
SZ,002323,2017-01-03 10:00:48,14.8500,4,13356.0000,9,B,14.8400,14.8300,14.8200,14.8100,14.8000,14.8500,14.8600,14.8700,14.8800,14.8900,89,30,116,255,591,19,30,30,62,38
SZ,002323,2017-01-03 10:00:51,14.8500,8,69764.0000,47,B,14.8500,14.8400,14.8300,14.8200,14.8100,14.8600,14.8700,14.8800,14.8900,14.9000,88,72,30,128,255,30,30,62,38,114
SZ,002323,2017-01-03 10:00:54,14.8500,1,2972.0000,2,S,14.8500,14.8400,14.8300,14.8200,14.8100,14.8600,14.8700,14.8800,14.8900,14.9000,101,72,36,128,255,30,30,62,38,114
SZ,002323,2017-01-03 10:00:57,14.8600,1,1484.0000,1,B,14.8500,14.8400,14.8300,14.8200,14.8100,14.8600,14.8700,14.8800,14.8900,14.9000,101,72,36,118,255,29,30,62,38,114
SZ,002323,2017-01-03 10:01:00,14.8600,1,7432.0000,5,B,14.8500,14.8400,14.8300,14.8200,14.8100,14.8600,14.8700,14.8800,14.8900,14.9000,99,72,36,118,255,24,30,62,38,114
SZ,002323,2017-01-03 10:01:03,14.8600,2,8916.0000,6,B,14.8500,14.8400,14.8300,14.8200,14.8100,14.8600,14.8700,14.8800,14.8900,14.9000,128,62,36,118,255,18,30,62,38,114
SZ,002323,2017-01-03 10:01:06,14.8600,2,19316.0000,13,B,14.8500,14.8400,14.8300,14.8200,14.8100,14.8600,14.8700,14.8800,14.8900,14.9000,125,62,40,128,260,8,30,62,38,114
SZ,002323,2017-01-03 10:01:09,14.8500,1,5940.0000,4,S,14.8500,14.8400,14.8300,14.8200,14.8100,14.8600,14.8700,14.8800,14.8900,14.9000,121,62,40,131,260,8,30,80,38,114
SZ,002323,2017-01-03 10:01:12,14.8600,1,4456.0000,3,B,14.8500,14.8400,14.8300,14.8200,14.8100,14.8600,14.8700,14.8800,14.8900,14.9000,148,62,40,131,260,5,30,80,38,114
SZ,002323,2017-01-03 10:01:15,14.8600,1,7432.0000,5,B,14.8600,14.8500,14.8400,14.8300,14.8200,14.8700,14.8800,14.8900,14.9000,14.9100,45,148,62,40,131,30,80,38,114,32
SZ,002323,2017-01-03 10:01:18,14.8600,1,25260.0000,17,S,14.8600,14.8500,14.8400,14.8300,14.8200,14.8700,14.8800,14.8900,14.9000,14.9100,478,158,62,40,131,30,80,38,114,32
SZ,002323,2017-01-03 10:01:21,14.8700,1,1488.0000,1,B,14.8600,14.8500,14.8400,14.8300,14.8200,14.8700,14.8800,14.8900,14.9000,14.9100,478,149,62,40,131,29,80,38,114,32
SZ,002323,2017-01-03 10:01:24,14.8600,3,19328.0000,13,S,14.8600,14.8500,14.8400,14.8300,14.8200,14.8700,14.8800,14.8900,14.9000,14.9100,948,149,62,42,131,24,80,38,114,32
SZ,002323,2017-01-03 10:01:27,14.8600,3,164944.0000,111,S,14.8600,14.8500,14.8400,14.8300,14.8200,14.8700,14.8800,14.8900,14.9000,14.9100,837,149,62,42,131,24,80,38,114,32
SZ,002323,2017-01-03 10:01:30,14.8600,1,69844.0000,47,S,14.8600,14.8500,14.8400,14.8300,14.8200,14.8700,14.8800,14.8900,14.9000,14.9100,790,122,62,27,131,24,80,38,114,32
SZ,002323,2017-01-03 10:01:33,14.8600,1,16348.0000,11,S,14.8600,14.8500,14.8400,14.8300,14.8200,14.8700,14.8800,14.8900,14.9000,14.9100,794,122,62,21,131,24,80,38,114,32
SZ,002323,2017-01-03 10:01:36,14.8600,4,25276.0000,17,S,14.8600,14.8500,14.8400,14.8300,14.8200,14.8700,14.8800,14.8900,14.9000,14.9100,797,122,65,21,131,14,80,38,114,32
SZ,002323,2017-01-03 10:01:39,14.8700,2,13380.0000,9,B,14.8600,14.8500,14.8400,14.8300,14.8200,14.8700,14.8800,14.8900,14.9000,14.9100,807,122,65,21,131,5,80,38,114,32
SZ,002323,2017-01-03 10:01:42,14.8700,4,20816.0000,14,B,14.8700,14.8600,14.8500,14.8400,14.8300,14.8800,14.8900,14.9000,14.9100,14.9200,26,801,122,63,21,80,38,114,32,82
SZ,002323,2017-01-03 10:01:57,14.8700,2,31224.0000,21,S,14.8700,14.8600,14.8500,14.8400,14.8300,14.8800,14.8900,14.9000,14.9100,14.9200,70,801,117,63,21,80,68,106,32,81
SZ,002323,2017-01-03 10:02:00,14.8700,1,7436.0000,5,S,14.8700,14.8600,14.8500,14.8400,14.8300,14.8800,14.8900,14.9000,14.9100,14.9200,65,801,117,63,22,80,68,107,32,81
SZ,002323,2017-01-03 10:02:03,14.8700,1,1488.0000,1,S,14.8700,14.8600,14.8500,14.8400,14.8300,14.8800,14.8900,14.9000,14.9100,14.9200,64,801,115,63,22,80,68,107,32,81
SZ,002323,2017-01-03 10:02:06,14.8700,4,41636.0000,28,S,14.8700,14.8600,14.8500,14.8400,14.8300,14.8800,14.8900,14.9000,14.9100,14.9200,36,801,121,63,22,80,68,107,32,81
SZ,002323,2017-01-03 10:02:09,14.8700,8,171032.0000,115,S,14.8700,14.8600,14.8500,14.8400,14.8300,14.8800,14.8900,14.9000,14.9100,14.9200,2,775,121,63,22,28,68,107,32,81
