市场代码,证券代码,时间,最新价,成交笔数,成交额,成交量,方向,买一价,买二价,买三价,买四价,买五价,卖一价,卖二价,卖三价,卖四价,卖五价,买一量,买二量,买三量,买四量,买五量,卖一量,卖二量,卖三量,卖四量,卖五量
SZ,002321,2017-01-03 09:25:03,10.7500,36,354750.0000,330,B,10.7400,10.7300,10.7200,10.7100,10.7000,10.7500,10.7600,10.7800,10.7900,10.8000,70,42,37,125,310,106,20,16,128,45
SZ,002321,2017-01-03 09:30:00,10.7900,11,200194.0000,186,B,10.7600,10.7400,10.7300,10.7200,10.7100,10.7900,10.8000,10.8100,10.8200,10.8300,25,70,42,37,125,84,45,22,35,57
SZ,002321,2017-01-03 09:30:03,10.7500,49,823369.0000,766,S,10.7500,10.7400,10.7300,10.7200,10.7100,10.7800,10.7900,10.8000,10.8100,10.8200,548,57,63,668,278,91,134,556,22,624
SZ,002321,2017-01-03 09:30:06,10.7500,13,276665.0000,257,S,10.7500,10.7400,10.7300,10.7200,10.7100,10.7800,10.7900,10.8000,10.8100,10.8200,536,57,64,718,278,33,134,556,22,624
SZ,002321,2017-01-03 09:30:09,10.7800,1,3234.0000,3,B,10.7600,10.7500,10.7400,10.7300,10.7200,10.7800,10.7900,10.8000,10.8100,10.8200,76,536,57,64,723,30,134,556,22,624
SZ,002321,2017-01-03 09:30:12,10.7600,1,21520.0000,20,S,10.7600,10.7500,10.7400,10.7300,10.7200,10.7800,10.7900,10.8000,10.8100,10.8200,56,539,57,65,723,90,134,556,22,624
SZ,002321,2017-01-03 09:30:18,10.7600,2,41974.0000,39,S,10.7600,10.7500,10.7400,10.7300,10.7200,10.7800,10.7900,10.8000,10.8100,10.8200,67,629,57,65,723,153,134,556,22,624
SZ,002321,2017-01-03 09:30:21,10.7800,1,19404.0000,18,B,10.7600,10.7500,10.7400,10.7300,10.7200,10.7800,10.7900,10.8000,10.8100,10.8200,69,703,57,65,723,135,134,556,22,624
SZ,002321,2017-01-03 09:30:27,10.7700,1,1077.0000,1,S,10.7600,10.7500,10.7400,10.7300,10.7200,10.7700,10.7800,10.7900,10.8000,10.8100,69,703,57,65,723,69,139,191,556,22
SZ,002321,2017-01-03 09:30:30,10.7700,3,51664.0000,48,B,10.7600,10.7500,10.7400,10.7300,10.7200,10.7700,10.7800,10.7900,10.8000,10.8100,37,703,57,65,723,53,99,150,556,32
SZ,002321,2017-01-03 09:30:33,10.7700,10,159488.0000,148,B,10.7600,10.7500,10.7400,10.7300,10.7200,10.7700,10.7800,10.7900,10.8000,10.8100,87,703,57,65,723,7,7,150,556,35
SZ,002321,2017-01-03 09:30:36,10.7700,3,34462.0000,32,B,10.7600,10.7500,10.7400,10.7300,10.7200,10.7700,10.7800,10.7900,10.8000,10.8100,85,703,57,65,723,17,7,107,556,35
SZ,002321,2017-01-03 09:30:42,10.7500,4,147360.0000,137,S,10.7500,10.7400,10.7300,10.7200,10.7100,10.7600,10.7700,10.7800,10.7900,10.8000,657,57,65,723,278,50,18,48,112,556
SZ,002321,2017-01-03 09:30:45,10.7600,1,10760.0000,10,B,10.7500,10.7400,10.7300,10.7200,10.7100,10.7600,10.7700,10.7800,10.7900,10.8000,657,57,65,723,278,40,68,53,112,556
SZ,002321,2017-01-03 09:30:48,10.7600,1,30128.0000,28,B,10.7500,10.7400,10.7300,10.7200,10.7100,10.7600,10.7700,10.7800,10.7900,10.8000,657,57,65,723,278,24,68,53,152,536
SZ,002321,2017-01-03 09:30:51,10.7600,1,4304.0000,4,B,10.7500,10.7400,10.7300,10.7200,10.7100,10.7600,10.7700,10.7800,10.7900,10.8000,661,57,65,723,278,31,68,460,152,536
SZ,002321,2017-01-03 09:30:54,10.7600,3,17216.0000,16,B,10.7500,10.7400,10.7300,10.7200,10.7100,10.7600,10.7700,10.7800,10.7900,10.8000,661,57,76,723,278,15,68,419,170,536
SZ,002321,2017-01-03 09:30:57,10.7500,4,30124.0000,28,S,10.7500,10.7400,10.7300,10.7200,10.7100,10.7600,10.7700,10.7800,10.7900,10.8000,653,57,76,723,279,49,77,437,170,536
SZ,002321,2017-01-03 09:31:03,10.7600,2,30128.0000,28,B,10.7500,10.7400,10.7300,10.7200,10.7100,10.7600,10.7700,10.7800,10.7900,10.8000,558,57,76,723,279,145,77,437,170,536
SZ,002321,2017-01-03 09:31:06,10.7600,7,157046.0000,146,B,10.7500,10.7400,10.7300,10.7200,10.7100,10.7600,10.7700,10.7800,10.7900,10.8000,508,57,76,723,279,49,77,437,152,536
SZ,002321,2017-01-03 09:31:09,10.7500,8,240850.0000,224,S,10.7500,10.7400,10.7300,10.7200,10.7100,10.7700,10.7800,10.7900,10.8000,10.8100,338,57,76,723,279,110,437,152,536,335
SZ,002321,2017-01-03 09:31:12,10.7700,1,4308.0000,4,B,10.7500,10.7400,10.7300,10.7200,10.7100,10.7700,10.7800,10.7900,10.8000,10.8100,393,37,76,723,279,105,437,152,536,335
SZ,002321,2017-01-03 09:31:15,10.7500,9,147275.0000,137,S,10.7500,10.7400,10.7300,10.7200,10.7100,10.7700,10.7800,10.7900,10.8000,10.8100,274,37,76,723,279,134,437,152,536,335
SZ,002321,2017-01-03 09:31:18,10.7600,21,367791.0000,342,B,10.7600,10.7500,10.7400,10.7300,10.7200,10.7700,10.7800,10.7900,10.8000,10.8100,20,65,37,76,723,124,437,152,536,335
SZ,002321,2017-01-03 09:31:21,10.7700,3,24756.0000,23,B,10.7600,10.7500,10.7400,10.7300,10.7200,10.7700,10.7800,10.7900,10.8000,10.8100,5,65,37,76,723,182,437,156,536,335
SZ,002321,2017-01-03 09:31:24,10.7600,3,30128.0000,28,S,10.7500,10.7400,10.7300,10.7200,10.7100,10.7600,10.7700,10.7800,10.7900,10.8000,70,37,71,723,279,58,232,437,156,536
SZ,002321,2017-01-03 09:31:27,10.7600,2,11836.0000,11,B,10.7500,10.7400,10.7300,10.7200,10.7100,10.7600,10.7700,10.7800,10.7900,10.8000,70,37,171,718,279,397,304,442,156,526
SZ,002321,2017-01-03 09:31:30,10.7500,2,26880.0000,25,S,10.7500,10.7400,10.7300,10.7200,10.7100,10.7600,10.7700,10.7800,10.7900,10.8000,50,37,191,718,279,434,304,442,156,526
SZ,002321,2017-01-03 09:31:33,10.7500,9,70965.0000,66,S,10.7400,10.7300,10.7200,10.7100,10.7000,10.7500,10.7600,10.7700,10.7800,10.7900,37,191,718,279,568,57,419,291,442,156
SZ,002321,2017-01-03 09:31:39,10.7500,1,53750.0000,50,B,10.7400,10.7300,10.7200,10.7100,10.7000,10.7500,10.7600,10.7700,10.7800,10.7900,52,191,718,279,568,194,419,291,442,126
SZ,002321,2017-01-03 09:31:42,10.7400,1,3222.0000,3,S,10.7400,10.7300,10.7200,10.7100,10.7000,10.7500,10.7600,10.7700,10.7800,10.7900,51,191,718,279,568,194,419,291,441,126
SZ,002321,2017-01-03 09:31:45,10.7400,20,596880.0000,555,S,10.7400,10.7300,10.7200,10.7100,10.7000,10.7500,10.7600,10.7700,10.7800,10.7900,17,191,718,279,563,50,111,291,441,126
SZ,002321,2017-01-03 09:31:48,10.7500,1,4300.0000,4,B,10.7400,10.7300,10.7200,10.7100,10.7000,10.7500,10.7600,10.7700,10.7800,10.7900,17,191,718,279,563,62,111,286,441,141
SZ,002321,2017-01-03 09:31:51,10.7400,1,18258.0000,17,S,10.7300,10.7200,10.7100,10.7000,10.6900,10.7400,10.7500,10.7600,10.7700,10.7800,214,718,279,563,21,16,133,111,257,441
SZ,002321,2017-01-03 09:31:57,10.7400,4,60144.0000,56,B,10.7300,10.7200,10.7100,10.7000,10.6900,10.7400,10.7500,10.7600,10.7700,10.7800,214,718,279,563,21,492,133,73,257,441
SZ,002321,2017-01-03 09:32:00,10.7300,7,67599.0000,63,S,10.7300,10.7200,10.7100,10.7000,10.6900,10.7400,10.7500,10.7600,10.7700,10.7800,151,718,299,563,21,492,133,73,257,441
SZ,002321,2017-01-03 09:32:03,10.7200,21,938159.0000,875,S,10.7100,10.7000,10.6900,10.6800,10.6700,10.7200,10.7400,10.7500,10.7600,10.7700,299,563,21,217,77,23,540,133,73,257
SZ,002321,2017-01-03 09:32:09,10.7100,7,126443.0000,118,S,10.7100,10.7000,10.6900,10.6800,10.6700,10.7300,10.7400,10.7500,10.7600,10.7700,246,563,21,217,77,358,115,62,73,257
SZ,002321,2017-01-03 09:32:12,10.7100,1,17136.0000,16,S,10.7100,10.7000,10.6900,10.6800,10.6700,10.7200,10.7300,10.7400,10.7500,10.7600,250,563,21,217,77,24,430,115,62,73
SZ,002321,2017-01-03 09:32:15,10.7100,13,278460.0000,260,S,10.7000,10.6900,10.6800,10.6700,10.6600,10.7100,10.7200,10.7300,10.7400,10.7500,563,21,217,77,321,372,24,430,115,62
SZ,002321,2017-01-03 09:32:18,10.7000,1,10700.0000,10,S,10.7000,10.6900,10.6800,10.6700,10.6600,10.7100,10.7200,10.7300,10.7400,10.7500,553,21,217,77,321,372,24,416,115,62
SZ,002321,2017-01-03 09:32:21,10.7000,5,89883.0000,84,S,10.7000,10.6900,10.6800,10.6700,10.6600,10.7100,10.7200,10.7300,10.7400,10.7500,472,21,217,77,321,369,24,416,125,62
SZ,002321,2017-01-03 09:32:24,10.7000,2,12842.0000,12,S,10.7000,10.6900,10.6800,10.6700,10.6600,10.7100,10.7200,10.7300,10.7400,10.7500,462,141,217,77,321,367,24,416,125,62
SZ,002321,2017-01-03 09:32:27,10.7000,4,124120.0000,116,S,10.7000,10.6900,10.6800,10.6700,10.6600,10.7100,10.7200,10.7300,10.7400,10.7500,346,141,217,77,321,367,24,416,125,62
SZ,002321,2017-01-03 09:32:30,10.7000,1,21400.0000,20,S,10.7000,10.6900,10.6800,10.6700,10.6600,10.7100,10.7200,10.7300,10.7400,10.7500,351,141,217,77,321,367,24,116,125,62
SZ,002321,2017-01-03 09:32:33,10.7000,6,36380.0000,34,S,10.7000,10.6900,10.6800,10.6700,10.6600,10.7100,10.7200,10.7300,10.7400,10.7500,342,141,217,77,321,367,34,116,125,62
SZ,002321,2017-01-03 09:32:36,10.7000,7,86670.0000,81,S,10.7000,10.6900,10.6800,10.6700,10.6600,10.7100,10.7200,10.7300,10.7400,10.7500,264,151,217,77,321,367,34,116,125,62
SZ,002321,2017-01-03 09:32:39,10.7000,4,17120.0000,16,S,10.7000,10.6900,10.6800,10.6700,10.6600,10.7100,10.7200,10.7300,10.7400,10.7500,258,151,217,77,321,367,34,116,125,62
SZ,002321,2017-01-03 09:32:42,10.7100,3,55660.0000,52,B,10.7000,10.6900,10.6800,10.6700,10.6600,10.7100,10.7200,10.7300,10.7400,10.7500,245,151,217,102,321,347,34,116,125,62
SZ,002321,2017-01-03 09:32:45,10.7100,3,149940.0000,140,B,10.7000,10.6900,10.6800,10.6700,10.6600,10.7100,10.7200,10.7300,10.7400,10.7500,246,151,217,102,321,207,34,116,125,62
SZ,002321,2017-01-03 09:32:48,10.7100,19,389600.0000,364,B,10.7000,10.6900,10.6800,10.6700,10.6600,10.7100,10.7200,10.7300,10.7400,10.7500,2,151,217,102,321,87,34,116,125,62
SZ,002321,2017-01-03 09:32:51,10.7000,2,2140.0000,2,S,10.6900,10.6800,10.6700,10.6600,10.6500,10.7000,10.7100,10.7200,10.7300,10.7400,151,217,102,321,142,70,3,34,116,125
SZ,002321,2017-01-03 09:32:54,10.7000,6,77040.0000,72,B,10.6900,10.6800,10.6700,10.6600,10.6500,10.7000,10.7100,10.7200,10.7300,10.7400,151,217,112,321,142,18,3,34,78,125
SZ,002321,2017-01-03 09:32:57,10.7100,3,22473.0000,21,B,10.7100,10.7000,10.6900,10.6800,10.6700,10.7200,10.7300,10.7400,10.7500,10.7600,88,32,151,217,112,34,78,125,62,73
SZ,002321,2017-01-03 09:33:00,10.7100,2,7497.0000,7,S,10.7100,10.7000,10.6900,10.6800,10.6700,10.7200,10.7300,10.7400,10.7500,10.7600,81,98,177,217,112,34,78,125,62,73
SZ,002321,2017-01-03 09:33:03,10.7200,2,2144.0000,2,B,10.7100,10.7000,10.6900,10.6800,10.6700,10.7200,10.7300,10.7400,10.7500,10.7600,90,99,177,217,112,32,78,125,62,73
SZ,002321,2017-01-03 09:33:06,10.7200,14,47141.0000,44,B,10.7100,10.7000,10.6900,10.6800,10.6700,10.7200,10.7300,10.7400,10.7500,10.7600,63,119,177,217,112,15,78,125,62,73
SZ,002321,2017-01-03 09:33:09,10.7200,7,11792.0000,11,B,10.7100,10.7000,10.6900,10.6800,10.6700,10.7200,10.7300,10.7400,10.7500,10.7600,111,163,177,237,112,4,107,125,62,4
SZ,002321,2017-01-03 09:33:12,10.7200,3,3216.0000,3,B,10.7100,10.7000,10.6900,10.6800,10.6700,10.7200,10.7300,10.7400,10.7500,10.7600,211,199,177,243,112,1,107,125,62,4
SZ,002321,2017-01-03 09:33:15,10.7200,1,1072.0000,1,B,10.7200,10.7100,10.7000,10.6900,10.6800,10.7300,10.7400,10.7500,10.7600,10.7700,171,214,425,177,243,107,125,62,4,216
SZ,002321,2017-01-03 09:33:21,10.7200,3,164016.0000,153,S,10.7200,10.7100,10.7000,10.6900,10.6800,10.7300,10.7400,10.7500,10.7600,10.7700,173,224,435,177,243,107,125,62,4,216
SZ,002321,2017-01-03 09:33:24,10.7300,2,37555.0000,35,B,10.7200,10.7100,10.7000,10.6900,10.6800,10.7300,10.7400,10.7500,10.7600,10.7700,193,221,435,177,251,72,125,62,54,166
SZ,002321,2017-01-03 09:33:27,10.7300,1,9657.0000,9,B,10.7200,10.7100,10.7000,10.6900,10.6800,10.7300,10.7400,10.7500,10.7600,10.7700,235,221,415,177,251,63,125,62,54,166
SZ,002321,2017-01-03 09:33:30,10.7200,6,37540.0000,35,S,10.7200,10.7100,10.7000,10.6900,10.6800,10.7300,10.7400,10.7500,10.7600,10.7700,271,221,415,177,251,43,125,62,54,166
SZ,002321,2017-01-03 09:33:33,10.7300,1,2146.0000,2,B,10.7200,10.7100,10.7000,10.6900,10.6800,10.7300,10.7400,10.7500,10.7600,10.7700,290,240,425,177,251,41,125,62,54,166
SZ,002321,2017-01-03 09:33:36,10.7300,5,19314.0000,18,B,10.7200,10.7100,10.7000,10.6900,10.6800,10.7300,10.7400,10.7500,10.7600,10.7700,297,260,427,177,251,23,125,62,54,166
SZ,002321,2017-01-03 09:33:39,10.7300,3,24679.0000,23,B,10.7300,10.7200,10.7100,10.7000,10.6900,10.7400,10.7500,10.7600,10.7700,10.7800,97,197,260,427,177,125,62,54,166,439
SZ,002321,2017-01-03 09:33:42,10.7300,2,52577.0000,49,S,10.7300,10.7200,10.7100,10.7000,10.6900,10.7400,10.7500,10.7600,10.7700,10.7800,48,197,330,427,177,125,62,54,166,439
SZ,002321,2017-01-03 09:33:48,10.7300,2,17175.0000,16,S,10.7300,10.7200,10.7100,10.7000,10.6900,10.7400,10.7500,10.7600,10.7700,10.7800,119,212,328,427,177,118,62,54,166,439
SZ,002321,2017-01-03 09:33:54,10.7300,6,139490.0000,130,S,10.7300,10.7200,10.7100,10.7000,10.6900,10.7400,10.7500,10.7600,10.7700,10.7800,29,233,328,437,177,118,162,63,166,439
SZ,002321,2017-01-03 09:34:03,10.7300,5,49358.0000,46,S,10.7300,10.7200,10.7100,10.7000,10.6900,10.7400,10.7500,10.7600,10.7700,10.7800,17,233,314,420,177,118,162,83,178,439
SZ,002321,2017-01-03 09:34:06,10.7400,3,32210.0000,30,B,10.7300,10.7200,10.7100,10.7000,10.6900,10.7400,10.7500,10.7600,10.7700,10.7800,7,244,314,410,177,98,162,83,178,439
SZ,002321,2017-01-03 09:34:09,10.7300,1,5365.0000,5,S,10.7300,10.7200,10.7100,10.7000,10.6900,10.7400,10.7500,10.7600,10.7700,10.7800,2,239,314,420,177,98,162,83,178,439
SZ,002321,2017-01-03 09:34:12,10.7400,1,1074.0000,1,B,10.7300,10.7200,10.7100,10.7000,10.6900,10.7400,10.7500,10.7600,10.7700,10.7800,2,239,314,450,177,97,162,83,178,439
SZ,002321,2017-01-03 09:34:15,10.7300,3,13957.0000,13,S,10.7200,10.7100,10.7000,10.6900,10.6800,10.7300,10.7400,10.7500,10.7600,10.7700,239,314,450,177,251,3,139,162,83,200
SZ,002321,2017-01-03 09:34:18,10.7300,1,1073.0000,1,B,10.7200,10.7100,10.7000,10.6900,10.6800,10.7300,10.7400,10.7500,10.7600,10.7700,239,314,450,177,251,94,139,162,83,200
SZ,002321,2017-01-03 09:34:24,10.7200,7,73982.0000,69,S,10.7200,10.7100,10.7000,10.6900,10.6800,10.7300,10.7400,10.7500,10.7600,10.7700,165,326,460,177,246,90,139,162,83,200
SZ,002321,2017-01-03 09:34:27,10.7300,5,131946.0000,123,B,10.7300,10.7200,10.7100,10.7000,10.6900,10.7400,10.7500,10.7600,10.7700,10.7800,60,132,326,460,177,140,162,83,200,453
SZ,002321,2017-01-03 09:34:30,10.7300,4,107300.0000,100,S,10.7300,10.7200,10.7100,10.7000,10.6900,10.7400,10.7500,10.7600,10.7700,10.7800,15,132,326,451,177,140,162,83,200,453
SZ,002321,2017-01-03 09:34:36,10.7300,4,78329.0000,73,S,10.7200,10.7100,10.7000,10.6900,10.6800,10.7300,10.7400,10.7500,10.7600,10.7700,132,326,451,197,246,46,140,162,83,200
SZ,002321,2017-01-03 09:34:42,10.7200,11,128640.0000,120,S,10.7200,10.7100,10.7000,10.6900,10.6800,10.7300,10.7400,10.7500,10.7600,10.7700,50,320,451,197,251,46,140,162,83,200
SZ,002321,2017-01-03 09:34:45,10.7300,2,43993.0000,41,B,10.7200,10.7100,10.7000,10.6900,10.6800,10.7300,10.7400,10.7500,10.7600,10.7700,50,320,451,197,251,5,140,162,83,200
SZ,002321,2017-01-03 09:34:48,10.7300,1,5365.0000,5,B,10.7300,10.7200,10.7100,10.7000,10.6900,10.7400,10.7500,10.7600,10.7700,10.7800,1,50,320,451,197,140,162,83,200,453
SZ,002321,2017-01-03 09:34:51,10.7200,3,9649.0000,9,S,10.7200,10.7100,10.7000,10.6900,10.6800,10.7400,10.7500,10.7600,10.7700,10.7800,62,320,451,197,251,140,162,83,200,453
SZ,002321,2017-01-03 09:35:00,10.7200,4,17154.0000,16,S,10.7200,10.7100,10.7000,10.6900,10.6800,10.7400,10.7500,10.7600,10.7700,10.7800,58,370,551,197,251,140,162,83,244,453
SZ,002321,2017-01-03 09:35:06,10.7300,2,16090.0000,15,B,10.7200,10.7100,10.7000,10.6900,10.6800,10.7300,10.7400,10.7500,10.7600,10.7700,101,370,551,197,253,166,140,162,83,244
SZ,002321,2017-01-03 09:35:12,10.7200,2,12864.0000,12,S,10.7200,10.7100,10.7000,10.6900,10.6800,10.7300,10.7400,10.7500,10.7600,10.7700,94,370,556,197,253,171,148,162,83,244
SZ,002321,2017-01-03 09:35:15,10.7200,10,116848.0000,109,S,10.7100,10.7000,10.6900,10.6800,10.6700,10.7200,10.7300,10.7400,10.7500,10.7600,370,556,197,253,90,17,181,172,162,83
SZ,002321,2017-01-03 09:35:18,10.7300,4,22513.0000,21,B,10.7100,10.7000,10.6900,10.6800,10.6700,10.7300,10.7400,10.7500,10.7600,10.7700,369,543,197,253,90,178,172,162,83,244
SZ,002321,2017-01-03 09:35:24,10.7100,10,354531.0000,331,S,10.7200,10.7100,10.7000,10.6900,10.6800,10.7300,10.7400,10.7500,10.7600,10.7700,197,18,543,197,253,179,172,162,83,244
SZ,002321,2017-01-03 09:35:27,10.7200,1,53600.0000,50,S,10.7200,10.7100,10.7000,10.6900,10.6800,10.7300,10.7400,10.7500,10.7600,10.7700,147,18,543,197,253,179,172,162,83,244
SZ,002321,2017-01-03 09:35:30,10.7200,1,3216.0000,3,S,10.7200,10.7100,10.7000,10.6900,10.6800,10.7300,10.7400,10.7500,10.7600,10.7700,161,18,553,197,253,179,172,162,83,244
SZ,002321,2017-01-03 09:35:33,10.7200,1,36448.0000,34,S,10.7200,10.7100,10.7000,10.6900,10.6800,10.7300,10.7400,10.7500,10.7600,10.7700,127,18,653,197,253,182,172,162,83,244
SZ,002321,2017-01-03 09:35:39,10.7300,4,25751.0000,24,B,10.7200,10.7100,10.7000,10.6900,10.6800,10.7300,10.7400,10.7500,10.7600,10.7700,131,18,665,197,253,173,120,162,83,244
SZ,002321,2017-01-03 09:35:45,10.7300,5,21460.0000,20,B,10.7200,10.7100,10.7000,10.6900,10.6800,10.7300,10.7400,10.7500,10.7600,10.7700,131,19,665,197,253,13,120,162,83,244
SZ,002321,2017-01-03 09:35:51,10.7300,2,10723.0000,10,B,10.7200,10.7100,10.7000,10.6900,10.6800,10.7300,10.7400,10.7500,10.7600,10.7700,164,26,665,197,253,10,120,412,83,244
SZ,002321,2017-01-03 09:35:54,10.7300,3,32190.0000,30,B,10.7300,10.7200,10.7100,10.7000,10.6900,10.7400,10.7500,10.7600,10.7700,10.7800,13,164,36,655,197,120,412,83,244,438
SZ,002321,2017-01-03 09:35:57,10.7200,4,33245.0000,31,S,10.7200,10.7100,10.7000,10.6900,10.6800,10.7400,10.7500,10.7600,10.7700,10.7800,146,46,655,197,253,120,412,83,244,438
SZ,002321,2017-01-03 09:36:00,10.7200,1,53600.0000,50,S,10.7200,10.7100,10.7000,10.6900,10.6800,10.7300,10.7400,10.7500,10.7600,10.7700,146,56,655,197,253,27,120,412,83,244
SZ,002321,2017-01-03 09:36:03,10.7200,5,96480.0000,90,S,10.7200,10.7100,10.7000,10.6900,10.6800,10.7300,10.7400,10.7500,10.7600,10.7700,56,56,655,197,263,27,120,412,83,244
SZ,002321,2017-01-03 09:36:12,10.7200,4,69689.0000,65,S,10.7100,10.7000,10.6900,10.6800,10.6700,10.7200,10.7300,10.7400,10.7500,10.7600,56,655,197,263,90,84,83,130,412,83
SZ,002321,2017-01-03 09:36:21,10.7200,1,21440.0000,20,B,10.7100,10.7000,10.6900,10.6800,10.6700,10.7200,10.7300,10.7400,10.7500,10.7600,110,655,197,263,90,64,83,130,412,83
SZ,002321,2017-01-03 09:36:24,10.7100,1,4284.0000,4,S,10.7100,10.7000,10.6900,10.6800,10.6700,10.7200,10.7300,10.7400,10.7500,10.7600,101,655,197,263,90,64,83,130,412,83
SZ,002321,2017-01-03 09:36:27,10.7200,1,3216.0000,3,B,10.7100,10.7000,10.6900,10.6800,10.6700,10.7200,10.7300,10.7400,10.7500,10.7600,101,655,197,263,90,61,89,130,412,83
SZ,002321,2017-01-03 09:36:30,10.7200,1,1072.0000,1,B,10.7100,10.7000,10.6900,10.6800,10.6700,10.7200,10.7300,10.7400,10.7500,10.7600,101,667,197,263,90,60,89,130,412,79
SZ,002321,2017-01-03 09:36:33,10.7100,5,20349.0000,19,S,10.7100,10.7000,10.6900,10.6800,10.6700,10.7200,10.7300,10.7400,10.7500,10.7600,82,667,197,263,90,60,139,130,412,79
SZ,002321,2017-01-03 09:36:39,10.7100,1,4284.0000,4,S,10.7100,10.7000,10.6900,10.6800,10.6700,10.7200,10.7300,10.7400,10.7500,10.7600,129,667,197,263,90,60,139,130,412,79
SZ,002321,2017-01-03 09:36:45,10.7100,2,8568.0000,8,S,10.7100,10.7000,10.6900,10.6800,10.6700,10.7200,10.7300,10.7400,10.7500,10.7600,141,682,197,263,90,62,139,98,172,79
SZ,002321,2017-01-03 09:36:48,10.7100,3,21420.0000,20,S,10.7100,10.7000,10.6900,10.6800,10.6700,10.7200,10.7300,10.7400,10.7500,10.7600,123,709,197,263,90,62,139,98,172,79
SZ,002321,2017-01-03 09:36:51,10.7200,3,26777.0000,25,B,10.7100,10.7000,10.6900,10.6800,10.6700,10.7200,10.7300,10.7400,10.7500,10.7600,100,708,197,268,90,60,139,98,172,79
SZ,002321,2017-01-03 09:36:54,10.7200,7,68559.0000,64,B,10.7100,10.7000,10.6900,10.6800,10.6700,10.7200,10.7300,10.7400,10.7500,10.7600,51,708,197,268,90,45,139,98,172,79
SZ,002321,2017-01-03 09:37:06,10.7100,4,53554.0000,50,S,10.7100,10.7000,10.6900,10.6800,10.6700,10.7200,10.7300,10.7400,10.7500,10.7600,15,708,197,268,90,10,87,122,172,79
SZ,002321,2017-01-03 09:37:15,10.7100,1,1071.0000,1,S,10.7100,10.7000,10.6900,10.6800,10.6700,10.7200,10.7300,10.7400,10.7500,10.7600,39,709,197,268,90,65,97,122,172,79
SZ,002321,2017-01-03 09:37:18,10.7100,7,47124.0000,44,S,10.7100,10.7000,10.6900,10.6800,10.6700,10.7200,10.7300,10.7400,10.7500,10.7600,6,709,197,268,90,65,97,122,172,79
SZ,002321,2017-01-03 09:37:21,10.7200,7,28937.0000,27,B,10.7000,10.6900,10.6800,10.6700,10.6600,10.7100,10.7200,10.7300,10.7400,10.7500,709,197,268,90,225,10,45,137,122,72
SZ,002321,2017-01-03 09:37:24,10.7100,1,10710.0000,10,B,10.7100,10.7000,10.6900,10.6800,10.6700,10.7200,10.7300,10.7400,10.7500,10.7600,10,709,197,268,95,45,137,122,72,79
SZ,002321,2017-01-03 09:37:27,10.7200,1,48240.0000,45,B,10.7200,10.7100,10.7000,10.6900,10.6800,10.7300,10.7400,10.7500,10.7600,10.7700,95,59,729,197,268,137,122,72,79,209
SZ,002321,2017-01-03 09:37:33,10.7200,2,69680.0000,65,S,10.7200,10.7100,10.7000,10.6900,10.6800,10.7300,10.7400,10.7500,10.7600,10.7700,30,140,729,197,268,137,122,72,79,209
SZ,002321,2017-01-03 09:37:36,10.7200,2,37520.0000,35,S,10.7100,10.7000,10.6900,10.6800,10.6700,10.7200,10.7300,10.7400,10.7500,10.7600,140,729,197,268,95,7,137,98,72,79
SZ,002321,2017-01-03 09:37:39,10.7200,1,3216.0000,3,B,10.7100,10.7000,10.6900,10.6800,10.6700,10.7200,10.7300,10.7400,10.7500,10.7600,140,729,197,268,95,4,137,98,72,79
SZ,002321,2017-01-03 09:37:48,10.7200,3,21440.0000,20,B,10.7100,10.7000,10.6900,10.6800,10.6700,10.7200,10.7300,10.7400,10.7500,10.7600,131,729,197,263,95,20,124,98,72,79
SZ,002321,2017-01-03 09:37:54,10.7200,1,10720.0000,10,B,10.7100,10.7000,10.6900,10.6800,10.6700,10.7200,10.7300,10.7400,10.7500,10.7600,131,685,197,263,95,35,124,98,72,79
SZ,002321,2017-01-03 09:37:57,10.7200,1,2144.0000,2,B,10.7100,10.7000,10.6900,10.6800,10.6700,10.7200,10.7300,10.7400,10.7500,10.7600,131,685,197,263,95,33,96,98,72,79
SZ,002321,2017-01-03 09:38:03,10.7200,3,32160.0000,30,B,10.7100,10.7000,10.6900,10.6800,10.6700,10.7200,10.7300,10.7400,10.7500,10.7600,131,685,197,277,95,3,106,98,72,79
SZ,002321,2017-01-03 09:38:06,10.7100,5,56782.0000,53,S,10.7100,10.7000,10.6900,10.6800,10.6700,10.7300,10.7400,10.7500,10.7600,10.7700,97,685,207,277,95,106,98,72,79,209
SZ,002321,2017-01-03 09:38:12,10.7100,3,29988.0000,28,S,10.7100,10.7000,10.6900,10.6800,10.6700,10.7200,10.7300,10.7400,10.7500,10.7600,69,685,207,277,95,4,106,98,72,79
SZ,002321,2017-01-03 09:38:15,10.7200,1,4288.0000,4,B,10.7200,10.7100,10.7000,10.6900,10.6800,10.7300,10.7400,10.7500,10.7600,10.7700,96,84,685,207,277,106,98,72,79,258
SZ,002321,2017-01-03 09:38:27,10.7200,1,4288.0000,4,S,10.7200,10.7100,10.7000,10.6900,10.6800,10.7300,10.7400,10.7500,10.7600,10.7700,102,161,695,197,275,106,103,72,79,258
SZ,002321,2017-01-03 09:38:30,10.7200,3,55508.0000,52,S,10.7200,10.7100,10.7000,10.6900,10.6800,10.7300,10.7400,10.7500,10.7600,10.7700,62,301,695,197,275,106,103,72,79,258
SZ,002321,2017-01-03 09:38:33,10.7200,4,11792.0000,11,S,10.7200,10.7100,10.7000,10.6900,10.6800,10.7300,10.7400,10.7500,10.7600,10.7700,67,311,695,197,275,106,103,82,79,258
SZ,002321,2017-01-03 09:38:36,10.7300,5,129833.0000,121,B,10.7300,10.7200,10.7100,10.7000,10.6900,10.7400,10.7500,10.7600,10.7700,10.7800,65,67,311,695,197,103,82,79,258,51
SZ,002321,2017-01-03 09:38:39,10.7300,1,10730.0000,10,S,10.7300,10.7200,10.7100,10.7000,10.6900,10.7400,10.7500,10.7600,10.7700,10.7800,55,67,311,695,197,103,82,79,258,51
SZ,002321,2017-01-03 09:38:42,10.7400,2,26845.0000,25,B,10.7300,10.7200,10.7100,10.7000,10.6900,10.7400,10.7500,10.7600,10.7700,10.7800,50,80,311,695,197,83,82,79,258,51
SZ,002321,2017-01-03 09:38:54,10.7300,1,4292.0000,4,S,10.7300,10.7200,10.7100,10.7000,10.6900,10.7400,10.7500,10.7600,10.7700,10.7800,65,80,336,705,197,83,72,84,258,51
SZ,002321,2017-01-03 09:38:57,10.7300,6,98785.0000,92,S,10.7300,10.7200,10.7100,10.7000,10.6900,10.7400,10.7500,10.7600,10.7700,10.7800,42,103,336,705,197,14,72,84,258,51
SZ,002321,2017-01-03 09:39:03,10.7400,2,15036.0000,14,B,10.7400,10.7300,10.7200,10.7100,10.7000,10.7500,10.7600,10.7700,10.7800,10.7900,26,42,103,336,705,26,84,258,51,134
SZ,002321,2017-01-03 09:39:12,10.7000,57,1321445.0000,1234,S,10.6900,10.6800,10.6700,10.6600,10.6500,10.7000,10.7500,10.7600,10.7700,10.7800,197,275,95,225,223,524,26,84,258,51
SZ,002321,2017-01-03 09:39:15,10.7000,4,55640.0000,52,B,10.6900,10.6800,10.6700,10.6600,10.6500,10.7000,10.7500,10.7600,10.7700,10.7800,197,275,95,225,223,472,26,84,258,51
SZ,002321,2017-01-03 09:39:18,10.6900,1,1069.0000,1,S,10.6900,10.6800,10.6700,10.6600,10.6500,10.7000,10.7500,10.7600,10.7700,10.7800,196,275,95,225,223,472,26,84,258,51
SZ,002321,2017-01-03 09:39:21,10.7000,1,208650.0000,195,B,10.6900,10.6800,10.6700,10.6600,10.6500,10.7000,10.7400,10.7500,10.7600,10.7700,196,275,95,225,223,277,8,36,84,258
SZ,002321,2017-01-03 09:39:24,10.7000,3,71690.0000,67,B,10.6900,10.6800,10.6700,10.6600,10.6500,10.7000,10.7400,10.7500,10.7600,10.7700,196,275,95,225,223,210,8,36,84,258
SZ,002321,2017-01-03 09:39:27,10.6900,10,194563.0000,182,S,10.6900,10.6800,10.6700,10.6600,10.6500,10.7000,10.7400,10.7500,10.7600,10.7700,19,275,95,225,223,205,8,36,98,258
SZ,002321,2017-01-03 09:39:30,10.7000,7,260845.0000,244,B,10.7000,10.6900,10.6800,10.6700,10.6600,10.7400,10.7500,10.7600,10.7700,10.7800,9,24,275,95,91,68,36,108,258,51
SZ,002321,2017-01-03 09:39:36,10.7000,2,16050.0000,15,S,10.7000,10.6900,10.6800,10.6700,10.6600,10.7400,10.7500,10.7600,10.7700,10.7800,62,117,275,95,91,113,36,108,258,51
SZ,002321,2017-01-03 09:39:39,10.7400,1,4296.0000,4,B,10.7000,10.6900,10.6800,10.6700,10.6600,10.7400,10.7500,10.7600,10.7700,10.7800,92,127,275,95,91,109,36,113,258,51
SZ,002321,2017-01-03 09:39:42,10.7000,2,10700.0000,10,S,10.7000,10.6900,10.6800,10.6700,10.6600,10.7100,10.7400,10.7500,10.7600,10.7700,146,127,275,95,91,6,109,46,113,258
SZ,002321,2017-01-03 09:39:45,10.7000,2,53500.0000,50,S,10.7000,10.6900,10.6800,10.6700,10.6600,10.7100,10.7300,10.7400,10.7500,10.7600,163,138,275,95,91,6,14,109,46,113
SZ,002321,2017-01-03 09:39:48,10.7000,2,2141.0000,2,S,10.7000,10.6900,10.6800,10.6700,10.6600,10.7100,10.7300,10.7400,10.7500,10.7600,306,138,275,95,91,5,44,109,46,113
SZ,002321,2017-01-03 09:39:51,10.7100,1,4284.0000,4,B,10.7000,10.6900,10.6800,10.6700,10.6600,10.7100,10.7300,10.7400,10.7500,10.7600,312,141,275,95,91,1,44,109,46,113
SZ,002321,2017-01-03 09:39:54,10.7100,7,70635.0000,66,B,10.7100,10.7000,10.6900,10.6800,10.6700,10.7300,10.7400,10.7500,10.7600,10.7700,75,261,257,275,95,44,109,64,113,258
SZ,002321,2017-01-03 09:40:00,10.7100,1,42840.0000,40,S,10.7100,10.7000,10.6900,10.6800,10.6700,10.7200,10.7300,10.7400,10.7500,10.7600,121,261,261,275,95,10,99,109,69,113
SZ,002321,2017-01-03 09:40:03,10.7100,6,50377.0000,47,S,10.7100,10.7000,10.6900,10.6800,10.6700,10.7300,10.7400,10.7500,10.7600,10.7700,123,261,261,305,95,225,109,69,113,258
SZ,002321,2017-01-03 09:40:06,10.7100,6,97461.0000,91,S,10.7100,10.7000,10.6900,10.6800,10.6700,10.7300,10.7400,10.7500,10.7600,10.7700,43,261,263,305,95,241,109,69,113,258
SZ,002321,2017-01-03 09:40:09,10.7100,1,8568.0000,8,S,10.7100,10.7000,10.6900,10.6800,10.6700,10.7200,10.7300,10.7400,10.7500,10.7600,41,261,268,316,95,10,241,109,69,113
SZ,002321,2017-01-03 09:40:15,10.7200,1,10720.0000,10,B,10.7200,10.7100,10.7000,10.6900,10.6800,10.7300,10.7400,10.7500,10.7600,10.7700,100,46,273,268,316,246,109,79,113,208
SZ,002321,2017-01-03 09:40:18,10.7200,1,36448.0000,34,S,10.7200,10.7100,10.7000,10.6900,10.6800,10.7300,10.7400,10.7500,10.7600,10.7700,96,66,273,268,316,246,109,90,113,208
SZ,002321,2017-01-03 09:40:24,10.7300,6,56852.0000,53,B,10.7200,10.7100,10.7000,10.6900,10.6800,10.7300,10.7400,10.7500,10.7600,10.7700,79,116,295,268,316,227,109,90,117,208
SZ,002321,2017-01-03 09:40:33,10.7300,5,112565.0000,105,B,10.7200,10.7100,10.7000,10.6900,10.6800,10.7300,10.7400,10.7500,10.7600,10.7700,9,116,291,268,316,222,109,100,112,218
SZ,002321,2017-01-03 09:40:36,10.7300,2,33256.0000,31,B,10.7200,10.7100,10.7000,10.6900,10.6800,10.7300,10.7400,10.7500,10.7600,10.7700,2,116,291,268,306,198,109,100,112,218
SZ,002321,2017-01-03 09:40:39,10.7300,2,30044.0000,28,B,10.7200,10.7100,10.7000,10.6900,10.6800,10.7300,10.7400,10.7500,10.7600,10.7700,2,116,291,268,318,170,109,100,112,218
SZ,002321,2017-01-03 09:40:42,10.7200,1,2144.0000,2,S,10.7100,10.7000,10.6900,10.6800,10.6700,10.7200,10.7300,10.7400,10.7500,10.7600,116,291,268,318,140,1,198,109,100,112
SZ,002321,2017-01-03 09:40:45,10.7200,2,11792.0000,11,B,10.7100,10.7000,10.6900,10.6800,10.6700,10.7200,10.7300,10.7400,10.7500,10.7600,116,291,268,318,140,160,220,109,100,112
SZ,002321,2017-01-03 09:40:51,10.7200,1,38592.0000,36,B,10.7100,10.7000,10.6900,10.6800,10.6700,10.7200,10.7300,10.7400,10.7500,10.7600,116,599,268,318,140,124,220,109,100,112
SZ,002321,2017-01-03 09:40:54,10.7200,4,56816.0000,53,B,10.7100,10.7000,10.6900,10.6800,10.6700,10.7200,10.7300,10.7400,10.7500,10.7600,116,577,268,318,140,79,220,109,100,112
SZ,002321,2017-01-03 09:40:57,10.7100,6,79254.0000,74,S,10.7100,10.7000,10.6900,10.6800,10.6700,10.7200,10.7300,10.7400,10.7500,10.7600,47,577,268,318,140,79,220,109,100,112
SZ,002321,2017-01-03 09:41:00,10.7100,2,13933.0000,13,S,10.7100,10.7000,10.6900,10.6800,10.6700,10.7200,10.7300,10.7400,10.7500,10.7600,44,577,268,318,140,69,220,109,100,112
SZ,002321,2017-01-03 09:41:03,10.7200,4,67536.0000,63,B,10.7100,10.7000,10.6900,10.6800,10.6700,10.7200,10.7300,10.7400,10.7500,10.7600,44,582,268,318,140,52,220,109,100,112
SZ,002321,2017-01-03 09:41:09,10.7200,3,28944.0000,27,B,10.7100,10.7000,10.6900,10.6800,10.6700,10.7200,10.7300,10.7400,10.7500,10.7600,44,582,273,318,140,25,220,113,82,112
SZ,002321,2017-01-03 09:41:15,10.7100,6,82487.0000,77,S,10.7100,10.7000,10.6900,10.6800,10.6700,10.7200,10.7300,10.7400,10.7500,10.7600,8,582,229,319,140,15,452,113,82,122
SZ,002321,2017-01-03 09:41:18,10.7100,3,21420.0000,20,S,10.7100,10.7000,10.6900,10.6800,10.6700,10.7200,10.7300,10.7400,10.7500,10.7600,13,582,229,319,140,15,450,113,82,122
SZ,002321,2017-01-03 09:41:24,10.7100,1,11781.0000,11,S,10.7100,10.7000,10.6900,10.6800,10.6700,10.7200,10.7300,10.7400,10.7500,10.7600,48,572,200,369,140,35,450,113,82,122
SZ,002321,2017-01-03 09:41:27,10.7200,6,28937.0000,27,B,10.7100,10.7000,10.6900,10.6800,10.6700,10.7200,10.7300,10.7400,10.7500,10.7600,120,572,200,369,140,15,434,113,82,122
SZ,002321,2017-01-03 09:41:36,10.7100,4,64290.0000,60,S,10.7100,10.7000,10.6900,10.6800,10.6700,10.7200,10.7300,10.7400,10.7500,10.7600,110,585,217,369,140,408,454,113,82,122
SZ,002321,2017-01-03 09:41:39,10.7100,2,22491.0000,21,S,10.7100,10.7000,10.6900,10.6800,10.6700,10.7200,10.7300,10.7400,10.7500,10.7600,102,585,222,369,140,408,454,113,82,122
SZ,002321,2017-01-03 09:41:42,10.7100,1,6426.0000,6,S,10.7100,10.7000,10.6900,10.6800,10.6700,10.7200,10.7300,10.7400,10.7500,10.7600,133,635,222,369,140,408,454,113,82,122
SZ,002321,2017-01-03 09:41:45,10.7100,2,32130.0000,30,S,10.7100,10.7000,10.6900,10.6800,10.6700,10.7200,10.7300,10.7400,10.7500,10.7600,116,645,232,369,140,408,454,113,82,122
SZ,002321,2017-01-03 09:41:48,10.7100,1,12852.0000,12,S,10.7100,10.7000,10.6900,10.6800,10.6700,10.7200,10.7300,10.7400,10.7500,10.7600,104,657,232,369,140,408,454,113,82,122
SZ,002321,2017-01-03 09:41:51,10.7200,3,32150.0000,30,B,10.7100,10.7000,10.6900,10.6800,10.6700,10.7200,10.7300,10.7400,10.7500,10.7600,125,657,232,369,135,388,454,109,82,122
SZ,002321,2017-01-03 09:41:57,10.7200,3,30014.0000,28,B,10.7100,10.7000,10.6900,10.6800,10.6700,10.7200,10.7300,10.7400,10.7500,10.7600,178,673,232,369,135,362,454,109,82,122
SZ,002321,2017-01-03 09:42:00,10.7100,14,200337.0000,187,S,10.7100,10.7000,10.6900,10.6800,10.6700,10.7200,10.7300,10.7400,10.7500,10.7600,107,678,232,369,135,302,454,109,82,142
SZ,002321,2017-01-03 09:42:03,10.7100,7,162792.0000,152,S,10.7100,10.7000,10.6900,10.6800,10.6700,10.7200,10.7300,10.7400,10.7500,10.7600,25,678,232,369,135,302,454,109,82,142
SZ,002321,2017-01-03 09:42:06,10.7100,1,19278.0000,18,S,10.7100,10.7000,10.6900,10.6800,10.6700,10.7200,10.7300,10.7400,10.7500,10.7600,7,678,232,369,135,302,454,109,82,142
SZ,002321,2017-01-03 09:42:18,10.7200,1,3216.0000,3,B,10.7100,10.7000,10.6900,10.6800,10.6700,10.7200,10.7300,10.7400,10.7500,10.7600,29,683,231,369,135,319,454,109,82,92
SZ,002321,2017-01-03 09:42:21,10.7100,8,120002.0000,112,S,10.7100,10.7000,10.6900,10.6800,10.6700,10.7200,10.7300,10.7400,10.7500,10.7600,46,678,211,369,135,269,454,109,82,92
SZ,002321,2017-01-03 09:42:24,10.7100,3,67473.0000,63,S,10.7000,10.6900,10.6800,10.6700,10.6600,10.7100,10.7200,10.7300,10.7400,10.7500,678,211,369,135,147,71,269,454,109,82
SZ,002321,2017-01-03 09:42:30,10.7100,1,4284.0000,4,B,10.7000,10.6900,10.6800,10.6700,10.6600,10.7100,10.7200,10.7300,10.7400,10.7500,678,216,369,135,147,67,269,454,109,82
SZ,002321,2017-01-03 09:42:33,10.7100,2,71757.0000,67,B,10.7100,10.7000,10.6900,10.6800,10.6700,10.7200,10.7300,10.7400,10.7500,10.7600,135,678,216,379,135,269,454,109,82,92
SZ,002321,2017-01-03 09:42:36,10.7100,1,5355.0000,5,S,10.7100,10.7000,10.6900,10.6800,10.6700,10.7200,10.7300,10.7400,10.7500,10.7600,141,678,216,379,135,269,454,109,82,92
SZ,002321,2017-01-03 09:42:42,10.7100,2,112455.0000,105,S,10.7100,10.7000,10.6900,10.6800,10.6700,10.7200,10.7300,10.7400,10.7500,10.7600,61,678,216,379,145,269,454,109,82,92
SZ,002321,2017-01-03 09:42:45,10.7100,2,53580.0000,50,S,10.7100,10.7000,10.6900,10.6800,10.6700,10.7200,10.7300,10.7400,10.7500,10.7600,53,683,216,379,145,239,454,109,82,92
SZ,002321,2017-01-03 09:42:48,10.7100,6,72876.0000,68,S,10.7100,10.7000,10.6900,10.6800,10.6700,10.7200,10.7300,10.7400,10.7500,10.7600,35,683,216,379,145,191,454,109,82,92
SZ,002321,2017-01-03 09:42:51,10.7100,2,6426.0000,6,S,10.7100,10.7000,10.6900,10.6800,10.6700,10.7200,10.7300,10.7400,10.7500,10.7600,34,683,216,379,145,191,454,109,82,92
SZ,002321,2017-01-03 09:42:54,10.7200,5,192955.0000,180,B,10.7100,10.7000,10.6900,10.6800,10.6700,10.7200,10.7300,10.7400,10.7500,10.7600,75,683,216,379,145,16,454,109,82,92
SZ,002321,2017-01-03 09:42:57,10.7200,1,17152.0000,16,B,10.7200,10.7100,10.7000,10.6900,10.6800,10.7300,10.7400,10.7500,10.7600,10.7700,24,239,683,216,389,454,109,82,92,208
SZ,002321,2017-01-03 09:43:15,10.7300,4,80429.0000,75,B,10.7200,10.7100,10.7000,10.6900,10.6800,10.7300,10.7400,10.7500,10.7600,10.7700,215,349,688,221,389,295,109,82,192,208
SZ,002321,2017-01-03 09:43:18,10.7300,2,6438.0000,6,B,10.7200,10.7100,10.7000,10.6900,10.6800,10.7300,10.7400,10.7500,10.7600,10.7700,215,400,688,219,389,289,109,82,192,208
SZ,002321,2017-01-03 09:43:21,10.7300,6,68669.0000,64,B,10.7200,10.7100,10.7000,10.6900,10.6800,10.7300,10.7400,10.7500,10.7600,10.7700,212,400,676,219,389,228,109,82,192,208
SZ,002321,2017-01-03 09:43:24,10.7300,1,10730.0000,10,B,10.7200,10.7100,10.7000,10.6900,10.6800,10.7300,10.7400,10.7500,10.7600,10.7700,212,404,676,209,389,218,109,82,192,208
SZ,002321,2017-01-03 09:43:27,10.7300,1,53650.0000,50,B,10.7200,10.7100,10.7000,10.6900,10.6800,10.7300,10.7400,10.7500,10.7600,10.7700,224,404,676,209,389,168,109,82,192,208
SZ,002321,2017-01-03 09:43:30,10.7200,4,64379.0000,60,S,10.7200,10.7100,10.7000,10.6900,10.6800,10.7300,10.7400,10.7500,10.7600,10.7700,225,404,676,209,389,109,109,82,192,208
SZ,002321,2017-01-03 09:43:33,10.7300,1,11803.0000,11,B,10.7200,10.7100,10.7000,10.6900,10.6800,10.7300,10.7400,10.7500,10.7600,10.7700,225,404,676,209,389,98,109,82,192,208
SZ,002321,2017-01-03 09:43:36,10.7300,1,1073.0000,1,B,10.7200,10.7100,10.7000,10.6900,10.6800,10.7300,10.7400,10.7500,10.7600,10.7700,223,404,676,209,389,97,109,82,192,208
SZ,002321,2017-01-03 09:43:39,10.7300,6,239076.0000,223,B,10.7200,10.7100,10.7000,10.6900,10.6800,10.7300,10.7400,10.7500,10.7600,10.7700,20,412,676,209,389,77,109,82,192,208
SZ,002321,2017-01-03 09:43:42,10.7300,2,82621.0000,77,B,10.7300,10.7200,10.7100,10.7000,10.6900,10.7400,10.7500,10.7600,10.7700,10.7800,55,20,412,676,209,109,102,192,208,45
SZ,002321,2017-01-03 09:43:48,10.7300,6,65453.0000,61,S,10.7300,10.7200,10.7100,10.7000,10.6900,10.7400,10.7500,10.7600,10.7700,10.7800,9,20,413,676,209,109,102,192,208,45
SZ,002321,2017-01-03 09:43:54,10.7400,6,80545.0000,75,B,10.7300,10.7200,10.7100,10.7000,10.6900,10.7400,10.7500,10.7600,10.7700,10.7800,544,64,418,691,209,39,97,192,196,45
SZ,002321,2017-01-03 09:44:00,10.7400,1,10740.0000,10,B,10.7300,10.7200,10.7100,10.7000,10.6900,10.7400,10.7500,10.7600,10.7700,10.7800,564,64,428,688,209,29,97,192,196,45
SZ,002321,2017-01-03 09:44:06,10.7400,2,8592.0000,8,B,10.7300,10.7200,10.7100,10.7000,10.6900,10.7400,10.7500,10.7600,10.7700,10.7800,609,64,428,688,209,21,77,192,196,45
SZ,002321,2017-01-03 09:44:09,10.7300,3,10735.0000,10,S,10.7300,10.7200,10.7100,10.7000,10.6900,10.7400,10.7500,10.7600,10.7700,10.7800,584,64,428,698,209,16,77,192,196,50
SZ,002321,2017-01-03 09:44:12,10.7400,1,4296.0000,4,B,10.7300,10.7200,10.7100,10.7000,10.6900,10.7400,10.7500,10.7600,10.7700,10.7800,595,64,408,688,209,12,77,192,196,50
SZ,002321,2017-01-03 09:44:15,10.7400,1,12888.0000,12,B,10.7400,10.7300,10.7200,10.7100,10.7000,10.7500,10.7600,10.7700,10.7800,10.7900,32,595,64,408,698,77,192,196,50,133
SZ,002321,2017-01-03 09:44:18,10.7400,3,46197.0000,43,S,10.7400,10.7300,10.7200,10.7100,10.7000,10.7500,10.7600,10.7700,10.7800,10.7900,104,601,82,408,698,62,192,196,50,133
SZ,002321,2017-01-03 09:44:21,10.7400,1,3222.0000,3,S,10.7400,10.7300,10.7200,10.7100,10.7000,10.7500,10.7600,10.7700,10.7800,10.7900,111,601,91,408,698,62,192,196,50,133
SZ,002321,2017-01-03 09:44:24,10.7400,3,119214.0000,111,B,10.7300,10.7200,10.7100,10.7000,10.6900,10.7400,10.7500,10.7600,10.7700,10.7800,595,91,408,698,219,9,62,192,196,50
SZ,002321,2017-01-03 09:44:27,10.7500,9,94574.0000,88,B,10.7500,10.7300,10.7200,10.7100,10.7000,10.7600,10.7700,10.7800,10.7900,10.8000,62,595,91,398,698,192,196,50,133,143
SZ,002321,2017-01-03 09:44:33,10.7500,2,18275.0000,17,S,10.7500,10.7400,10.7300,10.7200,10.7100,10.7600,10.7700,10.7800,10.7900,10.8000,55,50,595,127,398,192,196,50,133,143
SZ,002321,2017-01-03 09:44:39,10.7600,1,2152.0000,2,B,10.7500,10.7400,10.7300,10.7200,10.7100,10.7600,10.7700,10.7800,10.7900,10.8000,101,53,605,127,398,190,174,50,133,143
SZ,002321,2017-01-03 09:44:45,10.7600,10,204440.0000,190,B,10.7600,10.7500,10.7400,10.7300,10.7200,10.7700,10.7800,10.7900,10.8000,10.8100,1337,112,81,605,147,174,45,133,143,69
SZ,002321,2017-01-03 09:44:54,10.7500,2,10760.0000,10,S,10.7500,10.7400,10.7300,10.7200,10.7100,10.7700,10.7800,10.7900,10.8000,10.8100,107,81,81,147,418,159,65,133,143,69
SZ,002321,2017-01-03 09:44:57,10.7700,6,146450.0000,136,B,10.7500,10.7400,10.7300,10.7200,10.7100,10.7700,10.7800,10.7900,10.8000,10.8100,107,81,81,147,418,45,60,133,143,69
SZ,002321,2017-01-03 09:45:00,10.7500,7,113956.0000,106,S,10.7600,10.7500,10.7400,10.7300,10.7200,10.7700,10.7800,10.7900,10.8000,10.8100,177,4,81,81,147,42,60,133,143,74
SZ,002321,2017-01-03 09:45:03,10.7700,1,32310.0000,30,B,10.7600,10.7500,10.7400,10.7300,10.7200,10.7700,10.7800,10.7900,10.8000,10.8100,177,4,81,81,147,12,60,133,143,74
SZ,002321,2017-01-03 09:45:06,10.7700,3,28002.0000,26,B,10.7700,10.7600,10.7500,10.7400,10.7300,10.7800,10.7900,10.8000,10.8100,10.8200,174,187,9,84,86,72,133,143,74,720
SZ,002321,2017-01-03 09:45:09,10.7700,2,14004.0000,13,S,10.7700,10.7600,10.7500,10.7400,10.7300,10.7800,10.7900,10.8000,10.8100,10.8200,164,207,9,84,86,101,133,143,74,730
SZ,002321,2017-01-03 09:45:12,10.7800,3,11858.0000,11,B,10.7700,10.7600,10.7500,10.7400,10.7300,10.7800,10.7900,10.8000,10.8100,10.8200,164,207,9,84,86,90,133,143,74,730
SZ,002321,2017-01-03 09:45:15,10.7700,1,5385.0000,5,S,10.7700,10.7600,10.7500,10.7400,10.7300,10.7800,10.7900,10.8000,10.8100,10.8200,169,207,9,84,86,119,133,143,84,730
SZ,002321,2017-01-03 09:45:18,10.7800,6,32340.0000,30,B,10.7700,10.7600,10.7500,10.7400,10.7300,10.7800,10.7900,10.8000,10.8100,10.8200,169,207,9,84,86,249,133,143,84,730
SZ,002321,2017-01-03 09:45:21,10.7700,2,14001.0000,13,S,10.7700,10.7600,10.7500,10.7400,10.7300,10.7800,10.7900,10.8000,10.8100,10.8200,156,207,9,84,86,263,129,143,84,730
SZ,002321,2017-01-03 09:45:27,10.7800,3,26950.0000,25,B,10.7700,10.7600,10.7500,10.7400,10.7300,10.7800,10.7900,10.8000,10.8100,10.8200,156,207,19,84,86,288,129,143,106,730
SZ,002321,2017-01-03 09:45:30,10.7600,6,293934.0000,273,S,10.7600,10.7500,10.7400,10.7300,10.7200,10.7800,10.7900,10.8000,10.8100,10.8200,105,19,84,86,172,342,129,143,116,730
SZ,002321,2017-01-03 09:45:33,10.7800,3,26950.0000,25,B,10.7600,10.7500,10.7400,10.7300,10.7200,10.7800,10.7900,10.8000,10.8100,10.8200,105,19,84,76,172,387,129,148,126,730
SZ,002321,2017-01-03 09:45:36,10.7700,2,102325.0000,95,S,10.7600,10.7500,10.7400,10.7300,10.7200,10.7700,10.7800,10.7900,10.8000,10.8100,105,19,84,76,172,195,377,129,148,138
SZ,002321,2017-01-03 09:45:39,10.7800,23,866279.0000,804,B,10.7800,10.7600,10.7500,10.7400,10.7300,10.7900,10.8000,10.8100,10.8200,10.8300,849,11,19,84,76,129,148,138,730,132
SZ,002321,2017-01-03 09:45:42,10.7800,2,22638.0000,21,S,10.7800,10.7600,10.7500,10.7400,10.7300,10.7900,10.8000,10.8100,10.8200,10.8300,828,11,24,84,123,129,148,138,730,132
SZ,002321,2017-01-03 09:45:51,10.7900,12,269696.0000,250,B,10.7700,10.7600,10.7500,10.7400,10.7300,10.7900,10.8000,10.8100,10.8200,10.8300,401,11,24,84,123,43,148,158,730,132
SZ,002321,2017-01-03 09:45:54,10.7700,1,10770.0000,10,S,10.7700,10.7600,10.7500,10.7400,10.7300,10.7800,10.7900,10.8000,10.8100,10.8200,391,11,34,84,123,132,73,148,158,664
SZ,002321,2017-01-03 09:45:57,10.7700,1,28002.0000,26,S,10.7700,10.7600,10.7500,10.7400,10.7300,10.7800,10.7900,10.8000,10.8100,10.8200,365,11,38,81,123,132,73,175,158,654
SZ,002321,2017-01-03 09:46:00,10.7800,1,4312.0000,4,B,10.7700,10.7600,10.7500,10.7400,10.7300,10.7800,10.7900,10.8000,10.8100,10.8200,365,11,38,81,123,128,73,175,170,654
SZ,002321,2017-01-03 09:46:03,10.7900,5,195136.0000,181,B,10.7800,10.7700,10.7600,10.7500,10.7400,10.7900,10.8000,10.8100,10.8200,10.8300,12,365,11,48,81,142,175,165,654,152
SZ,002321,2017-01-03 09:46:09,10.7900,9,66854.0000,62,B,10.7700,10.7600,10.7500,10.7400,10.7300,10.7900,10.8000,10.8100,10.8200,10.8300,365,11,48,81,113,148,175,165,654,152
SZ,002321,2017-01-03 09:46:12,10.7800,1,4312.0000,4,S,10.7800,10.7700,10.7600,10.7500,10.7400,10.7900,10.8000,10.8100,10.8200,10.8300,16,365,11,48,81,148,175,165,654,152
SZ,002321,2017-01-03 09:46:15,10.7800,1,17248.0000,16,S,10.7700,10.7600,10.7500,10.7400,10.7300,10.7800,10.7900,10.8000,10.8100,10.8200,367,11,48,81,53,34,167,200,165,654
SZ,002321,2017-01-03 09:46:18,10.7700,5,358642.0000,333,S,10.7700,10.7600,10.7500,10.7400,10.7300,10.7800,10.7900,10.8000,10.8100,10.8200,40,11,48,81,53,33,242,200,165,654
SZ,002321,2017-01-03 09:46:21,10.7800,2,7544.0000,7,B,10.7700,10.7600,10.7500,10.7400,10.7300,10.7800,10.7900,10.8000,10.8100,10.8200,37,11,77,81,53,40,252,200,188,654
SZ,002321,2017-01-03 09:46:24,10.7900,7,61448.0000,57,B,10.7800,10.7700,10.7600,10.7500,10.7400,10.7900,10.8000,10.8100,10.8200,10.8300,10,37,11,77,81,247,245,198,654,152
SZ,002321,2017-01-03 09:46:27,10.7700,4,26944.0000,25,S,10.7700,10.7600,10.7500,10.7400,10.7300,10.7900,10.8000,10.8100,10.8200,10.8300,32,11,81,81,186,247,260,198,654,152
SZ,002321,2017-01-03 09:46:30,10.7800,6,45292.0000,42,B,10.7700,10.7600,10.7500,10.7400,10.7300,10.7800,10.7900,10.8000,10.8100,10.8200,32,14,71,81,186,14,230,260,208,654
SZ,002321,2017-01-03 09:46:33,10.7700,1,10772.0000,10,S,10.7700,10.7600,10.7500,10.7400,10.7300,10.7800,10.7900,10.8000,10.8100,10.8200,22,14,71,81,186,269,430,260,208,654
SZ,002321,2017-01-03 09:46:36,10.7700,4,25848.0000,24,S,10.7700,10.7600,10.7500,10.7400,10.7300,10.7800,10.7900,10.8000,10.8100,10.8200,1,14,71,81,186,394,430,260,208,654
SZ,002321,2017-01-03 09:46:39,10.7700,2,2152.0000,2,S,10.7600,10.7500,10.7400,10.7300,10.7200,10.7700,10.7800,10.7900,10.8000,10.8100,14,71,81,186,342,8,429,431,267,208
SZ,002321,2017-01-03 09:46:42,10.7600,9,121740.0000,113,S,10.7600,10.7500,10.7400,10.7300,10.7200,10.7800,10.7900,10.8000,10.8100,10.8200,10,71,81,186,344,387,431,267,218,654
SZ,002321,2017-01-03 09:46:54,10.7700,8,133534.0000,124,B,10.7600,10.7500,10.7400,10.7300,10.7200,10.7700,10.7800,10.7900,10.8000,10.8100,6,76,224,186,364,556,319,407,297,218
SZ,002321,2017-01-03 09:46:57,10.7600,4,38766.0000,36,S,10.7500,10.7400,10.7300,10.7200,10.7100,10.7600,10.7700,10.7800,10.7900,10.8000,76,224,186,374,445,29,526,309,402,297
SZ,002321,2017-01-03 09:47:00,10.7600,3,37660.0000,35,B,10.7500,10.7400,10.7300,10.7200,10.7100,10.7600,10.7700,10.7800,10.7900,10.8000,76,224,186,374,445,95,526,309,402,297
SZ,002321,2017-01-03 09:47:06,10.7600,1,1076.0000,1,B,10.7500,10.7400,10.7300,10.7200,10.7100,10.7600,10.7700,10.7800,10.7900,10.8000,124,229,186,374,445,109,526,309,402,297
SZ,002321,2017-01-03 09:47:09,10.7600,2,10760.0000,10,B,10.7500,10.7400,10.7300,10.7200,10.7100,10.7600,10.7700,10.7800,10.7900,10.8000,144,229,186,374,445,99,526,309,402,297
SZ,002321,2017-01-03 09:47:12,10.7500,4,62392.0000,58,S,10.7500,10.7400,10.7300,10.7200,10.7100,10.7600,10.7700,10.7800,10.7900,10.8000,128,229,186,374,425,77,526,309,402,297
SZ,002321,2017-01-03 09:47:15,10.7600,13,245112.0000,228,B,10.7400,10.7300,10.7200,10.7100,10.7000,10.7600,10.7700,10.7800,10.7900,10.8000,232,186,374,425,333,64,526,284,402,297
SZ,002321,2017-01-03 09:47:21,10.7500,1,3226.0000,3,S,10.7500,10.7400,10.7300,10.7200,10.7100,10.7600,10.7700,10.7800,10.7900,10.8000,22,332,191,331,425,64,526,253,401,297
SZ,002321,2017-01-03 09:47:24,10.7500,1,5374.0000,5,S,10.7500,10.7400,10.7300,10.7200,10.7100,10.7600,10.7700,10.7800,10.7900,10.8000,17,332,191,339,425,64,526,253,389,297
SZ,002321,2017-01-03 09:47:27,10.7500,1,2152.0000,2,S,10.7500,10.7400,10.7300,10.7200,10.7100,10.7600,10.7700,10.7800,10.7900,10.8000,15,332,191,339,425,131,538,253,389,297
SZ,002321,2017-01-03 09:47:30,10.7600,1,26900.0000,25,B,10.7500,10.7400,10.7300,10.7200,10.7100,10.7600,10.7700,10.7800,10.7900,10.8000,15,332,191,339,425,116,538,253,389,307
SZ,002321,2017-01-03 09:47:33,10.7600,3,12908.0000,12,B,10.7500,10.7400,10.7300,10.7200,10.7100,10.7600,10.7700,10.7800,10.7900,10.8000,23,332,191,339,425,106,538,253,389,307
SZ,002321,2017-01-03 09:47:39,10.7600,8,44102.0000,41,B,10.7500,10.7400,10.7300,10.7200,10.7100,10.7600,10.7700,10.7800,10.7900,10.8000,8,332,191,339,425,80,538,253,334,307
SZ,002321,2017-01-03 09:47:42,10.7600,3,53800.0000,50,B,10.7500,10.7400,10.7300,10.7200,10.7100,10.7600,10.7700,10.7800,10.7900,10.8000,13,332,191,339,425,150,538,246,344,307
SZ,002321,2017-01-03 09:47:48,10.7600,5,38710.0000,36,B,10.7500,10.7400,10.7300,10.7200,10.7100,10.7600,10.7700,10.7800,10.7900,10.8000,8,332,205,339,425,139,548,246,344,297
SZ,002321,2017-01-03 09:47:54,10.7500,6,43020.0000,40,S,10.7500,10.7400,10.7300,10.7200,10.7100,10.7600,10.7700,10.7800,10.7900,10.8000,28,337,205,339,425,134,548,246,325,297
SZ,002321,2017-01-03 09:48:00,10.7500,2,10752.0000,10,S,10.7500,10.7400,10.7300,10.7200,10.7100,10.7600,10.7700,10.7800,10.7900,10.8000,20,374,205,339,425,134,548,235,325,297
SZ,002321,2017-01-03 09:48:03,10.7600,3,120508.0000,112,B,10.7500,10.7400,10.7300,10.7200,10.7100,10.7600,10.7700,10.7800,10.7900,10.8000,31,374,205,339,425,24,548,235,325,297
SZ,002321,2017-01-03 09:48:06,10.7700,4,58136.0000,54,B,10.7600,10.7500,10.7400,10.7300,10.7200,10.7700,10.7800,10.7900,10.8000,10.8100,10,106,374,205,339,518,235,325,297,223
SZ,002321,2017-01-03 09:48:09,10.7600,1,10760.0000,10,S,10.7500,10.7400,10.7300,10.7200,10.7100,10.7600,10.7700,10.7800,10.7900,10.8000,216,374,205,339,432,213,518,235,325,297
SZ,002321,2017-01-03 09:48:15,10.7600,4,230264.0000,214,B,10.7600,10.7500,10.7400,10.7300,10.7200,10.7700,10.7800,10.7900,10.8000,10.8100,177,221,374,205,339,518,235,325,297,223
SZ,002321,2017-01-03 09:48:18,10.7600,3,172160.0000,160,S,10.7600,10.7500,10.7400,10.7300,10.7200,10.7700,10.7800,10.7900,10.8000,10.8100,34,221,374,205,339,517,241,325,297,223
SZ,002321,2017-01-03 09:48:21,10.7700,2,110928.0000,103,B,10.7600,10.7500,10.7400,10.7300,10.7200,10.7700,10.7800,10.7900,10.8000,10.8100,31,221,374,205,339,417,241,325,297,223
SZ,002321,2017-01-03 09:48:24,10.7600,2,15072.0000,14,S,10.7600,10.7500,10.7400,10.7300,10.7200,10.7700,10.7800,10.7900,10.8000,10.8100,24,231,374,205,339,410,241,325,297,223
SZ,002321,2017-01-03 09:48:27,10.7600,6,191528.0000,178,S,10.7500,10.7400,10.7300,10.7200,10.7100,10.7600,10.7700,10.7800,10.7900,10.8000,201,374,205,339,432,122,410,241,325,297
SZ,002321,2017-01-03 09:48:30,10.7600,3,151716.0000,141,B,10.7600,10.7500,10.7400,10.7300,10.7200,10.7700,10.7800,10.7900,10.8000,10.8100,16,201,374,205,339,409,241,325,297,223
SZ,002321,2017-01-03 09:48:36,10.7700,2,9688.0000,9,B,10.7600,10.7500,10.7400,10.7300,10.7200,10.7700,10.7800,10.7900,10.8000,10.8100,21,231,374,205,339,405,241,325,297,223
SZ,002321,2017-01-03 09:48:39,10.7700,3,9692.0000,9,B,10.7600,10.7500,10.7400,10.7300,10.7200,10.7700,10.7800,10.7900,10.8000,10.8100,61,231,374,205,339,396,241,325,297,223
SZ,002321,2017-01-03 09:48:42,10.7600,6,81776.0000,76,S,10.7500,10.7400,10.7300,10.7200,10.7100,10.7600,10.7700,10.7800,10.7900,10.8000,239,394,205,339,438,224,396,241,325,297
SZ,002321,2017-01-03 09:48:45,10.7600,5,258240.0000,240,B,10.7600,10.7500,10.7400,10.7300,10.7200,10.7700,10.7800,10.7900,10.8000,10.8100,260,242,394,205,339,396,241,325,297,223
SZ,002321,2017-01-03 09:48:48,10.7700,1,45236.0000,42,B,10.7600,10.7500,10.7400,10.7300,10.7200,10.7700,10.7800,10.7900,10.8000,10.8100,270,242,394,205,339,354,241,325,297,223
SZ,002321,2017-01-03 09:48:54,10.7700,2,116316.0000,108,B,10.7600,10.7500,10.7400,10.7300,10.7200,10.7700,10.7800,10.7900,10.8000,10.8100,337,242,394,205,339,246,241,325,297,227
SZ,002321,2017-01-03 09:48:57,10.7700,2,54924.0000,51,B,10.7600,10.7500,10.7400,10.7300,10.7200,10.7700,10.7800,10.7900,10.8000,10.8100,336,242,394,205,339,196,241,325,297,227
SZ,002321,2017-01-03 09:49:00,10.7700,2,85056.0000,79,B,10.7600,10.7500,10.7400,10.7300,10.7200,10.7700,10.7800,10.7900,10.8000,10.8100,307,242,394,205,339,146,241,325,297,227
SZ,002321,2017-01-03 09:49:06,10.7700,6,31232.0000,29,B,10.7600,10.7500,10.7400,10.7300,10.7200,10.7700,10.7800,10.7900,10.8000,10.8100,377,242,394,205,339,117,241,325,297,227
SZ,002321,2017-01-03 09:49:12,10.7600,3,62456.0000,58,S,10.7600,10.7500,10.7400,10.7300,10.7200,10.7700,10.7800,10.7900,10.8000,10.8100,367,239,394,205,339,69,241,325,297,215
SZ,002321,2017-01-03 09:49:15,10.7700,9,375536.0000,349,B,10.7500,10.7400,10.7300,10.7200,10.7100,10.7700,10.7800,10.7900,10.8000,10.8100,243,394,205,339,429,62,241,325,297,215
SZ,002321,2017-01-03 09:49:18,10.7600,1,9684.0000,9,S,10.7500,10.7400,10.7300,10.7200,10.7100,10.7600,10.7700,10.7800,10.7900,10.8000,243,394,205,342,429,141,74,241,325,297
SZ,002321,2017-01-03 09:49:21,10.7500,2,13986.0000,13,S,10.7500,10.7400,10.7300,10.7200,10.7100,10.7600,10.7700,10.7800,10.7900,10.8000,240,394,205,342,429,131,154,241,325,297
SZ,002321,2017-01-03 09:49:27,10.7600,1,11836.0000,11,B,10.7500,10.7400,10.7300,10.7200,10.7100,10.7600,10.7700,10.7800,10.7900,10.8000,240,394,205,342,429,120,154,241,325,358
SZ,002321,2017-01-03 09:49:36,10.7500,5,107500.0000,100,S,10.7500,10.7400,10.7300,10.7200,10.7100,10.7600,10.7700,10.7800,10.7900,10.8000,180,394,205,342,429,120,154,241,325,358
SZ,002321,2017-01-03 09:49:39,10.7600,3,60238.0000,56,B,10.7500,10.7400,10.7300,10.7200,10.7100,10.7600,10.7700,10.7800,10.7900,10.8000,161,391,205,342,429,83,154,241,325,358
SZ,002321,2017-01-03 09:49:42,10.7500,1,21500.0000,20,S,10.7500,10.7400,10.7300,10.7200,10.7100,10.7600,10.7700,10.7800,10.7900,10.8000,151,391,205,342,429,83,154,241,325,358
SZ,002321,2017-01-03 09:49:45,10.7500,9,118260.0000,110,S,10.7500,10.7400,10.7300,10.7200,10.7100,10.7600,10.7700,10.7800,10.7900,10.8000,51,391,205,342,429,73,154,241,255,297
SZ,002321,2017-01-03 09:49:48,10.7500,2,8600.0000,8,S,10.7500,10.7400,10.7300,10.7200,10.7100,10.7600,10.7700,10.7800,10.7900,10.8000,43,391,205,342,429,73,142,241,255,297
SZ,002321,2017-01-03 09:49:54,10.7500,3,24724.0000,23,S,10.7500,10.7400,10.7300,10.7200,10.7100,10.7600,10.7700,10.7800,10.7900,10.8000,58,391,205,362,414,73,142,241,255,277
SZ,002321,2017-01-03 09:49:57,10.7600,2,78548.0000,73,B,10.7600,10.7500,10.7400,10.7300,10.7200,10.7700,10.7800,10.7900,10.8000,10.8100,68,48,391,205,362,142,241,255,277,215
SZ,002321,2017-01-03 09:50:06,10.7600,3,82852.0000,77,S,10.7600,10.7500,10.7400,10.7300,10.7200,10.7700,10.7800,10.7900,10.8000,10.8100,4,563,391,205,431,141,241,255,267,215
SZ,002321,2017-01-03 09:50:15,10.7600,3,43040.0000,40,S,10.7500,10.7400,10.7300,10.7200,10.7100,10.7600,10.7700,10.7800,10.7900,10.8000,608,441,205,431,414,65,161,241,255,257
SZ,002321,2017-01-03 09:50:18,10.7600,2,43040.0000,40,B,10.7500,10.7400,10.7300,10.7200,10.7100,10.7600,10.7700,10.7800,10.7900,10.8000,608,441,205,431,414,53,161,241,255,257
SZ,002321,2017-01-03 09:50:21,10.7600,4,60254.0000,56,B,10.7600,10.7500,10.7400,10.7300,10.7200,10.7700,10.7800,10.7900,10.8000,10.8100,272,605,441,205,431,161,241,255,257,215
SZ,002321,2017-01-03 09:50:27,10.7600,1,10760.0000,10,S,10.7600,10.7500,10.7400,10.7300,10.7200,10.7700,10.7800,10.7900,10.8000,10.8100,289,605,441,205,431,161,241,255,239,215
SZ,002321,2017-01-03 09:50:30,10.7600,1,3228.0000,3,S,10.7600,10.7500,10.7400,10.7300,10.7200,10.7700,10.7800,10.7900,10.8000,10.8100,286,605,441,205,431,161,241,255,239,215
SZ,002321,2017-01-03 09:50:33,10.7700,1,10770.0000,10,B,10.7600,10.7500,10.7400,10.7300,10.7200,10.7700,10.7800,10.7900,10.8000,10.8100,296,605,441,205,431,151,241,255,239,215
SZ,002321,2017-01-03 09:50:36,10.7700,2,21540.0000,20,B,10.7600,10.7500,10.7400,10.7300,10.7200,10.7700,10.7800,10.7900,10.8000,10.8100,296,605,441,205,431,161,241,269,239,215
SZ,002321,2017-01-03 09:50:39,10.7700,11,208938.0000,194,B,10.7600,10.7500,10.7400,10.7300,10.7200,10.7700,10.7800,10.7900,10.8000,10.8100,306,605,441,205,432,67,241,269,239,215
SZ,002321,2017-01-03 09:50:42,10.7600,1,10760.0000,10,S,10.7600,10.7500,10.7400,10.7300,10.7200,10.7700,10.7800,10.7900,10.8000,10.8100,296,605,441,205,432,67,259,269,239,215
SZ,002321,2017-01-03 09:50:45,10.7700,1,53850.0000,50,B,10.7600,10.7500,10.7400,10.7300,10.7200,10.7700,10.7800,10.7900,10.8000,10.8100,296,605,441,205,432,17,259,269,239,215
SZ,002321,2017-01-03 09:50:54,10.7700,2,21540.0000,20,B,10.7600,10.7500,10.7400,10.7300,10.7200,10.7700,10.7800,10.7900,10.8000,10.8100,286,605,445,205,432,9,259,269,239,215
SZ,002321,2017-01-03 09:50:57,10.7700,1,5384.0000,5,B,10.7600,10.7500,10.7400,10.7300,10.7200,10.7700,10.7800,10.7900,10.8000,10.8100,286,605,445,205,432,64,259,269,239,215
SZ,002321,2017-01-03 09:51:06,10.7600,1,3228.0000,3,S,10.7600,10.7500,10.7400,10.7300,10.7200,10.7700,10.7800,10.7900,10.8000,10.8100,317,605,445,205,412,469,259,269,239,215
SZ,002321,2017-01-03 09:51:09,10.7700,1,2156.0000,2,B,10.7600,10.7500,10.7400,10.7300,10.7200,10.7700,10.7800,10.7900,10.8000,10.8100,321,605,445,205,412,467,259,269,239,215
SZ,002321,2017-01-03 09:51:12,10.7700,2,10768.0000,10,B,10.7600,10.7500,10.7400,10.7300,10.7200,10.7700,10.7800,10.7900,10.8000,10.8100,321,605,445,205,412,457,259,269,239,215
SZ,002321,2017-01-03 09:51:18,10.7600,1,1076.0000,1,S,10.7600,10.7500,10.7400,10.7300,10.7200,10.7700,10.7800,10.7900,10.8000,10.8100,320,605,445,205,412,460,259,269,239,215
SZ,002321,2017-01-03 09:51:21,10.7600,2,8614.0000,8,S,10.7600,10.7500,10.7400,10.7300,10.7200,10.7700,10.7800,10.7900,10.8000,10.8100,317,605,445,205,412,455,259,269,239,215
SZ,002321,2017-01-03 09:51:33,10.7600,2,23692.0000,22,S,10.7600,10.7500,10.7400,10.7300,10.7200,10.7700,10.7800,10.7900,10.8000,10.8100,345,605,445,205,412,440,259,269,239,222
SZ,002321,2017-01-03 09:51:36,10.7600,1,49496.0000,46,S,10.7600,10.7500,10.7400,10.7300,10.7200,10.7700,10.7800,10.7900,10.8000,10.8100,299,605,445,205,412,440,259,269,239,222
SZ,002321,2017-01-03 09:51:48,10.7700,2,31234.0000,29,B,10.7600,10.7500,10.7400,10.7300,10.7200,10.7700,10.7800,10.7900,10.8000,10.8100,297,608,450,205,412,440,266,269,239,222
SZ,002321,2017-01-03 09:51:51,10.7600,2,7532.0000,7,S,10.7600,10.7500,10.7400,10.7300,10.7200,10.7700,10.7800,10.7900,10.8000,10.8100,291,608,450,205,412,453,266,269,239,222
SZ,002321,2017-01-03 09:51:57,10.7700,5,130206.0000,121,B,10.7600,10.7500,10.7400,10.7300,10.7200,10.7700,10.7800,10.7900,10.8000,10.8100,180,608,450,205,404,443,266,269,239,222
SZ,002321,2017-01-03 09:52:00,10.7700,1,22618.0000,21,B,10.7600,10.7500,10.7400,10.7300,10.7200,10.7700,10.7800,10.7900,10.8000,10.8100,187,631,450,215,404,467,266,269,239,222
SZ,002321,2017-01-03 09:52:03,10.7600,12,209820.0000,195,S,10.7500,10.7400,10.7300,10.7200,10.7100,10.7600,10.7700,10.7800,10.7900,10.8000,631,450,215,404,467,155,467,266,269,239
SZ,002321,2017-01-03 09:52:12,10.7600,3,53788.0000,50,B,10.7500,10.7400,10.7300,10.7200,10.7100,10.7600,10.7700,10.7800,10.7900,10.8000,621,450,215,401,467,116,458,266,269,239
SZ,002321,2017-01-03 09:52:15,10.7600,1,8608.0000,8,B,10.7500,10.7400,10.7300,10.7200,10.7100,10.7600,10.7700,10.7800,10.7900,10.8000,636,450,168,401,467,108,458,266,269,239
SZ,002321,2017-01-03 09:52:18,10.7600,4,50572.0000,47,B,10.7500,10.7400,10.7300,10.7200,10.7100,10.7600,10.7700,10.7800,10.7900,10.8000,636,450,168,401,467,61,458,266,269,239
SZ,002321,2017-01-03 09:52:21,10.7600,5,51646.0000,48,B,10.7500,10.7400,10.7300,10.7200,10.7100,10.7600,10.7700,10.7800,10.7900,10.8000,640,450,168,401,467,57,458,266,269,239
SZ,002321,2017-01-03 09:52:30,10.7600,6,107600.0000,100,B,10.7500,10.7400,10.7300,10.7200,10.7100,10.7600,10.7700,10.7800,10.7900,10.8000,640,450,168,406,467,25,458,266,269,239
SZ,002321,2017-01-03 09:52:33,10.7600,1,10760.0000,10,B,10.7500,10.7400,10.7300,10.7200,10.7100,10.7600,10.7700,10.7800,10.7900,10.8000,643,450,168,406,467,23,458,266,269,239
SZ,002321,2017-01-03 09:52:42,10.7500,2,31174.0000,29,S,10.7500,10.7400,10.7300,10.7200,10.7100,10.7600,10.7700,10.7800,10.7900,10.8000,614,450,168,406,467,33,458,266,264,230
SZ,002321,2017-01-03 09:52:45,10.7600,1,7532.0000,7,B,10.7500,10.7400,10.7300,10.7200,10.7100,10.7600,10.7700,10.7800,10.7900,10.8000,614,450,168,406,467,45,458,266,264,230
SZ,002321,2017-01-03 09:52:48,10.7600,2,10760.0000,10,B,10.7500,10.7400,10.7300,10.7200,10.7100,10.7600,10.7700,10.7800,10.7900,10.8000,613,450,168,423,467,125,458,283,264,230
SZ,002321,2017-01-03 09:52:51,10.7600,7,134500.0000,125,B,10.7600,10.7500,10.7400,10.7300,10.7200,10.7700,10.7800,10.7900,10.8000,10.8100,45,613,450,168,423,458,283,264,230,222
SZ,002321,2017-01-03 09:52:57,10.7600,2,51648.0000,48,S,10.7500,10.7400,10.7300,10.7200,10.7100,10.7600,10.7700,10.7800,10.7900,10.8000,613,450,203,423,467,267,478,283,264,230
SZ,002321,2017-01-03 09:53:03,10.7500,4,114052.0000,106,S,10.7500,10.7400,10.7300,10.7200,10.7100,10.7600,10.7700,10.7800,10.7900,10.8000,629,450,203,423,467,235,478,283,264,230
SZ,002321,2017-01-03 09:53:06,10.7500,2,162324.0000,151,S,10.7500,10.7400,10.7300,10.7200,10.7100,10.7600,10.7700,10.7800,10.7900,10.8000,488,450,203,423,467,234,478,283,264,230
SZ,002321,2017-01-03 09:53:12,10.7500,2,16126.0000,15,S,10.7500,10.7400,10.7300,10.7200,10.7100,10.7600,10.7700,10.7800,10.7900,10.8000,473,450,203,423,467,244,478,283,264,230
SZ,002321,2017-01-03 09:53:18,10.7600,1,4304.0000,4,B,10.7500,10.7400,10.7300,10.7200,10.7100,10.7600,10.7700,10.7800,10.7900,10.8000,473,450,203,423,467,468,478,283,254,230
SZ,002321,2017-01-03 09:53:21,10.7600,2,98990.0000,92,B,10.7500,10.7400,10.7300,10.7200,10.7100,10.7600,10.7700,10.7800,10.7900,10.8000,470,450,203,423,467,379,478,283,254,230
SZ,002321,2017-01-03 09:53:24,10.7500,1,21500.0000,20,S,10.7500,10.7400,10.7300,10.7200,10.7100,10.7600,10.7700,10.7800,10.7900,10.8000,460,450,203,423,467,379,473,214,254,230
SZ,002321,2017-01-03 09:53:27,10.7500,2,172000.0000,160,S,10.7500,10.7400,10.7300,10.7200,10.7100,10.7600,10.7700,10.7800,10.7900,10.8000,300,450,203,423,467,379,473,214,254,230
SZ,002321,2017-01-03 09:53:30,10.7600,2,61332.0000,57,B,10.7500,10.7400,10.7300,10.7200,10.7100,10.7600,10.7700,10.7800,10.7900,10.8000,301,450,203,423,467,322,473,214,254,230
SZ,002321,2017-01-03 09:53:33,10.7600,2,34432.0000,32,B,10.7500,10.7400,10.7300,10.7200,10.7100,10.7600,10.7700,10.7800,10.7900,10.8000,313,450,203,423,467,290,428,214,254,242
SZ,002321,2017-01-03 09:53:36,10.7600,5,203294.0000,189,B,10.7500,10.7400,10.7300,10.7200,10.7100,10.7600,10.7700,10.7800,10.7900,10.8000,244,450,203,423,467,170,428,214,254,242
SZ,002321,2017-01-03 09:53:39,10.7500,1,53750.0000,50,S,10.7500,10.7400,10.7300,10.7200,10.7100,10.7600,10.7700,10.7800,10.7900,10.8000,194,450,203,433,467,173,458,214,254,242
SZ,002321,2017-01-03 09:53:51,10.7600,3,52684.0000,49,B,10.7500,10.7400,10.7300,10.7200,10.7100,10.7600,10.7700,10.7800,10.7900,10.8000,210,450,203,444,467,174,458,214,254,242
SZ,002321,2017-01-03 09:53:54,10.7600,3,16136.0000,15,B,10.7500,10.7400,10.7300,10.7200,10.7100,10.7600,10.7700,10.7800,10.7900,10.8000,205,450,203,444,467,164,458,214,254,242
SZ,002321,2017-01-03 09:53:57,10.7500,6,182874.0000,170,S,10.7500,10.7400,10.7300,10.7200,10.7100,10.7600,10.7700,10.7800,10.7900,10.8000,183,400,203,444,467,39,458,214,284,242
SZ,002321,2017-01-03 09:54:00,10.7600,1,2152.0000,2,B,10.7500,10.7400,10.7300,10.7200,10.7100,10.7600,10.7700,10.7800,10.7900,10.8000,194,400,203,444,467,37,458,214,284,242
SZ,002321,2017-01-03 09:54:03,10.7600,5,46268.0000,43,B,10.7600,10.7500,10.7400,10.7300,10.7200,10.7700,10.7800,10.7900,10.8000,10.8100,47,194,400,203,444,458,214,284,242,212
SZ,002321,2017-01-03 09:54:06,10.7500,4,102216.0000,95,S,10.7500,10.7400,10.7300,10.7200,10.7100,10.7600,10.7700,10.7800,10.7900,10.8000,207,400,203,444,467,9,458,214,294,242
SZ,002321,2017-01-03 09:54:12,10.7600,2,41964.0000,39,B,10.7600,10.7500,10.7400,10.7300,10.7200,10.7700,10.7800,10.7900,10.8000,10.8100,91,227,410,203,444,458,214,294,242,212
SZ,002321,2017-01-03 09:54:21,10.7700,2,32306.0000,30,B,10.7600,10.7500,10.7400,10.7300,10.7200,10.7700,10.7800,10.7900,10.8000,10.8100,288,227,410,203,444,431,214,294,242,212
SZ,002321,2017-01-03 09:54:24,10.7700,1,4308.0000,4,B,10.7600,10.7500,10.7400,10.7300,10.7200,10.7700,10.7800,10.7900,10.8000,10.8100,306,227,410,203,444,427,202,294,242,212
SZ,002321,2017-01-03 09:54:33,10.7700,1,79700.0000,74,B,10.7600,10.7500,10.7400,10.7300,10.7200,10.7700,10.7800,10.7900,10.8000,10.8100,433,227,410,203,444,353,202,294,216,212
SZ,002321,2017-01-03 09:54:39,10.7700,1,2152.0000,2,B,10.7600,10.7500,10.7400,10.7300,10.7200,10.7700,10.7800,10.7900,10.8000,10.8100,933,207,410,203,444,397,202,294,216,212
SZ,002321,2017-01-03 09:54:45,10.7700,1,21540.0000,20,B,10.7600,10.7500,10.7400,10.7300,10.7200,10.7700,10.7800,10.7900,10.8000,10.8100,938,196,410,203,444,422,202,294,216,202
SZ,002321,2017-01-03 09:54:48,10.7700,2,12924.0000,12,B,10.7600,10.7500,10.7400,10.7300,10.7200,10.7700,10.7800,10.7900,10.8000,10.8100,938,196,410,203,444,410,202,294,216,202
SZ,002321,2017-01-03 09:54:51,10.7700,1,14002.0000,13,B,10.7600,10.7500,10.7400,10.7300,10.7200,10.7700,10.7800,10.7900,10.8000,10.8100,938,196,410,203,444,397,202,294,216,202
SZ,002321,2017-01-03 09:54:54,10.7600,1,38736.0000,36,S,10.7600,10.7500,10.7400,10.7300,10.7200,10.7700,10.7800,10.7900,10.8000,10.8100,902,196,410,203,444,397,202,294,216,202
SZ,002321,2017-01-03 09:54:57,10.7700,1,2154.0000,2,B,10.7600,10.7500,10.7400,10.7300,10.7200,10.7700,10.7800,10.7900,10.8000,10.8100,902,196,410,203,444,395,197,294,216,202
SZ,002321,2017-01-03 09:55:00,10.7600,1,2152.0000,2,S,10.7600,10.7500,10.7400,10.7300,10.7200,10.7700,10.7800,10.7900,10.8000,10.8100,900,210,410,203,444,397,197,294,216,202
SZ,002321,2017-01-03 09:55:06,10.7700,1,32310.0000,30,B,10.7600,10.7500,10.7400,10.7300,10.7200,10.7700,10.7800,10.7900,10.8000,10.8100,900,201,410,203,444,388,197,294,216,202
SZ,002321,2017-01-03 09:55:09,10.7600,1,3228.0000,3,S,10.7600,10.7500,10.7400,10.7300,10.7200,10.7700,10.7800,10.7900,10.8000,10.8100,897,201,410,203,444,388,197,294,216,202
SZ,002321,2017-01-03 09:55:12,10.7700,10,392028.0000,364,B,10.7600,10.7500,10.7400,10.7300,10.7200,10.7700,10.7800,10.7900,10.8000,10.8100,906,201,410,203,444,24,197,294,216,202
SZ,002321,2017-01-03 09:55:18,10.7700,5,38772.0000,36,B,10.7700,10.7600,10.7500,10.7400,10.7300,10.7800,10.7900,10.8000,10.8100,10.8200,176,1013,181,410,203,197,280,216,202,668
SZ,002321,2017-01-03 09:55:21,10.7700,1,3230.0000,3,S,10.7700,10.7600,10.7500,10.7400,10.7300,10.7800,10.7900,10.8000,10.8100,10.8200,207,1016,181,410,203,180,280,216,217,668
SZ,002321,2017-01-03 09:55:30,10.7700,1,8616.0000,8,S,10.7700,10.7600,10.7500,10.7400,10.7300,10.7800,10.7900,10.8000,10.8100,10.8200,205,816,201,410,208,187,280,219,217,668
SZ,002321,2017-01-03 09:55:36,10.7800,1,12936.0000,12,B,10.7700,10.7600,10.7500,10.7400,10.7300,10.7800,10.7900,10.8000,10.8100,10.8200,365,816,201,410,208,175,280,219,217,668
SZ,002321,2017-01-03 09:55:39,10.7800,1,10780.0000,10,B,10.7700,10.7600,10.7500,10.7400,10.7300,10.7800,10.7900,10.8000,10.8100,10.8200,365,816,201,410,208,165,280,219,217,668
SZ,002321,2017-01-03 09:55:42,10.7800,1,21560.0000,20,B,10.7700,10.7600,10.7500,10.7400,10.7300,10.7800,10.7900,10.8000,10.8100,10.8200,365,816,201,410,208,145,280,219,217,668
SZ,002321,2017-01-03 09:55:45,10.7700,7,111032.0000,103,S,10.7700,10.7600,10.7500,10.7400,10.7300,10.7800,10.7900,10.8000,10.8100,10.8200,362,816,201,410,208,45,280,219,217,668
SZ,002321,2017-01-03 09:55:48,10.7900,7,61458.0000,57,B,10.7700,10.7600,10.7500,10.7400,10.7300,10.7900,10.8000,10.8100,10.8200,10.8300,362,816,201,410,208,268,219,217,668,122
SZ,002321,2017-01-03 09:55:51,10.7900,2,14026.0000,13,B,10.7800,10.7700,10.7600,10.7500,10.7400,10.7900,10.8000,10.8100,10.8200,10.8300,16,662,816,201,410,255,219,217,668,122
SZ,002321,2017-01-03 09:56:00,10.7900,11,280540.0000,260,B,10.7900,10.7800,10.7700,10.7600,10.7500,10.8000,10.8100,10.8200,10.8300,10.8400,110,116,364,716,206,216,190,668,122,475
SZ,002321,2017-01-03 09:56:06,10.7900,2,10796.0000,10,S,10.7900,10.7800,10.7700,10.7600,10.7500,10.8000,10.8100,10.8200,10.8300,10.8400,193,116,364,716,206,211,190,668,122,475
SZ,002321,2017-01-03 09:56:12,10.8000,13,110160.0000,102,B,10.7900,10.7800,10.7700,10.7600,10.7500,10.8000,10.8100,10.8200,10.8300,10.8400,628,107,364,726,233,109,190,668,122,475
SZ,002321,2017-01-03 09:56:15,10.7900,1,5396.0000,5,S,10.7900,10.7800,10.7700,10.7600,10.7500,10.8000,10.8100,10.8200,10.8300,10.8400,597,117,364,726,325,109,190,668,122,475
SZ,002321,2017-01-03 09:56:18,10.8000,10,138212.0000,128,B,10.7900,10.7800,10.7700,10.7600,10.7500,10.8000,10.8100,10.8200,10.8300,10.8400,571,117,364,726,325,7,190,668,122,475
SZ,002321,2017-01-03 09:56:21,10.7900,3,22678.0000,21,S,10.7900,10.7800,10.7700,10.7600,10.7500,10.8000,10.8100,10.8200,10.8300,10.8400,618,117,344,726,325,99,190,668,122,475
SZ,002321,2017-01-03 09:56:24,10.8000,5,128510.0000,119,B,10.7900,10.7800,10.7700,10.7600,10.7500,10.8100,10.8200,10.8300,10.8400,10.8500,608,117,344,726,325,190,668,122,505,539
SZ,002321,2017-01-03 09:56:27,10.8100,1,10810.0000,10,B,10.8000,10.7900,10.7800,10.7700,10.7600,10.8100,10.8200,10.8300,10.8400,10.8500,2,608,117,344,726,200,668,122,505,539
SZ,002321,2017-01-03 09:56:30,10.8000,2,4320.0000,4,S,10.7900,10.7800,10.7700,10.7600,10.7500,10.8000,10.8100,10.8200,10.8300,10.8400,628,117,344,726,325,1,210,668,125,505
SZ,002321,2017-01-03 09:56:33,10.8000,11,583764.0000,541,B,10.7900,10.7800,10.7700,10.7600,10.7500,10.8000,10.8100,10.8200,10.8300,10.8400,70,184,344,726,325,40,295,668,125,505
SZ,002321,2017-01-03 09:56:36,10.7900,3,46434.0000,43,S,10.7900,10.7800,10.7700,10.7600,10.7500,10.8000,10.8100,10.8200,10.8300,10.8400,65,184,344,726,325,15,320,668,125,525
SZ,002321,2017-01-03 09:56:39,10.8000,6,70186.0000,65,B,10.7900,10.7800,10.7700,10.7600,10.7500,10.8000,10.8100,10.8200,10.8300,10.8400,50,184,344,726,325,201,340,668,125,525
SZ,002321,2017-01-03 09:56:42,10.8000,1,32400.0000,30,B,10.7900,10.7800,10.7700,10.7600,10.7500,10.8000,10.8100,10.8200,10.8300,10.8400,182,184,344,726,325,214,370,668,125,525
SZ,002321,2017-01-03 09:56:51,10.8000,6,358366.0000,332,B,10.7800,10.7700,10.7600,10.7500,10.7400,10.7900,10.8000,10.8100,10.8200,10.8300,218,344,721,348,353,226,115,355,668,125
SZ,002321,2017-01-03 09:56:54,10.8000,5,276254.0000,256,B,10.7800,10.7700,10.7600,10.7500,10.7400,10.8000,10.8100,10.8200,10.8300,10.8400,228,344,723,348,353,85,365,668,125,525
SZ,002321,2017-01-03 09:56:57,10.8000,5,91800.0000,85,B,10.8000,10.7900,10.7800,10.7700,10.7600,10.8100,10.8200,10.8300,10.8400,10.8500,15,17,228,344,723,365,668,125,525,549
SZ,002321,2017-01-03 09:57:00,10.8000,3,20520.0000,19,S,10.7900,10.7800,10.7700,10.7600,10.7500,10.8000,10.8100,10.8200,10.8300,10.8400,17,228,344,723,348,50,360,668,125,528
SZ,002321,2017-01-03 09:57:03,10.8000,1,33480.0000,31,B,10.7900,10.7800,10.7700,10.7600,10.7500,10.8000,10.8100,10.8200,10.8300,10.8400,27,221,344,723,348,29,360,668,125,528
SZ,002321,2017-01-03 09:57:06,10.8000,1,5400.0000,5,B,10.7900,10.7800,10.7700,10.7600,10.7500,10.8000,10.8100,10.8200,10.8300,10.8400,127,221,344,723,348,205,360,668,125,528
SZ,002321,2017-01-03 09:57:09,10.8000,2,10800.0000,10,B,10.7900,10.7800,10.7700,10.7600,10.7500,10.8000,10.8100,10.8200,10.8300,10.8400,127,221,344,723,348,259,360,668,125,548
SZ,002321,2017-01-03 09:57:12,10.8000,2,8640.0000,8,B,10.7900,10.7800,10.7700,10.7600,10.7500,10.8000,10.8100,10.8200,10.8300,10.8400,145,221,344,723,348,260,362,668,130,548
SZ,002321,2017-01-03 09:57:15,10.8000,9,231120.0000,214,B,10.7900,10.7800,10.7700,10.7600,10.7500,10.8000,10.8100,10.8200,10.8300,10.8400,155,221,344,723,348,101,362,668,130,548
SZ,002321,2017-01-03 09:57:18,10.8000,1,2160.0000,2,B,10.7900,10.7800,10.7700,10.7600,10.7500,10.8000,10.8100,10.8200,10.8300,10.8400,155,221,344,723,348,99,362,683,130,548
SZ,002321,2017-01-03 09:57:21,10.7900,17,341146.0000,316,S,10.7900,10.7800,10.7700,10.7600,10.7500,10.8000,10.8100,10.8200,10.8300,10.8400,54,221,344,723,349,5,382,683,130,548
SZ,002321,2017-01-03 09:57:24,10.8000,1,5400.0000,5,B,10.7900,10.7800,10.7700,10.7600,10.7500,10.8000,10.8100,10.8200,10.8300,10.8400,54,221,344,723,327,60,402,683,130,548
SZ,002321,2017-01-03 09:57:27,10.8000,3,23760.0000,22,B,10.7900,10.7800,10.7700,10.7600,10.7500,10.8000,10.8100,10.8200,10.8300,10.8400,70,221,344,723,327,80,412,683,130,548
SZ,002321,2017-01-03 09:57:30,10.7900,1,5394.0000,5,S,10.7900,10.7800,10.7700,10.7600,10.7500,10.8000,10.8100,10.8200,10.8300,10.8400,65,221,344,723,327,107,412,683,130,593
SZ,002321,2017-01-03 09:57:33,10.8000,2,34560.0000,32,B,10.7900,10.7800,10.7700,10.7600,10.7500,10.8000,10.8100,10.8200,10.8300,10.8400,65,221,344,723,327,175,412,683,130,593
SZ,002321,2017-01-03 09:57:36,10.7900,3,51792.0000,48,S,10.7900,10.7800,10.7700,10.7600,10.7500,10.8000,10.8100,10.8200,10.8300,10.8400,37,221,344,723,327,175,412,683,130,593
SZ,002321,2017-01-03 09:57:39,10.8000,1,1080.0000,1,B,10.7900,10.7800,10.7700,10.7600,10.7500,10.8000,10.8100,10.8200,10.8300,10.8400,37,221,344,723,327,261,412,683,130,593
SZ,002321,2017-01-03 09:57:42,10.8000,6,44280.0000,41,B,10.7900,10.7800,10.7700,10.7600,10.7500,10.8000,10.8100,10.8200,10.8300,10.8400,37,221,344,723,327,336,412,683,130,593
SZ,002321,2017-01-03 09:57:51,10.7900,4,9714.0000,9,S,10.7900,10.7800,10.7700,10.7600,10.7500,10.8000,10.8100,10.8200,10.8300,10.8400,31,221,344,773,327,364,412,683,130,593
SZ,002321,2017-01-03 09:57:54,10.8000,5,108000.0000,100,B,10.7900,10.7800,10.7700,10.7600,10.7500,10.8000,10.8100,10.8200,10.8300,10.8400,31,221,344,773,327,284,412,683,130,593
SZ,002321,2017-01-03 09:57:57,10.7900,2,33448.0000,31,S,10.7800,10.7700,10.7600,10.7500,10.7400,10.7900,10.8000,10.8100,10.8200,10.8300,221,344,773,327,353,95,264,412,683,130
SZ,002321,2017-01-03 09:58:03,10.7900,3,32366.0000,30,B,10.7800,10.7700,10.7600,10.7500,10.7400,10.7900,10.8000,10.8100,10.8200,10.8300,226,352,773,327,353,105,384,412,683,146
SZ,002321,2017-01-03 09:58:15,10.7800,1,21560.0000,20,S,10.7800,10.7700,10.7600,10.7500,10.7400,10.7900,10.8000,10.8100,10.8200,10.8300,206,352,823,337,353,230,384,392,683,146
SZ,002321,2017-01-03 09:58:18,10.7900,4,31290.0000,29,B,10.7800,10.7700,10.7600,10.7500,10.7400,10.7900,10.8000,10.8100,10.8200,10.8300,209,352,823,337,353,201,434,392,683,146
SZ,002321,2017-01-03 09:58:21,10.7800,1,3236.0000,3,S,10.7800,10.7700,10.7600,10.7500,10.7400,10.7900,10.8000,10.8100,10.8200,10.8300,206,352,823,337,353,201,413,392,683,146
SZ,002321,2017-01-03 09:58:24,10.7800,2,10780.0000,10,S,10.7800,10.7700,10.7600,10.7500,10.7400,10.7900,10.8000,10.8100,10.8200,10.8300,198,352,823,337,353,227,413,440,683,166
SZ,002321,2017-01-03 09:58:27,10.7800,1,11860.0000,11,S,10.7800,10.7700,10.7600,10.7500,10.7400,10.7900,10.8000,10.8100,10.8200,10.8300,187,352,853,337,353,227,413,440,683,166
SZ,002321,2017-01-03 09:58:33,10.7900,1,2156.0000,2,B,10.7800,10.7700,10.7600,10.7500,10.7400,10.7900,10.8000,10.8100,10.8200,10.8300,190,352,853,337,353,225,422,440,683,166
SZ,002321,2017-01-03 09:58:36,10.7800,15,400140.0000,371,S,10.7800,10.7700,10.7600,10.7500,10.7400,10.7900,10.8000,10.8100,10.8200,10.8300,19,352,853,337,353,45,422,480,683,166
SZ,002321,2017-01-03 09:58:51,10.7900,1,1078.0000,1,B,10.7800,10.7700,10.7600,10.7500,10.7400,10.7900,10.8000,10.8100,10.8200,10.8300,136,416,853,350,353,229,394,480,683,186
SZ,002321,2017-01-03 09:58:54,10.7900,12,354990.0000,329,B,10.7900,10.7800,10.7700,10.7600,10.7500,10.8000,10.8100,10.8200,10.8300,10.8400,77,136,396,853,350,344,480,683,186,563
SZ,002321,2017-01-03 09:58:57,10.7900,3,75532.0000,70,S,10.7900,10.7800,10.7700,10.7600,10.7500,10.8000,10.8100,10.8200,10.8300,10.8400,7,136,393,853,350,344,480,683,186,563
SZ,002321,2017-01-03 09:59:03,10.7900,3,29132.0000,27,S,10.7800,10.7700,10.7600,10.7500,10.7400,10.7900,10.8000,10.8100,10.8200,10.8300,136,393,803,350,353,69,359,480,683,186
SZ,002321,2017-01-03 09:59:06,10.7900,2,21580.0000,20,B,10.7800,10.7700,10.7600,10.7500,10.7400,10.7900,10.8000,10.8100,10.8200,10.8300,136,393,803,358,353,50,359,480,683,186
SZ,002321,2017-01-03 09:59:12,10.7900,2,14028.0000,13,B,10.7800,10.7700,10.7600,10.7500,10.7400,10.7900,10.8000,10.8100,10.8200,10.8300,136,393,756,352,353,252,360,480,683,231
SZ,002321,2017-01-03 09:59:15,10.7900,4,71212.0000,66,B,10.7800,10.7700,10.7600,10.7500,10.7400,10.7900,10.8000,10.8100,10.8200,10.8300,136,393,658,449,353,199,363,480,683,231
SZ,002321,2017-01-03 09:59:18,10.7800,6,132596.0000,123,S,10.7800,10.7700,10.7600,10.7500,10.7400,10.7900,10.8000,10.8100,10.8200,10.8300,13,393,658,449,353,200,363,480,683,231
SZ,002321,2017-01-03 09:59:21,10.7900,11,107862.0000,100,B,10.7700,10.7600,10.7500,10.7400,10.7300,10.7900,10.8000,10.8100,10.8200,10.8300,382,658,449,353,58,126,363,500,683,231
SZ,002321,2017-01-03 09:59:24,10.7900,2,15106.0000,14,B,10.7700,10.7600,10.7500,10.7400,10.7300,10.7900,10.8000,10.8100,10.8200,10.8300,382,658,449,353,58,112,363,500,683,231
SZ,002321,2017-01-03 09:59:33,10.7800,1,10780.0000,10,B,10.7800,10.7700,10.7600,10.7500,10.7400,10.7900,10.8000,10.8100,10.8200,10.8300,98,382,668,449,353,112,273,510,683,231
SZ,002321,2017-01-03 09:59:39,10.7800,2,10780.0000,10,S,10.7800,10.7700,10.7600,10.7500,10.7400,10.7900,10.8000,10.8100,10.8200,10.8300,108,382,668,449,353,112,273,510,683,231
SZ,002321,2017-01-03 09:59:42,10.7900,1,19422.0000,18,B,10.7800,10.7700,10.7600,10.7500,10.7400,10.7900,10.8000,10.8100,10.8200,10.8300,145,382,668,449,353,94,273,510,683,231
SZ,002321,2017-01-03 09:59:51,10.7800,1,5390.0000,5,S,10.7800,10.7700,10.7600,10.7500,10.7400,10.7900,10.8000,10.8100,10.8200,10.8300,157,382,674,449,353,717,277,523,633,231
SZ,002321,2017-01-03 09:59:54,10.7800,1,32340.0000,30,S,10.7800,10.7700,10.7600,10.7500,10.7400,10.7900,10.8000,10.8100,10.8200,10.8300,127,382,674,449,353,767,277,523,633,231
SZ,002321,2017-01-03 09:59:57,10.7900,9,164944.0000,153,B,10.7800,10.7700,10.7600,10.7500,10.7400,10.7900,10.8000,10.8100,10.8200,10.8300,3,392,674,449,353,756,277,523,633,231
SZ,002321,2017-01-03 10:00:00,10.7900,4,100314.0000,93,B,10.7700,10.7600,10.7500,10.7400,10.7300,10.7800,10.7900,10.8000,10.8100,10.8200,392,674,449,353,58,8,698,294,523,633
SZ,002321,2017-01-03 10:00:03,10.7800,2,6468.0000,6,B,10.7700,10.7600,10.7500,10.7400,10.7300,10.7800,10.7900,10.8000,10.8100,10.8200,392,672,449,353,58,83,703,294,523,633
SZ,002321,2017-01-03 10:00:06,10.7800,2,9702.0000,9,B,10.7700,10.7600,10.7500,10.7400,10.7300,10.7800,10.7900,10.8000,10.8100,10.8200,392,672,449,353,58,87,703,281,523,633
SZ,002321,2017-01-03 10:00:12,10.7800,2,33418.0000,31,B,10.7700,10.7600,10.7500,10.7400,10.7300,10.7800,10.7900,10.8000,10.8100,10.8200,397,672,449,353,58,56,713,281,523,633
SZ,002321,2017-01-03 10:00:15,10.7800,2,5390.0000,5,B,10.7700,10.7600,10.7500,10.7400,10.7300,10.7800,10.7900,10.8000,10.8100,10.8200,397,672,449,353,58,51,713,251,523,633
SZ,002321,2017-01-03 10:00:18,10.7700,4,28028.0000,26,S,10.7700,10.7600,10.7500,10.7400,10.7300,10.7800,10.7900,10.8000,10.8100,10.8200,426,672,449,353,58,26,708,251,523,633
SZ,002321,2017-01-03 10:00:21,10.7700,2,12932.0000,12,S,10.7700,10.7600,10.7500,10.7400,10.7300,10.7800,10.7900,10.8000,10.8100,10.8200,423,692,449,353,58,27,708,271,523,633
SZ,002321,2017-01-03 10:00:24,10.7800,3,29106.0000,27,B,10.7800,10.7700,10.7600,10.7500,10.7400,10.7900,10.8000,10.8100,10.8200,10.8300,8,423,692,449,353,758,271,523,633,231
SZ,002321,2017-01-03 10:00:30,10.7800,4,14014.0000,13,S,10.7700,10.7600,10.7500,10.7400,10.7300,10.7800,10.7900,10.8000,10.8100,10.8200,423,662,449,353,58,2,758,274,523,633
SZ,002321,2017-01-03 10:00:33,10.7800,2,2156.0000,2,B,10.7800,10.7700,10.7600,10.7500,10.7400,10.7900,10.8000,10.8100,10.8200,10.8300,23,623,662,459,353,758,274,523,633,231
SZ,002321,2017-01-03 10:00:36,10.7700,6,218654.0000,203,S,10.7700,10.7600,10.7500,10.7400,10.7300,10.7900,10.8000,10.8100,10.8200,10.8300,443,662,459,353,58,758,274,523,633,231
SZ,002321,2017-01-03 10:00:39,10.7900,4,53950.0000,50,B,10.7700,10.7600,10.7500,10.7400,10.7300,10.7900,10.8000,10.8100,10.8200,10.8300,443,662,459,353,58,708,274,523,633,231
SZ,002321,2017-01-03 10:00:42,10.7800,1,10780.0000,10,S,10.7800,10.7700,10.7600,10.7500,10.7400,10.7900,10.8000,10.8100,10.8200,10.8300,246,443,662,459,353,708,274,516,633,231
SZ,002321,2017-01-03 10:00:45,10.7800,1,5390.0000,5,S,10.7800,10.7700,10.7600,10.7500,10.7400,10.7900,10.8000,10.8100,10.8200,10.8300,261,443,662,459,353,708,274,516,633,231
SZ,002321,2017-01-03 10:00:54,10.7900,3,31272.0000,29,B,10.7800,10.7700,10.7600,10.7500,10.7400,10.7900,10.8000,10.8100,10.8200,10.8300,329,443,662,459,365,698,259,516,633,231
SZ,002321,2017-01-03 10:00:57,10.7900,2,14024.0000,13,B,10.7800,10.7700,10.7600,10.7500,10.7400,10.7900,10.8000,10.8100,10.8200,10.8300,326,443,662,459,365,688,259,516,633,231
SZ,002321,2017-01-03 10:01:00,10.7900,2,107900.0000,100,B,10.7800,10.7700,10.7600,10.7500,10.7400,10.7900,10.8000,10.8100,10.8200,10.8300,326,443,662,459,365,588,259,506,633,231
SZ,002321,2017-01-03 10:01:03,10.7800,1,10780.0000,10,S,10.7800,10.7700,10.7600,10.7500,10.7400,10.7900,10.8000,10.8100,10.8200,10.8300,316,443,662,459,365,588,259,506,633,231
SZ,002321,2017-01-03 10:01:06,10.7800,1,5390.0000,5,S,10.7800,10.7700,10.7600,10.7500,10.7400,10.7900,10.8000,10.8100,10.8200,10.8300,311,443,662,459,365,589,259,506,633,231
SZ,002321,2017-01-03 10:01:09,10.7900,1,1080.0000,1,B,10.7800,10.7700,10.7600,10.7500,10.7400,10.7900,10.8000,10.8100,10.8200,10.8300,326,443,662,459,365,588,228,496,633,231
SZ,002321,2017-01-03 10:01:15,10.7800,2,48508.0000,45,S,10.7800,10.7700,10.7600,10.7500,10.7400,10.7900,10.8000,10.8100,10.8200,10.8300,287,443,662,459,365,588,230,486,633,231
SZ,002321,2017-01-03 10:01:18,10.7800,2,64680.0000,60,S,10.7800,10.7700,10.7600,10.7500,10.7400,10.7900,10.8000,10.8100,10.8200,10.8300,227,443,662,459,365,932,230,486,633,231
SZ,002321,2017-01-03 10:01:21,10.7800,4,140216.0000,130,S,10.7800,10.7700,10.7600,10.7500,10.7400,10.7900,10.8000,10.8100,10.8200,10.8300,173,443,662,459,365,856,230,486,633,231
SZ,002321,2017-01-03 10:01:24,10.7800,1,32340.0000,30,S,10.7800,10.7700,10.7600,10.7500,10.7400,10.7900,10.8000,10.8100,10.8200,10.8300,153,443,662,459,365,856,230,491,633,231
SZ,002321,2017-01-03 10:01:27,10.7800,2,11860.0000,11,S,10.7800,10.7700,10.7600,10.7500,10.7400,10.7900,10.8000,10.8100,10.8200,10.8300,136,443,662,459,365,856,230,491,633,231
SZ,002321,2017-01-03 10:01:33,10.7800,4,102408.0000,95,S,10.7800,10.7700,10.7600,10.7500,10.7400,10.7900,10.8000,10.8100,10.8200,10.8300,301,443,662,464,365,512,230,481,633,231
SZ,002321,2017-01-03 10:01:39,10.7800,12,340648.0000,316,S,10.7700,10.7600,10.7500,10.7400,10.7300,10.7800,10.7900,10.8000,10.8100,10.8200,458,651,464,365,58,278,512,230,461,633
SZ,002321,2017-01-03 10:01:45,10.7800,2,36640.0000,34,B,10.7700,10.7600,10.7500,10.7400,10.7300,10.7800,10.7900,10.8000,10.8100,10.8200,444,651,464,365,58,261,701,230,461,633
SZ,002321,2017-01-03 10:01:48,10.7800,1,1076.0000,1,B,10.7700,10.7600,10.7500,10.7400,10.7300,10.7800,10.7900,10.8000,10.8100,10.8200,444,651,464,365,58,260,701,230,461,699
SZ,002321,2017-01-03 10:01:51,10.7700,1,103392.0000,96,S,10.7700,10.7600,10.7500,10.7400,10.7300,10.7800,10.7900,10.8000,10.8100,10.8200,348,651,457,365,58,267,701,230,461,699
SZ,002321,2017-01-03 10:01:54,10.7800,2,18328.0000,17,B,10.7700,10.7600,10.7500,10.7400,10.7300,10.7800,10.7900,10.8000,10.8100,10.8200,348,651,452,365,58,251,701,230,461,719
SZ,002321,2017-01-03 10:01:57,10.7700,1,5384.0000,5,S,10.7700,10.7600,10.7500,10.7400,10.7300,10.7800,10.7900,10.8000,10.8100,10.8200,343,651,452,365,58,251,701,230,461,719
SZ,002321,2017-01-03 10:02:00,10.7700,11,122778.0000,114,S,10.7700,10.7600,10.7500,10.7400,10.7300,10.7800,10.7900,10.8000,10.8100,10.8200,229,651,452,365,58,251,701,230,461,719
SZ,002321,2017-01-03 10:02:03,10.7700,4,84042.0000,78,S,10.7700,10.7600,10.7500,10.7400,10.7300,10.7800,10.7900,10.8000,10.8100,10.8200,187,651,452,365,58,215,701,230,461,719
SZ,002321,2017-01-03 10:02:06,10.7800,1,12936.0000,12,B,10.7700,10.7600,10.7500,10.7400,10.7300,10.7800,10.7900,10.8000,10.8100,10.8200,267,651,452,365,58,213,701,230,481,719
SZ,002321,2017-01-03 10:02:09,10.7700,2,33388.0000,31,S,10.7700,10.7600,10.7500,10.7400,10.7300,10.7800,10.7900,10.8000,10.8100,10.8200,245,651,452,365,58,232,701,230,471,719
SZ,002321,2017-01-03 10:02:15,10.7700,5,296174.0000,275,S,10.7600,10.7500,10.7400,10.7300,10.7200,10.7700,10.7800,10.7900,10.8000,10.8100,681,452,365,58,489,706,232,701,230,471
SZ,002321,2017-01-03 10:02:18,10.7700,1,4308.0000,4,B,10.7600,10.7500,10.7400,10.7300,10.7200,10.7700,10.7800,10.7900,10.8000,10.8100,681,452,365,58,489,702,232,701,229,471
SZ,002321,2017-01-03 10:02:21,10.7600,1,3228.0000,3,S,10.7600,10.7500,10.7400,10.7300,10.7200,10.7700,10.7800,10.7900,10.8000,10.8100,678,452,365,58,489,702,232,701,229,471
SZ,002321,2017-01-03 10:02:27,10.7700,1,21540.0000,20,B,10.7600,10.7500,10.7400,10.7300,10.7200,10.7700,10.7800,10.7900,10.8000,10.8100,678,403,365,58,489,682,213,701,226,471
SZ,002321,2017-01-03 10:02:30,10.7600,1,5380.0000,5,S,10.7600,10.7500,10.7400,10.7300,10.7200,10.7700,10.7800,10.7900,10.8000,10.8100,673,403,365,58,489,682,213,701,226,471
SZ,002321,2017-01-03 10:02:33,10.7600,6,182974.0000,170,S,10.7600,10.7500,10.7400,10.7300,10.7200,10.7700,10.7800,10.7900,10.8000,10.8100,556,402,365,58,489,629,218,700,256,471
SZ,002321,2017-01-03 10:02:39,10.7600,1,10760.0000,10,S,10.7600,10.7500,10.7400,10.7300,10.7200,10.7700,10.7800,10.7900,10.8000,10.8100,548,400,365,58,489,629,218,700,289,471
SZ,002321,2017-01-03 10:02:42,10.7600,2,50572.0000,47,S,10.7600,10.7500,10.7400,10.7300,10.7200,10.7700,10.7800,10.7900,10.8000,10.8100,503,400,365,58,489,627,218,700,289,471
SZ,002321,2017-01-03 10:02:48,10.7600,3,208896.0000,194,S,10.7600,10.7500,10.7400,10.7300,10.7200,10.7700,10.7800,10.7900,10.8000,10.8100,469,550,365,58,489,477,218,700,279,471
SZ,002321,2017-01-03 10:02:51,10.7600,1,11836.0000,11,S,10.7600,10.7500,10.7400,10.7300,10.7200,10.7700,10.7800,10.7900,10.8000,10.8100,458,552,365,58,489,477,218,700,279,471
SZ,002321,2017-01-03 10:02:54,10.7600,1,47344.0000,44,S,10.7600,10.7500,10.7400,10.7300,10.7200,10.7700,10.7800,10.7900,10.8000,10.8100,414,552,365,58,489,477,213,700,279,471
SZ,002321,2017-01-03 10:02:57,10.7600,1,2152.0000,2,S,10.7600,10.7500,10.7400,10.7300,10.7200,10.7700,10.7800,10.7900,10.8000,10.8100,362,552,365,58,489,477,213,700,279,471
SZ,002321,2017-01-03 10:03:00,10.7600,1,4304.0000,4,S,10.7600,10.7500,10.7400,10.7300,10.7200,10.7700,10.7800,10.7900,10.8000,10.8100,358,553,365,58,489,477,213,700,279,471
SZ,002321,2017-01-03 10:03:03,10.7600,2,11844.0000,11,S,10.7600,10.7500,10.7400,10.7300,10.7200,10.7700,10.7800,10.7900,10.8000,10.8100,347,611,365,58,489,467,213,700,284,471
SZ,002321,2017-01-03 10:03:12,10.7700,1,5386.0000,5,B,10.7600,10.7500,10.7400,10.7300,10.7200,10.7700,10.7800,10.7900,10.8000,10.8100,367,608,353,58,489,512,210,700,284,471
SZ,002321,2017-01-03 10:03:15,10.7600,2,8614.0000,8,S,10.7600,10.7500,10.7400,10.7300,10.7200,10.7700,10.7800,10.7900,10.8000,10.8100,376,588,353,58,489,730,210,700,284,471
SZ,002321,2017-01-03 10:03:21,10.7600,2,34432.0000,32,S,10.7600,10.7500,10.7400,10.7300,10.7200,10.7700,10.7800,10.7900,10.8000,10.8100,344,588,343,63,539,730,210,700,284,471
SZ,002321,2017-01-03 10:03:24,10.7600,2,111904.0000,104,S,10.7600,10.7500,10.7400,10.7300,10.7200,10.7700,10.7800,10.7900,10.8000,10.8100,284,588,343,63,539,730,210,703,284,471
SZ,002321,2017-01-03 10:03:27,10.7600,1,21520.0000,20,S,10.7600,10.7500,10.7400,10.7300,10.7200,10.7700,10.7800,10.7900,10.8000,10.8100,264,588,343,63,539,730,210,703,298,471
SZ,002321,2017-01-03 10:03:30,10.7600,3,90384.0000,84,S,10.7600,10.7500,10.7400,10.7300,10.7200,10.7700,10.7800,10.7900,10.8000,10.8100,180,588,343,113,539,730,210,723,298,471
SZ,002321,2017-01-03 10:03:33,10.7700,1,5384.0000,5,B,10.7600,10.7500,10.7400,10.7300,10.7200,10.7700,10.7800,10.7900,10.8000,10.8100,180,588,343,123,539,725,210,723,298,471
SZ,002321,2017-01-03 10:03:36,10.7700,1,37696.0000,35,B,10.7600,10.7500,10.7400,10.7300,10.7200,10.7700,10.7800,10.7900,10.8000,10.8100,183,591,343,123,539,690,210,723,298,471
SZ,002321,2017-01-03 10:03:39,10.7600,1,3228.0000,3,S,10.7600,10.7500,10.7400,10.7300,10.7200,10.7700,10.7800,10.7900,10.8000,10.8100,180,611,343,133,470,690,210,723,298,471
SZ,002321,2017-01-03 10:03:51,10.7600,1,12912.0000,12,S,10.7600,10.7500,10.7400,10.7300,10.7200,10.7700,10.7800,10.7900,10.8000,10.8100,325,611,343,123,470,690,210,673,298,471
SZ,002321,2017-01-03 10:03:54,10.7600,7,53800.0000,50,S,10.7600,10.7500,10.7400,10.7300,10.7200,10.7700,10.7800,10.7900,10.8000,10.8100,275,611,343,123,470,690,210,683,298,471
SZ,002321,2017-01-03 10:03:57,10.7600,6,73168.0000,68,S,10.7600,10.7500,10.7400,10.7300,10.7200,10.7700,10.7800,10.7900,10.8000,10.8100,204,614,343,123,470,690,210,683,298,472
SZ,002321,2017-01-03 10:04:00,10.7600,2,13988.0000,13,S,10.7600,10.7500,10.7400,10.7300,10.7200,10.7700,10.7800,10.7900,10.8000,10.8100,221,614,343,123,470,690,210,373,298,472
SZ,002321,2017-01-03 10:04:03,10.7600,6,158172.0000,147,S,10.7600,10.7500,10.7400,10.7300,10.7200,10.7700,10.7800,10.7900,10.8000,10.8100,74,614,343,123,470,710,210,373,298,472
SZ,002321,2017-01-03 10:04:06,10.7700,1,79696.0000,74,B,10.7600,10.7500,10.7400,10.7300,10.7200,10.7700,10.7800,10.7900,10.8000,10.8100,74,614,343,123,470,642,210,373,298,472
SZ,002321,2017-01-03 10:04:09,10.7700,1,11848.0000,11,B,10.7600,10.7500,10.7400,10.7300,10.7200,10.7700,10.7800,10.7900,10.8000,10.8100,74,614,343,123,470,631,210,373,293,472
SZ,002321,2017-01-03 10:04:12,10.7500,7,123700.0000,115,S,10.7600,10.7500,10.7400,10.7300,10.7200,10.7700,10.7800,10.7900,10.8000,10.8100,30,573,343,123,470,641,210,373,293,472
SZ,002321,2017-01-03 10:04:15,10.7600,3,89308.0000,83,S,10.7500,10.7400,10.7300,10.7200,10.7100,10.7600,10.7700,10.7800,10.7900,10.8000,573,343,123,470,413,22,655,210,373,302
SZ,002321,2017-01-03 10:04:18,10.7600,2,40888.0000,38,B,10.7500,10.7400,10.7300,10.7200,10.7100,10.7600,10.7700,10.7800,10.7900,10.8000,573,343,133,470,413,24,655,210,373,302
SZ,002321,2017-01-03 10:04:21,10.7500,2,4300.0000,4,S,10.7500,10.7400,10.7300,10.7200,10.7100,10.7600,10.7700,10.7800,10.7900,10.8000,570,343,133,470,413,213,655,210,183,302
SZ,002321,2017-01-03 10:04:24,10.7600,1,2152.0000,2,B,10.7500,10.7400,10.7300,10.7200,10.7100,10.7600,10.7700,10.7800,10.7900,10.8000,570,343,133,470,413,211,655,210,183,302
SZ,002321,2017-01-03 10:04:27,10.7500,3,56976.0000,53,S,10.7500,10.7400,10.7300,10.7200,10.7100,10.7600,10.7700,10.7800,10.7900,10.8000,517,343,133,471,413,531,667,210,183,302
SZ,002321,2017-01-03 10:04:48,10.7500,15,156956.0000,146,S,10.7500,10.7400,10.7300,10.7200,10.7100,10.7600,10.7700,10.7800,10.7900,10.8000,1856,343,467,471,413,757,647,210,180,302
SZ,002321,2017-01-03 10:04:51,10.7600,5,125784.0000,117,B,10.7500,10.7400,10.7300,10.7200,10.7100,10.7600,10.7700,10.7800,10.7900,10.8000,1749,363,467,471,413,747,647,210,180,302
SZ,002321,2017-01-03 10:04:54,10.7600,5,266848.0000,248,B,10.7500,10.7400,10.7300,10.7200,10.7100,10.7600,10.7700,10.7800,10.7900,10.8000,1749,363,467,471,413,499,647,210,180,302
SZ,002321,2017-01-03 10:04:57,10.7600,1,21520.0000,20,B,10.7500,10.7400,10.7300,10.7200,10.7100,10.7600,10.7700,10.7800,10.7900,10.8000,1749,363,467,471,399,502,647,210,180,302
SZ,002321,2017-01-03 10:05:00,10.7600,11,359152.0000,334,B,10.7500,10.7400,10.7300,10.7200,10.7100,10.7600,10.7700,10.7800,10.7900,10.8000,1518,363,467,469,399,404,647,210,180,302
SZ,002321,2017-01-03 10:05:03,10.7600,1,107600.0000,100,B,10.7500,10.7400,10.7300,10.7200,10.7100,10.7600,10.7700,10.7800,10.7900,10.8000,1518,363,467,464,399,304,647,210,180,302
SZ,002321,2017-01-03 10:05:06,10.7600,1,9684.0000,9,B,10.7500,10.7400,10.7300,10.7200,10.7100,10.7600,10.7700,10.7800,10.7900,10.8000,1518,363,587,464,399,295,647,210,180,302
SZ,002321,2017-01-03 10:05:09,10.7600,4,118360.0000,110,B,10.7500,10.7400,10.7300,10.7200,10.7100,10.7600,10.7700,10.7800,10.7900,10.8000,1518,368,601,464,399,185,647,210,180,302
SZ,002321,2017-01-03 10:05:12,10.7600,3,72092.0000,67,B,10.7500,10.7400,10.7300,10.7200,10.7100,10.7600,10.7700,10.7800,10.7900,10.8000,1518,368,601,464,399,95,647,210,180,302
SZ,002321,2017-01-03 10:05:15,10.7600,2,20444.0000,19,B,10.7500,10.7400,10.7300,10.7200,10.7100,10.7600,10.7700,10.7800,10.7900,10.8000,1518,368,601,464,399,76,647,210,180,302
SZ,002321,2017-01-03 10:05:18,10.7600,1,39812.0000,37,B,10.7500,10.7400,10.7300,10.7200,10.7100,10.7600,10.7700,10.7800,10.7900,10.8000,1520,368,601,464,399,39,647,210,180,302
SZ,002321,2017-01-03 10:05:21,10.7600,3,45192.0000,42,B,10.7600,10.7500,10.7400,10.7300,10.7200,10.7700,10.7800,10.7900,10.8000,10.8100,333,1525,368,601,464,647,210,180,302,472
SZ,002321,2017-01-03 10:05:24,10.7600,2,10760.0000,10,S,10.7600,10.7500,10.7400,10.7300,10.7200,10.7700,10.7800,10.7900,10.8000,10.8100,333,1525,368,601,464,647,210,180,302,472
SZ,002321,2017-01-03 10:05:45,10.7700,1,19384.0000,18,B,10.7600,10.7500,10.7400,10.7300,10.7200,10.7700,10.7800,10.7900,10.8000,10.8100,420,1537,343,601,464,772,210,180,302,472
SZ,002321,2017-01-03 10:05:48,10.7600,1,27976.0000,26,S,10.7600,10.7500,10.7400,10.7300,10.7200,10.7700,10.7800,10.7900,10.8000,10.8100,410,1563,343,601,464,772,210,180,302,472
SZ,002321,2017-01-03 10:05:51,10.7700,2,129240.0000,120,B,10.7600,10.7500,10.7400,10.7300,10.7200,10.7700,10.7800,10.7900,10.8000,10.8100,420,1563,343,601,464,652,210,180,302,472
SZ,002321,2017-01-03 10:06:00,10.7700,1,10772.0000,10,B,10.7600,10.7500,10.7400,10.7300,10.7200,10.7700,10.7800,10.7900,10.8000,10.8100,540,1563,343,601,464,642,210,130,302,472
SZ,002321,2017-01-03 10:06:03,10.7600,2,90460.0000,84,S,10.7600,10.7500,10.7400,10.7300,10.7200,10.7700,10.7800,10.7900,10.8000,10.8100,547,1563,343,601,464,568,210,130,302,472
SZ,002321,2017-01-03 10:06:09,10.7600,2,40896.0000,38,S,10.7600,10.7500,10.7400,10.7300,10.7200,10.7700,10.7800,10.7900,10.8000,10.8100,532,1563,343,601,464,560,210,130,302,472
SZ,002321,2017-01-03 10:06:12,10.7700,2,34464.0000,32,B,10.7600,10.7500,10.7400,10.7300,10.7200,10.7700,10.7800,10.7900,10.8000,10.8100,532,1563,343,601,464,528,210,130,302,472
SZ,002321,2017-01-03 10:06:21,10.7600,2,4304.0000,4,S,10.7600,10.7500,10.7400,10.7300,10.7200,10.7700,10.7800,10.7900,10.8000,10.8100,549,1569,338,601,467,527,211,130,302,472
SZ,002321,2017-01-03 10:06:27,10.7600,2,13988.0000,13,S,10.7600,10.7500,10.7400,10.7300,10.7200,10.7700,10.7800,10.7900,10.8000,10.8100,536,1569,338,601,467,577,19,130,302,472
SZ,002321,2017-01-03 10:06:30,10.7600,1,15064.0000,14,S,10.7600,10.7500,10.7400,10.7300,10.7200,10.7700,10.7800,10.7900,10.8000,10.8100,522,1569,338,601,467,577,19,130,302,472
SZ,002321,2017-01-03 10:06:36,10.7700,1,5384.0000,5,B,10.7600,10.7500,10.7400,10.7300,10.7200,10.7700,10.7800,10.7900,10.8000,10.8100,536,1569,338,601,467,572,19,130,277,492
SZ,002321,2017-01-03 10:06:39,10.7700,3,48464.0000,45,B,10.7600,10.7500,10.7400,10.7300,10.7200,10.7700,10.7800,10.7900,10.8000,10.8100,536,1569,338,601,467,527,19,130,277,492
SZ,002321,2017-01-03 10:06:42,10.7700,1,10772.0000,10,B,10.7600,10.7500,10.7400,10.7300,10.7200,10.7700,10.7800,10.7900,10.8000,10.8100,536,1569,338,601,467,517,19,130,277,492
SZ,002321,2017-01-03 10:06:48,10.7700,2,14000.0000,13,B,10.7600,10.7500,10.7400,10.7300,10.7200,10.7700,10.7800,10.7900,10.8000,10.8100,537,1569,338,476,480,490,19,130,277,492
SZ,002321,2017-01-03 10:06:51,10.7600,4,243328.0000,226,S,10.7600,10.7500,10.7400,10.7300,10.7200,10.7700,10.7800,10.7900,10.8000,10.8100,484,1579,338,476,480,337,19,130,277,492
SZ,002321,2017-01-03 10:06:54,10.7700,6,226172.0000,210,B,10.7600,10.7500,10.7400,10.7300,10.7200,10.7700,10.7800,10.7900,10.8000,10.8100,484,1579,338,476,480,127,19,130,277,492
SZ,002321,2017-01-03 10:06:57,10.7700,1,7540.0000,7,B,10.7600,10.7500,10.7400,10.7300,10.7200,10.7700,10.7800,10.7900,10.8000,10.8100,614,1579,338,476,480,120,19,130,277,492
SZ,002321,2017-01-03 10:07:00,10.7700,5,79696.0000,74,B,10.7600,10.7500,10.7400,10.7300,10.7200,10.7700,10.7800,10.7900,10.8000,10.8100,638,1579,338,476,480,46,19,130,288,492
SZ,002321,2017-01-03 10:07:03,10.7700,6,246904.0000,229,B,10.7700,10.7600,10.7500,10.7400,10.7300,10.7800,10.7900,10.8000,10.8100,10.8200,185,638,1579,338,466,19,130,288,492,719
SZ,002321,2017-01-03 10:07:09,10.7800,6,83004.0000,77,B,10.7700,10.7600,10.7500,10.7400,10.7300,10.7800,10.7900,10.8000,10.8100,10.8200,590,629,1577,338,466,49,130,288,492,719
SZ,002321,2017-01-03 10:07:15,10.7800,4,212468.0000,197,B,10.7800,10.7700,10.7600,10.7500,10.7400,10.7900,10.8000,10.8100,10.8200,10.8300,67,757,649,1627,338,30,288,492,719,231
SZ,002321,2017-01-03 10:07:18,10.7900,2,32368.0000,30,B,10.7900,10.7800,10.7700,10.7600,10.7500,10.8000,10.8100,10.8200,10.8300,10.8400,34,374,757,749,1627,288,492,719,231,563
SZ,002321,2017-01-03 10:07:21,10.7900,1,3236.0000,3,S,10.7900,10.7800,10.7700,10.7600,10.7500,10.8000,10.8100,10.8200,10.8300,10.8400,31,375,757,729,1627,521,492,719,231,563
SZ,002321,2017-01-03 10:07:27,10.8000,3,64800.0000,60,B,10.7900,10.7800,10.7700,10.7600,10.7500,10.8000,10.8100,10.8200,10.8300,10.8400,31,180,764,729,1627,461,492,719,231,563
SZ,002321,2017-01-03 10:07:30,10.8000,12,150120.0000,139,B,10.7900,10.7800,10.7700,10.7600,10.7500,10.8000,10.8100,10.8200,10.8300,10.8400,41,248,762,734,1627,322,492,719,231,563
SZ,002321,2017-01-03 10:07:33,10.8000,3,32400.0000,30,B,10.7900,10.7800,10.7700,10.7600,10.7500,10.8000,10.8100,10.8200,10.8300,10.8400,61,248,762,734,1627,292,492,719,231,563
SZ,002321,2017-01-03 10:07:36,10.8000,2,8640.0000,8,B,10.7900,10.7800,10.7700,10.7600,10.7500,10.8000,10.8100,10.8200,10.8300,10.8400,106,175,764,814,1627,307,492,719,231,563
SZ,002321,2017-01-03 10:07:39,10.8000,13,266448.0000,247,B,10.7900,10.7800,10.7700,10.7600,10.7500,10.8000,10.8100,10.8200,10.8300,10.8400,310,71,752,814,1627,270,492,719,231,563
SZ,002321,2017-01-03 10:07:42,10.8000,7,291600.0000,270,B,10.8000,10.7900,10.7800,10.7700,10.7600,10.8100,10.8200,10.8300,10.8400,10.8500,124,310,71,732,814,492,771,231,563,572
SZ,002321,2017-01-03 10:07:45,10.8000,2,114480.0000,106,S,10.8000,10.7900,10.7800,10.7700,10.7600,10.8100,10.8200,10.8300,10.8400,10.8500,30,310,71,732,814,472,771,231,563,572
SZ,002321,2017-01-03 10:07:51,10.8000,6,44288.0000,41,S,10.8000,10.7900,10.7800,10.7700,10.7600,10.8100,10.8200,10.8300,10.8400,10.8500,199,310,71,732,822,462,719,231,563,572
SZ,002321,2017-01-03 10:07:54,10.8000,30,496180.0000,459,S,10.8000,10.7900,10.7800,10.7700,10.7600,10.8100,10.8200,10.8300,10.8400,10.8500,198,310,71,632,842,24,719,231,563,572
SZ,002321,2017-01-03 10:07:57,10.8100,4,31340.0000,29,B,10.8000,10.7900,10.7800,10.7700,10.7600,10.8100,10.8200,10.8300,10.8400,10.8500,189,310,151,632,855,98,719,231,563,572
SZ,002321,2017-01-03 10:08:00,10.8100,8,144840.0000,134,B,10.8100,10.8000,10.7900,10.7800,10.7700,10.8200,10.8300,10.8400,10.8500,10.8600,290,169,310,151,632,647,231,563,572,490
SZ,002321,2017-01-03 10:08:06,10.8200,3,28132.0000,26,B,10.8100,10.8000,10.7900,10.7800,10.7700,10.8200,10.8300,10.8400,10.8500,10.8600,400,173,310,151,312,621,231,563,587,490
SZ,002321,2017-01-03 10:08:09,10.8200,2,10820.0000,10,B,10.8100,10.8000,10.7900,10.7800,10.7700,10.8200,10.8300,10.8400,10.8500,10.8600,408,173,320,151,312,611,231,563,587,500
SZ,002321,2017-01-03 10:08:12,10.8200,2,42168.0000,39,B,10.8100,10.8000,10.7900,10.7800,10.7700,10.8200,10.8300,10.8400,10.8500,10.8600,378,173,320,151,312,859,231,563,587,500
SZ,002321,2017-01-03 10:08:15,10.8100,6,382676.0000,354,S,10.8100,10.8000,10.7900,10.7800,10.7700,10.8200,10.8300,10.8400,10.8500,10.8600,26,173,320,151,312,857,231,413,587,500
SZ,002321,2017-01-03 10:08:18,10.8100,5,78944.0000,73,S,10.8000,10.7900,10.7800,10.7700,10.7600,10.8100,10.8200,10.8300,10.8400,10.8500,173,320,3,312,727,9,826,231,413,587
SZ,002321,2017-01-03 10:08:21,10.8200,7,88696.0000,82,B,10.8100,10.8000,10.7900,10.7800,10.7700,10.8200,10.8300,10.8400,10.8500,10.8600,31,173,320,3,317,772,231,413,587,500
SZ,002321,2017-01-03 10:08:24,10.8200,11,521452.0000,482,B,10.8100,10.8000,10.7900,10.7800,10.7700,10.8200,10.8300,10.8400,10.8500,10.8600,89,173,320,3,317,362,231,413,587,500
SZ,002321,2017-01-03 10:08:27,10.8100,6,566844.0000,525,S,10.8100,10.7900,10.7800,10.7700,10.7600,10.8200,10.8300,10.8400,10.8500,10.8600,21,67,3,317,727,382,231,413,587,500
SZ,002321,2017-01-03 10:08:30,10.8200,14,416572.0000,385,B,10.8200,10.8100,10.7900,10.7800,10.7700,10.8300,10.8400,10.8500,10.8600,10.8700,135,21,67,3,317,231,423,587,500,67
SZ,002321,2017-01-03 10:08:33,10.8200,3,35708.0000,33,S,10.8200,10.8100,10.7900,10.7800,10.7700,10.8300,10.8400,10.8500,10.8600,10.8700,107,61,67,3,317,372,419,587,500,67
SZ,002321,2017-01-03 10:08:36,10.8200,1,10824.0000,10,S,10.8200,10.8100,10.7900,10.7800,10.7700,10.8300,10.8400,10.8500,10.8600,10.8700,97,61,73,83,317,372,419,587,500,67
SZ,002321,2017-01-03 10:08:39,10.8200,11,153712.0000,142,S,10.8200,10.8100,10.7900,10.7800,10.7700,10.8300,10.8400,10.8500,10.8600,10.8700,26,81,73,110,317,321,419,581,500,67
SZ,002321,2017-01-03 10:08:42,10.8200,1,21640.0000,20,S,10.8200,10.8100,10.8000,10.7900,10.7800,10.8300,10.8400,10.8500,10.8600,10.8700,6,81,20,73,110,438,419,581,500,67
SZ,002321,2017-01-03 10:08:45,10.8300,5,29204.0000,27,B,10.8100,10.8000,10.7900,10.7800,10.7700,10.8200,10.8300,10.8400,10.8500,10.8600,65,25,73,160,317,353,433,419,581,500
SZ,002321,2017-01-03 10:08:48,10.8200,9,413324.0000,382,B,10.8100,10.8000,10.7900,10.7800,10.7700,10.8200,10.8300,10.8400,10.8500,10.8600,65,25,73,160,317,31,443,424,581,500
SZ,002321,2017-01-03 10:08:54,10.8200,5,59512.0000,55,B,10.8100,10.8000,10.7900,10.7800,10.7700,10.8200,10.8300,10.8400,10.8500,10.8600,75,182,73,160,317,68,595,424,581,500
SZ,002321,2017-01-03 10:08:57,10.8200,4,92992.0000,86,B,10.8100,10.8000,10.7900,10.7800,10.7700,10.8200,10.8300,10.8400,10.8500,10.8600,19,182,73,160,317,215,595,424,581,500
SZ,002321,2017-01-03 10:09:00,10.8200,4,52992.0000,49,B,10.8000,10.7900,10.7800,10.7700,10.7600,10.8200,10.8300,10.8400,10.8500,10.8600,182,73,160,317,802,286,595,424,581,500
SZ,002321,2017-01-03 10:09:03,10.8200,1,5412.0000,5,B,10.8000,10.7900,10.7800,10.7700,10.7600,10.8200,10.8300,10.8400,10.8500,10.8600,182,73,160,317,802,380,593,424,581,500
SZ,002321,2017-01-03 10:09:09,10.8100,1,5404.0000,5,B,10.8000,10.7900,10.7800,10.7700,10.7600,10.8100,10.8200,10.8300,10.8400,10.8500,193,73,160,317,802,21,399,588,424,581
SZ,002321,2017-01-03 10:09:12,10.8100,1,4324.0000,4,B,10.8000,10.7900,10.7800,10.7700,10.7600,10.8100,10.8200,10.8300,10.8400,10.8500,193,73,180,317,802,17,402,588,424,581
SZ,002321,2017-01-03 10:09:15,10.8100,2,10812.0000,10,B,10.8000,10.7900,10.7800,10.7700,10.7600,10.8100,10.8200,10.8300,10.8400,10.8500,202,73,180,367,1008,7,411,593,424,581
