市场代码,证券代码,时间,最新价,成交笔数,成交额,成交量,方向,买一价,买二价,买三价,买四价,买五价,卖一价,卖二价,卖三价,卖四价,卖五价,买一量,买二量,买三量,买四量,买五量,卖一量,卖二量,卖三量,卖四量,卖五量
SZ,002375,2017-01-03 09:25:03,10.5900,3,6354.0000,6,B,10.5800,10.5600,10.5500,10.5300,10.5100,10.5900,10.6000,10.6400,10.6500,10.6600,1041,50,200,49,23,8,12,27,17,75
SZ,002375,2017-01-03 09:30:03,10.6000,5,44512.0000,42,B,10.6000,10.5900,10.5800,10.5700,10.5600,10.6400,10.6500,10.6600,10.6800,10.6900,111,111,1045,200,82,47,49,85,84,158
SZ,002375,2017-01-03 09:30:06,10.6000,1,7420.0000,7,S,10.6100,10.6000,10.5900,10.5800,10.5700,10.6400,10.6500,10.6600,10.6800,10.6900,4,109,133,1045,200,47,157,85,84,158
SZ,002375,2017-01-03 09:30:24,10.6000,2,45584.0000,43,S,10.6000,10.5900,10.5800,10.5700,10.5600,10.6400,10.6500,10.6600,10.6800,10.6900,70,153,1045,200,102,47,157,85,104,158
SZ,002375,2017-01-03 09:30:45,10.6200,1,1062.0000,1,B,10.6000,10.5900,10.5800,10.5700,10.5600,10.6200,10.6300,10.6400,10.6500,10.6600,100,153,45,200,102,7,10,85,157,85
SZ,002375,2017-01-03 09:30:48,10.6300,2,18064.0000,17,B,10.6300,10.6100,10.6000,10.5900,10.5800,10.6400,10.6500,10.6600,10.6800,10.6900,3,5,120,153,45,85,157,85,104,158
SZ,002375,2017-01-03 09:30:51,10.6300,3,3189.0000,3,S,10.6100,10.6000,10.5900,10.5800,10.5700,10.6400,10.6500,10.6600,10.6800,10.6900,5,120,153,45,200,85,157,85,104,158
SZ,002375,2017-01-03 09:30:54,10.6100,2,10610.0000,10,S,10.6100,10.6000,10.5900,10.5800,10.5700,10.6400,10.6500,10.6600,10.6800,10.6900,15,120,153,45,200,85,157,85,104,158
SZ,002375,2017-01-03 09:31:03,10.6200,1,5310.0000,5,S,10.6100,10.6000,10.5900,10.5800,10.5700,10.6200,10.6300,10.6400,10.6500,10.6600,35,520,153,45,200,2,53,100,157,85
SZ,002375,2017-01-03 09:31:36,10.6100,1,7427.0000,7,S,10.6100,10.6000,10.5900,10.5800,10.5700,10.6200,10.6300,10.6400,10.6500,10.6600,94,520,153,45,200,74,73,100,152,85
SZ,002375,2017-01-03 09:31:39,10.6200,2,31860.0000,30,B,10.6100,10.6000,10.5900,10.5800,10.5700,10.6200,10.6300,10.6400,10.6500,10.6600,94,520,153,45,200,44,73,100,152,85
SZ,002375,2017-01-03 09:31:42,10.6200,1,3186.0000,3,B,10.6100,10.6000,10.5900,10.5800,10.5700,10.6200,10.6300,10.6400,10.6500,10.6600,94,520,153,45,200,41,73,100,152,85
SZ,002375,2017-01-03 09:31:54,10.6200,1,10620.0000,10,B,10.6100,10.6000,10.5900,10.5800,10.5700,10.6200,10.6300,10.6400,10.6500,10.6600,94,515,140,45,200,31,78,100,152,85
SZ,002375,2017-01-03 09:31:57,10.6100,6,105044.0000,99,S,10.6000,10.5900,10.5800,10.5700,10.5600,10.6100,10.6200,10.6300,10.6400,10.6500,515,140,45,200,152,1,26,88,100,152
SZ,002375,2017-01-03 09:32:03,10.6000,1,7420.0000,7,S,10.6000,10.5900,10.5800,10.5700,10.5600,10.6100,10.6200,10.6300,10.6400,10.6500,508,140,45,200,152,1,36,88,100,152
SZ,002375,2017-01-03 09:32:15,10.6100,1,1061.0000,1,B,10.6100,10.6000,10.5900,10.5800,10.5700,10.6200,10.6300,10.6400,10.6500,10.6600,8,508,140,41,200,163,120,100,52,85
SZ,002375,2017-01-03 09:32:33,10.6100,1,8488.0000,8,S,10.6100,10.6000,10.5900,10.5800,10.5700,10.6200,10.6300,10.6400,10.6500,10.6600,6,508,140,41,200,163,120,100,52,35
SZ,002375,2017-01-03 09:32:39,10.6100,2,6366.0000,6,S,10.6000,10.5900,10.5800,10.5700,10.5600,10.6200,10.6300,10.6400,10.6500,10.6600,508,140,43,200,152,163,120,100,52,35
SZ,002375,2017-01-03 09:32:54,10.6000,2,2121.0000,2,S,10.6000,10.5900,10.5800,10.5700,10.5600,10.6100,10.6200,10.6300,10.6400,10.6500,507,129,54,200,152,157,213,88,100,52
SZ,002375,2017-01-03 09:33:03,10.6000,2,18030.0000,17,S,10.6000,10.5900,10.5800,10.5700,10.5600,10.6100,10.6200,10.6300,10.6400,10.6500,500,129,54,200,152,147,245,88,70,52
SZ,002375,2017-01-03 09:33:33,10.6000,1,7420.0000,7,S,10.6000,10.5900,10.5800,10.5700,10.5600,10.6100,10.6200,10.6300,10.6400,10.6500,493,116,54,200,167,147,332,88,70,52
SZ,002375,2017-01-03 09:33:36,10.6100,1,5305.0000,5,B,10.6000,10.5900,10.5800,10.5700,10.5600,10.6100,10.6200,10.6300,10.6400,10.6500,493,116,54,200,167,142,332,88,70,52
SZ,002375,2017-01-03 09:33:51,10.6100,1,3183.0000,3,B,10.6000,10.5900,10.5800,10.5700,10.5600,10.6100,10.6200,10.6300,10.6400,10.6500,593,116,54,200,167,139,332,35,70,53
SZ,002375,2017-01-03 09:34:03,10.6000,1,7420.0000,7,S,10.6000,10.5900,10.5800,10.5700,10.5600,10.6100,10.6200,10.6300,10.6400,10.6500,586,116,54,200,167,139,332,25,70,53
SZ,002375,2017-01-03 09:34:06,10.6000,4,49820.0000,47,S,10.6000,10.5900,10.5800,10.5700,10.5600,10.6100,10.6200,10.6300,10.6400,10.6500,539,116,54,200,167,139,332,25,70,53
SZ,002375,2017-01-03 09:34:12,10.6000,3,57240.0000,54,S,10.6000,10.5900,10.5800,10.5700,10.5600,10.6100,10.6200,10.6300,10.6400,10.6500,485,116,54,200,167,139,300,25,70,53
SZ,002375,2017-01-03 09:34:33,10.6000,1,8480.0000,8,S,10.6000,10.5900,10.5800,10.5700,10.5600,10.6100,10.6200,10.6300,10.6400,10.6500,477,116,54,200,167,181,500,25,70,53
SZ,002375,2017-01-03 09:34:36,10.6100,3,47705.0000,45,B,10.6000,10.5900,10.5800,10.5700,10.5600,10.6100,10.6200,10.6300,10.6400,10.6500,437,116,54,200,167,176,532,25,70,53
SZ,002375,2017-01-03 09:34:39,10.6000,1,5300.0000,5,S,10.6000,10.5900,10.5800,10.5700,10.5600,10.6100,10.6200,10.6300,10.6400,10.6500,432,96,54,200,167,176,532,25,70,53
SZ,002375,2017-01-03 09:34:45,10.6100,1,4244.0000,4,B,10.6000,10.5900,10.5800,10.5700,10.5600,10.6100,10.6200,10.6300,10.6400,10.6500,432,96,54,200,167,172,532,25,70,53
SZ,002375,2017-01-03 09:34:54,10.6100,1,1061.0000,1,B,10.6000,10.5900,10.5800,10.5700,10.5600,10.6100,10.6200,10.6300,10.6400,10.6500,432,96,54,200,167,171,532,25,70,53
SZ,002375,2017-01-03 09:35:00,10.6100,1,12732.0000,12,B,10.6000,10.5900,10.5800,10.5700,10.5600,10.6100,10.6200,10.6300,10.6400,10.6500,432,96,54,200,167,159,532,25,70,53
SZ,002375,2017-01-03 09:35:03,10.6000,1,7420.0000,7,S,10.6000,10.5900,10.5800,10.5700,10.5600,10.6100,10.6200,10.6300,10.6400,10.6500,425,96,54,200,167,159,532,25,70,53
SZ,002375,2017-01-03 09:35:12,10.6000,2,22260.0000,21,S,10.6000,10.5900,10.5800,10.5700,10.5600,10.6100,10.6200,10.6300,10.6400,10.6500,404,96,54,200,167,159,482,25,70,53
SZ,002375,2017-01-03 09:35:18,10.6100,1,4244.0000,4,B,10.6000,10.5900,10.5800,10.5700,10.5600,10.6100,10.6200,10.6300,10.6400,10.6500,404,96,54,200,167,155,482,25,70,53
SZ,002375,2017-01-03 09:35:27,10.6000,1,5300.0000,5,S,10.6000,10.5900,10.5800,10.5700,10.5600,10.6100,10.6200,10.6300,10.6400,10.6500,399,96,81,200,167,159,482,25,70,53
SZ,002375,2017-01-03 09:35:33,10.6000,1,7420.0000,7,S,10.6000,10.5900,10.5800,10.5700,10.5600,10.6100,10.6200,10.6300,10.6400,10.6500,392,87,81,200,167,159,482,25,70,53
SZ,002375,2017-01-03 09:35:48,10.6100,2,4244.0000,4,B,10.6000,10.5900,10.5800,10.5700,10.5600,10.6100,10.6200,10.6300,10.6400,10.6500,400,87,81,200,147,155,482,25,70,53
SZ,002375,2017-01-03 09:36:03,10.6000,1,7420.0000,7,S,10.6000,10.5900,10.5800,10.5700,10.5600,10.6100,10.6200,10.6300,10.6400,10.6500,394,87,95,200,147,177,482,25,70,53
SZ,002375,2017-01-03 09:36:33,10.6000,1,8480.0000,8,S,10.6000,10.5900,10.5800,10.5700,10.5600,10.6100,10.6200,10.6300,10.6400,10.6500,386,87,98,200,115,201,482,20,70,53
SZ,002375,2017-01-03 09:36:48,10.6000,1,56180.0000,53,S,10.6000,10.5900,10.5800,10.5700,10.5600,10.6100,10.6200,10.6300,10.6400,10.6500,333,87,98,200,115,201,487,20,70,53
SZ,002375,2017-01-03 09:36:51,10.6000,1,28620.0000,27,S,10.6000,10.5900,10.5800,10.5700,10.5600,10.6100,10.6200,10.6300,10.6400,10.6500,306,87,98,200,115,201,487,20,70,53
SZ,002375,2017-01-03 09:36:54,10.6100,2,6366.0000,6,B,10.6000,10.5900,10.5800,10.5700,10.5600,10.6100,10.6200,10.6300,10.6400,10.6500,306,87,98,200,115,195,487,20,70,53
SZ,002375,2017-01-03 09:37:03,10.6000,1,7420.0000,7,S,10.6000,10.5900,10.5800,10.5700,10.5600,10.6100,10.6200,10.6300,10.6400,10.6500,299,87,98,200,115,199,487,20,70,53
SZ,002375,2017-01-03 09:37:15,10.6000,1,21200.0000,20,S,10.6000,10.5900,10.5800,10.5700,10.5600,10.6100,10.6200,10.6300,10.6400,10.6500,279,87,98,200,115,177,487,20,70,53
SZ,002375,2017-01-03 09:37:27,10.6000,1,33920.0000,32,S,10.6000,10.5900,10.5800,10.5700,10.5600,10.6100,10.6200,10.6300,10.6400,10.6500,77,87,118,200,115,177,455,20,70,53
SZ,002375,2017-01-03 09:37:33,10.6000,3,23320.0000,22,S,10.6000,10.5900,10.5800,10.5700,10.5600,10.6100,10.6200,10.6300,10.6400,10.6500,55,274,118,200,115,199,455,20,70,53
SZ,002375,2017-01-03 09:37:57,10.6000,1,31800.0000,30,S,10.6000,10.5900,10.5800,10.5700,10.5600,10.6100,10.6200,10.6300,10.6400,10.6500,34,264,118,200,115,195,455,20,70,53
SZ,002375,2017-01-03 09:38:00,10.6000,1,4240.0000,4,S,10.6000,10.5900,10.5800,10.5700,10.5600,10.6100,10.6200,10.6300,10.6400,10.6500,30,264,118,200,115,195,455,20,70,53
SZ,002375,2017-01-03 09:38:03,10.6000,3,11664.0000,11,S,10.6000,10.5900,10.5800,10.5700,10.5600,10.6100,10.6200,10.6300,10.6400,10.6500,23,264,118,200,115,183,455,20,70,53
SZ,002375,2017-01-03 09:38:06,10.6000,1,4240.0000,4,S,10.6000,10.5900,10.5800,10.5700,10.5600,10.6100,10.6200,10.6300,10.6400,10.6500,19,264,118,200,115,183,455,20,70,53
SZ,002375,2017-01-03 09:38:09,10.6000,2,4240.0000,4,S,10.6000,10.5900,10.5800,10.5700,10.5600,10.6100,10.6200,10.6300,10.6400,10.6500,15,264,118,200,175,183,455,20,70,53
SZ,002375,2017-01-03 09:38:12,10.6100,1,4244.0000,4,B,10.6000,10.5900,10.5800,10.5700,10.5600,10.6100,10.6200,10.6300,10.6400,10.6500,15,264,118,200,175,179,455,20,70,53
SZ,002375,2017-01-03 09:38:30,10.6100,1,1061.0000,1,B,10.6000,10.5900,10.5800,10.5700,10.5600,10.6100,10.6200,10.6300,10.6400,10.6500,125,264,118,200,175,178,455,20,70,53
SZ,002375,2017-01-03 09:38:33,10.6000,3,8480.0000,8,S,10.6000,10.5900,10.5800,10.5700,10.5600,10.6100,10.6200,10.6300,10.6400,10.6500,117,264,118,200,175,178,455,20,70,53
SZ,002375,2017-01-03 09:38:36,10.6100,4,188858.0000,178,B,10.6100,10.6000,10.5900,10.5800,10.5700,10.6200,10.6300,10.6400,10.6500,10.6600,22,117,264,118,200,455,20,70,53,135
SZ,002375,2017-01-03 09:38:48,10.6100,2,53050.0000,50,S,10.6100,10.6000,10.5900,10.5800,10.5700,10.6200,10.6300,10.6400,10.6500,10.6600,32,117,274,118,200,455,20,70,53,135
SZ,002375,2017-01-03 09:38:51,10.6100,1,33952.0000,32,S,10.6000,10.5900,10.5800,10.5700,10.5600,10.6200,10.6300,10.6400,10.6500,10.6600,117,274,118,200,175,455,20,70,53,135
SZ,002375,2017-01-03 09:38:54,10.6200,1,1062.0000,1,B,10.6000,10.5900,10.5800,10.5700,10.5600,10.6200,10.6300,10.6400,10.6500,10.6600,117,274,118,200,175,454,20,70,53,135
SZ,002375,2017-01-03 09:39:03,10.6000,2,7420.0000,7,S,10.6000,10.5900,10.5800,10.5700,10.5600,10.6100,10.6200,10.6300,10.6400,10.6500,110,274,118,200,175,5,454,20,70,53
SZ,002375,2017-01-03 09:39:21,10.6100,3,46646.0000,44,B,10.6100,10.6000,10.5900,10.5800,10.5700,10.6200,10.6300,10.6400,10.6500,10.6600,10,72,274,118,200,454,20,70,83,135
SZ,002375,2017-01-03 09:39:24,10.6200,1,5310.0000,5,B,10.6100,10.6000,10.5900,10.5800,10.5700,10.6200,10.6300,10.6400,10.6500,10.6600,10,72,274,118,200,449,20,70,83,135
SZ,002375,2017-01-03 09:39:33,10.6100,1,7427.0000,7,S,10.6100,10.6000,10.5900,10.5800,10.5700,10.6200,10.6300,10.6400,10.6500,10.6600,3,81,274,118,200,322,20,70,53,135
SZ,002375,2017-01-03 09:39:42,10.6100,1,3183.0000,3,S,10.6000,10.5900,10.5800,10.5700,10.5600,10.6100,10.6200,10.6300,10.6400,10.6500,101,274,118,200,175,178,322,20,70,53
SZ,002375,2017-01-03 09:39:54,10.6000,1,4240.0000,4,S,10.6000,10.5900,10.5800,10.5700,10.5600,10.6100,10.6200,10.6300,10.6400,10.6500,97,268,118,200,175,178,322,20,70,63
SZ,002375,2017-01-03 09:40:03,10.6000,1,7420.0000,7,S,10.6000,10.5900,10.5800,10.5700,10.5600,10.6100,10.6200,10.6300,10.6400,10.6500,155,268,118,200,175,178,322,20,70,63
SZ,002375,2017-01-03 09:40:18,10.6100,1,10610.0000,10,B,10.6000,10.5900,10.5800,10.5700,10.5600,10.6100,10.6200,10.6300,10.6400,10.6500,155,268,118,200,175,168,322,20,70,63
SZ,002375,2017-01-03 09:40:33,10.6000,1,8480.0000,8,S,10.6000,10.5900,10.5800,10.5700,10.5600,10.6100,10.6200,10.6300,10.6400,10.6500,211,268,118,200,175,284,322,20,70,63
SZ,002375,2017-01-03 09:40:36,10.6100,2,32865.0000,31,B,10.6000,10.5900,10.5800,10.5700,10.5600,10.6100,10.6200,10.6300,10.6400,10.6500,185,268,118,200,175,279,322,20,70,63
SZ,002375,2017-01-03 09:40:39,10.6100,1,5305.0000,5,B,10.6000,10.5900,10.5800,10.5700,10.5600,10.6100,10.6200,10.6300,10.6400,10.6500,185,268,118,200,175,274,322,20,70,63
SZ,002375,2017-01-03 09:40:45,10.6100,1,18037.0000,17,B,10.6000,10.5900,10.5800,10.5700,10.5600,10.6100,10.6200,10.6300,10.6400,10.6500,185,268,118,200,175,257,322,20,70,63
SZ,002375,2017-01-03 09:40:54,10.6100,1,1061.0000,1,B,10.6000,10.5900,10.5800,10.5700,10.5600,10.6100,10.6200,10.6300,10.6400,10.6500,185,268,118,200,175,256,322,20,70,63
SZ,002375,2017-01-03 09:41:09,10.6100,1,8488.0000,8,B,10.6000,10.5900,10.5800,10.5700,10.5600,10.6100,10.6200,10.6300,10.6400,10.6500,205,268,118,200,175,248,322,20,70,63
SZ,002375,2017-01-03 09:41:18,10.6100,2,150662.0000,142,B,10.6000,10.5900,10.5800,10.5700,10.5600,10.6100,10.6200,10.6300,10.6400,10.6500,218,268,118,200,175,106,322,20,70,63
SZ,002375,2017-01-03 09:41:39,10.6100,2,23340.0000,22,B,10.6000,10.5900,10.5800,10.5700,10.5600,10.6100,10.6200,10.6300,10.6400,10.6500,268,253,118,200,175,101,312,20,70,63
SZ,002375,2017-01-03 09:41:45,10.6100,1,4244.0000,4,B,10.6000,10.5900,10.5800,10.5700,10.5600,10.6100,10.6200,10.6300,10.6400,10.6500,268,253,118,200,175,97,312,20,70,63
SZ,002375,2017-01-03 09:41:51,10.6000,1,1060.0000,1,S,10.6000,10.5900,10.5800,10.5700,10.5600,10.6100,10.6200,10.6300,10.6400,10.6500,269,253,118,200,175,97,312,20,70,63
SZ,002375,2017-01-03 09:41:54,10.6100,1,5305.0000,5,B,10.6000,10.5900,10.5800,10.5700,10.5600,10.6100,10.6200,10.6300,10.6400,10.6500,269,253,118,200,175,92,312,20,70,63
SZ,002375,2017-01-03 09:42:12,10.6000,5,47710.0000,45,S,10.6000,10.5900,10.5800,10.5700,10.5600,10.6100,10.6200,10.6300,10.6400,10.6500,504,253,118,200,175,82,112,20,70,63
SZ,002375,2017-01-03 09:42:24,10.6100,3,87002.0000,82,B,10.6100,10.6000,10.5900,10.5800,10.5700,10.6200,10.6300,10.6400,10.6500,10.6600,105,502,66,118,200,112,20,70,563,125
SZ,002375,2017-01-03 09:42:36,10.6100,1,53050.0000,50,S,10.6100,10.6000,10.5900,10.5800,10.5600,10.6200,10.6300,10.6400,10.6500,10.6600,55,502,62,118,175,112,20,60,563,125
SZ,002375,2017-01-03 09:42:54,10.6200,1,1062.0000,1,B,10.6100,10.6000,10.5900,10.5800,10.5600,10.6200,10.6300,10.6400,10.6500,10.6600,178,585,62,118,175,111,20,60,563,125
SZ,002375,2017-01-03 09:43:12,10.6200,1,1062.0000,1,B,10.6100,10.6000,10.5900,10.5800,10.5600,10.6200,10.6300,10.6400,10.6500,10.6600,185,520,162,118,175,110,20,60,563,125
SZ,002375,2017-01-03 09:43:15,10.6200,2,5310.0000,5,B,10.6100,10.6000,10.5900,10.5800,10.5600,10.6200,10.6300,10.6400,10.6500,10.6600,185,537,162,118,175,105,20,60,563,125
SZ,002375,2017-01-03 09:43:21,10.6200,2,15930.0000,15,B,10.6100,10.6000,10.5900,10.5800,10.5600,10.6200,10.6300,10.6400,10.6500,10.6600,189,537,312,118,175,90,20,60,563,125
SZ,002375,2017-01-03 09:43:33,10.6200,1,53100.0000,50,B,10.6100,10.6000,10.5900,10.5800,10.5600,10.6200,10.6300,10.6400,10.6500,10.6600,189,537,312,158,175,40,20,60,563,125
SZ,002375,2017-01-03 09:43:39,10.6200,1,15930.0000,15,B,10.6100,10.6000,10.5900,10.5800,10.5600,10.6200,10.6300,10.6400,10.6500,10.6600,189,487,312,158,175,25,20,60,563,125
SZ,002375,2017-01-03 09:43:42,10.6200,3,26550.0000,25,B,10.6200,10.6100,10.6000,10.5900,10.5800,10.6300,10.6400,10.6500,10.6600,10.6800,17,189,487,312,158,20,60,563,125,254
SZ,002375,2017-01-03 09:44:06,10.6300,1,1063.0000,1,B,10.6200,10.6100,10.6000,10.5900,10.5800,10.6300,10.6400,10.6500,10.6600,10.6800,21,189,587,312,158,23,70,563,125,254
SZ,002375,2017-01-03 09:44:21,10.6300,2,23386.0000,22,B,10.6200,10.6100,10.6000,10.5900,10.5800,10.6300,10.6400,10.6500,10.6600,10.6800,66,199,587,312,155,1,70,563,125,254
SZ,002375,2017-01-03 09:44:24,10.6200,1,10620.0000,10,S,10.6200,10.6100,10.6000,10.5900,10.5800,10.6300,10.6400,10.6500,10.6600,10.6800,56,199,587,312,155,1,70,563,125,254
SZ,002375,2017-01-03 09:44:30,10.6300,1,1063.0000,1,B,10.6300,10.6200,10.6100,10.6000,10.5900,10.6400,10.6500,10.6600,10.6800,10.6900,19,56,199,587,312,70,563,125,254,158
SZ,002375,2017-01-03 09:44:33,10.6300,3,15950.0000,15,S,10.6300,10.6200,10.6100,10.6000,10.5900,10.6400,10.6500,10.6600,10.6800,10.6900,9,56,199,587,312,165,563,125,254,158
SZ,002375,2017-01-03 09:44:48,10.6300,1,9567.0000,9,S,10.6200,10.6100,10.6000,10.5900,10.5800,10.6300,10.6400,10.6500,10.6600,10.6800,45,202,587,302,155,118,165,553,125,254
SZ,002375,2017-01-03 09:44:54,10.6300,2,136064.0000,128,B,10.6300,10.6200,10.6100,10.6000,10.5900,10.6400,10.6500,10.6600,10.6800,10.6900,15,145,202,587,302,165,553,125,254,158
SZ,002375,2017-01-03 09:44:57,10.6400,1,1064.0000,1,B,10.6300,10.6200,10.6100,10.6000,10.5900,10.6400,10.6500,10.6600,10.6800,10.6900,15,145,202,587,302,164,553,125,237,158
SZ,002375,2017-01-03 09:45:00,10.6400,1,1064.0000,1,B,10.6300,10.6200,10.6100,10.6000,10.5900,10.6400,10.6500,10.6600,10.6800,10.6900,15,145,202,587,302,163,553,125,237,158
SZ,002375,2017-01-03 09:45:03,10.6400,1,10640.0000,10,B,10.6300,10.6200,10.6100,10.6000,10.5900,10.6400,10.6500,10.6600,10.6800,10.6900,15,145,202,587,302,153,553,125,237,158
SZ,002375,2017-01-03 09:45:12,10.6400,1,3192.0000,3,B,10.6300,10.6200,10.6100,10.6000,10.5900,10.6400,10.6500,10.6600,10.6800,10.6900,15,145,202,587,302,284,553,125,237,158
SZ,002375,2017-01-03 09:45:15,10.6400,2,12768.0000,12,B,10.6300,10.6200,10.6100,10.6000,10.5900,10.6400,10.6500,10.6600,10.6800,10.6900,15,145,202,587,302,272,553,125,237,158
SZ,002375,2017-01-03 09:45:18,10.6300,2,15945.0000,15,S,10.6200,10.6100,10.6000,10.5900,10.5800,10.6300,10.6400,10.6500,10.6600,10.6800,145,202,538,302,155,113,287,583,125,237
SZ,002375,2017-01-03 09:45:21,10.6300,1,31890.0000,30,B,10.6200,10.6100,10.6000,10.5900,10.5800,10.6300,10.6400,10.6500,10.6600,10.6800,145,202,538,302,155,83,287,583,125,237
SZ,002375,2017-01-03 09:45:30,10.6300,1,3189.0000,3,B,10.6200,10.6100,10.6000,10.5900,10.5800,10.6300,10.6400,10.6500,10.6600,10.6800,145,202,538,302,155,90,287,583,125,237
SZ,002375,2017-01-03 09:45:42,10.6200,2,10620.0000,10,S,10.6200,10.6100,10.6000,10.5900,10.5800,10.6300,10.6400,10.6500,10.6600,10.6800,135,202,538,302,144,96,417,583,125,237
SZ,002375,2017-01-03 09:45:45,10.6300,1,1063.0000,1,B,10.6200,10.6100,10.6000,10.5900,10.5800,10.6300,10.6400,10.6500,10.6600,10.6800,135,202,538,302,144,95,417,583,125,237
SZ,002375,2017-01-03 09:45:48,10.6300,1,4252.0000,4,B,10.6200,10.6100,10.6000,10.5900,10.5800,10.6300,10.6400,10.6500,10.6600,10.6800,135,202,538,302,144,91,417,553,125,237
SZ,002375,2017-01-03 09:45:54,10.6200,2,33984.0000,32,S,10.6200,10.6100,10.6000,10.5900,10.5800,10.6300,10.6400,10.6500,10.6600,10.6800,104,202,538,302,144,91,417,553,125,237
SZ,002375,2017-01-03 09:46:03,10.6300,1,10630.0000,10,B,10.6200,10.6100,10.6000,10.5900,10.5800,10.6300,10.6400,10.6500,10.6600,10.6800,104,222,538,302,144,101,417,553,137,237
SZ,002375,2017-01-03 09:46:06,10.6300,1,11693.0000,11,B,10.6200,10.6100,10.6000,10.5900,10.5800,10.6300,10.6400,10.6500,10.6600,10.6800,112,222,538,302,144,355,417,553,137,237
SZ,002375,2017-01-03 09:46:09,10.6300,1,19134.0000,18,B,10.6200,10.6100,10.6000,10.5900,10.5800,10.6300,10.6400,10.6500,10.6600,10.6800,112,222,538,302,144,337,402,553,137,237
SZ,002375,2017-01-03 09:46:18,10.6200,2,10620.0000,10,S,10.6200,10.6100,10.6000,10.5900,10.5800,10.6300,10.6400,10.6500,10.6600,10.6800,103,222,438,202,144,371,402,553,137,237
SZ,002375,2017-01-03 09:46:30,10.6300,1,1063.0000,1,B,10.6200,10.6100,10.6000,10.5900,10.5800,10.6300,10.6400,10.6500,10.6600,10.6800,103,212,438,202,144,361,385,541,137,237
SZ,002375,2017-01-03 09:46:33,10.6200,1,45666.0000,43,S,10.6200,10.6100,10.6000,10.5900,10.5800,10.6300,10.6400,10.6500,10.6600,10.6800,60,212,438,202,144,361,385,541,137,237
SZ,002375,2017-01-03 09:46:36,10.6200,1,5310.0000,5,S,10.6200,10.6100,10.6000,10.5900,10.5800,10.6300,10.6400,10.6500,10.6600,10.6800,55,212,438,202,144,361,385,541,137,237
SZ,002375,2017-01-03 09:46:54,10.6300,1,6378.0000,6,B,10.6200,10.6100,10.6000,10.5900,10.5800,10.6300,10.6400,10.6500,10.6600,10.6800,84,212,438,202,144,369,385,541,137,237
SZ,002375,2017-01-03 09:46:57,10.6300,2,6378.0000,6,B,10.6200,10.6100,10.6000,10.5900,10.5800,10.6300,10.6400,10.6500,10.6600,10.6800,84,212,438,202,144,363,375,541,137,237
SZ,002375,2017-01-03 09:47:03,10.6200,9,135949.0000,128,S,10.6200,10.6100,10.6000,10.5900,10.5800,10.6300,10.6400,10.6500,10.6600,10.6800,429,212,440,202,144,350,375,551,137,237
SZ,002375,2017-01-03 09:47:06,10.6300,8,372050.0000,350,B,10.6300,10.6200,10.6100,10.6000,10.5900,10.6400,10.6500,10.6600,10.6800,10.6900,662,429,212,440,202,375,551,137,237,158
SZ,002375,2017-01-03 09:47:09,10.6500,17,985815.0000,926,B,10.6500,10.6400,10.6300,10.6200,10.6100,10.6600,10.6800,10.6900,10.7000,10.7100,339,1,662,429,212,137,237,158,175,20
SZ,002375,2017-01-03 09:47:18,10.6600,1,1066.0000,1,B,10.6500,10.6300,10.6200,10.6100,10.6000,10.6600,10.6800,10.6900,10.7000,10.7100,339,662,429,157,440,136,237,158,175,20
SZ,002375,2017-01-03 09:47:24,10.6600,1,14924.0000,14,B,10.6500,10.6300,10.6200,10.6100,10.6000,10.6600,10.6800,10.6900,10.7000,10.7100,339,662,429,157,440,22,237,156,175,20
SZ,002375,2017-01-03 09:47:27,10.6600,3,23452.0000,22,B,10.6600,10.6500,10.6300,10.6200,10.6100,10.6800,10.6900,10.7000,10.7100,10.7200,9,339,662,429,157,237,156,175,20,53
SZ,002375,2017-01-03 09:47:42,10.6700,1,6402.0000,6,B,10.6600,10.6500,10.6300,10.6200,10.6100,10.6700,10.6800,10.6900,10.7000,10.7100,48,339,662,433,157,24,227,156,175,20
SZ,002375,2017-01-03 09:47:45,10.6600,6,52235.0000,49,S,10.6500,10.6300,10.6200,10.6100,10.6000,10.6600,10.6700,10.6800,10.6900,10.7000,339,712,433,157,440,6,37,227,256,175
SZ,002375,2017-01-03 09:47:51,10.6600,1,1066.0000,1,B,10.6500,10.6300,10.6200,10.6100,10.6000,10.6600,10.6700,10.6800,10.6900,10.7000,339,712,433,157,440,5,110,227,256,175
SZ,002375,2017-01-03 09:47:54,10.6700,2,16000.0000,15,B,10.6500,10.6300,10.6200,10.6100,10.6000,10.6600,10.6700,10.6800,10.6900,10.7000,339,712,433,157,440,4,100,227,256,175
SZ,002375,2017-01-03 09:48:00,10.6600,1,4264.0000,4,B,10.6600,10.6500,10.6300,10.6200,10.6100,10.6700,10.6800,10.6900,10.7000,10.7100,6,339,712,433,157,120,227,256,175,49
SZ,002375,2017-01-03 09:48:03,10.6600,2,12792.0000,12,S,10.6600,10.6500,10.6300,10.6200,10.6100,10.6700,10.6800,10.6900,10.7000,10.7100,3,339,712,437,287,120,727,256,175,49
SZ,002375,2017-01-03 09:48:09,10.6600,2,7462.0000,7,S,10.6500,10.6300,10.6200,10.6100,10.6000,10.6600,10.6700,10.6800,10.6900,10.7000,339,712,472,297,440,56,120,727,256,175
SZ,002375,2017-01-03 09:48:12,10.6600,1,7462.0000,7,B,10.6500,10.6300,10.6200,10.6100,10.6000,10.6600,10.6700,10.6800,10.6900,10.7000,339,712,472,297,440,49,120,745,256,175
SZ,002375,2017-01-03 09:48:15,10.6600,1,1066.0000,1,B,10.6500,10.6300,10.6200,10.6100,10.6000,10.6600,10.6700,10.6800,10.6900,10.7000,339,712,472,297,440,48,128,745,256,175
SZ,002375,2017-01-03 09:48:21,10.6500,1,46860.0000,44,S,10.6500,10.6300,10.6200,10.6100,10.6000,10.6600,10.6700,10.6800,10.6900,10.7000,295,719,472,297,440,78,128,745,256,175
SZ,002375,2017-01-03 09:48:24,10.6500,2,335495.0000,315,S,10.6300,10.6200,10.6100,10.6000,10.5900,10.6500,10.6600,10.6700,10.6800,10.6900,719,472,297,440,202,5,58,128,745,256
SZ,002375,2017-01-03 09:48:27,10.6600,2,11721.0000,11,B,10.6300,10.6200,10.6100,10.6000,10.5900,10.6600,10.6700,10.6800,10.6900,10.7000,719,472,297,440,202,62,128,735,256,175
SZ,002375,2017-01-03 09:48:51,10.6600,3,53300.0000,50,B,10.6400,10.6300,10.6200,10.6100,10.6000,10.6600,10.6700,10.6800,10.6900,10.7000,11,746,472,307,440,158,169,725,286,175
SZ,002375,2017-01-03 09:48:54,10.6600,5,17030.0000,16,B,10.6400,10.6300,10.6200,10.6100,10.6000,10.6600,10.6700,10.6800,10.6900,10.7000,99,746,472,307,440,155,171,725,286,175
SZ,002375,2017-01-03 09:48:57,10.6600,2,3198.0000,3,B,10.6400,10.6300,10.6200,10.6100,10.6000,10.6600,10.6700,10.6800,10.6900,10.7000,507,746,472,307,440,202,171,725,286,175
SZ,002375,2017-01-03 09:49:03,10.6500,7,73544.0000,69,S,10.6400,10.6300,10.6200,10.6100,10.6000,10.6500,10.6600,10.6700,10.6800,10.6900,607,746,472,307,440,10,173,171,725,286
SZ,002375,2017-01-03 09:49:06,10.6500,1,1065.0000,1,B,10.6400,10.6300,10.6200,10.6100,10.6000,10.6500,10.6600,10.6700,10.6800,10.6900,607,746,472,307,440,9,173,171,725,286
SZ,002375,2017-01-03 09:49:42,10.6600,3,8521.0000,8,B,10.6500,10.6400,10.6300,10.6200,10.6100,10.6600,10.6700,10.6800,10.6900,10.7000,661,607,746,472,307,227,128,739,286,248
SZ,002375,2017-01-03 09:49:51,10.6600,1,2132.0000,2,B,10.6500,10.6400,10.6300,10.6200,10.6100,10.6600,10.6700,10.6800,10.6900,10.7000,661,607,746,472,307,225,128,239,286,248
SZ,002375,2017-01-03 09:50:00,10.6600,1,1066.0000,1,B,10.6500,10.6400,10.6300,10.6200,10.6100,10.6600,10.6700,10.6800,10.6900,10.7000,668,160,746,472,307,207,128,239,286,248
SZ,002375,2017-01-03 09:50:03,10.6600,2,14924.0000,14,B,10.6500,10.6400,10.6300,10.6200,10.6100,10.6600,10.6700,10.6800,10.6900,10.7000,676,160,746,472,307,243,128,253,286,248
SZ,002375,2017-01-03 09:50:09,10.6600,5,111930.0000,105,B,10.6500,10.6400,10.6300,10.6200,10.6100,10.6600,10.6700,10.6800,10.6900,10.7000,676,160,746,472,307,128,128,253,286,248
SZ,002375,2017-01-03 09:50:12,10.6600,8,83141.0000,78,B,10.6500,10.6400,10.6300,10.6200,10.6100,10.6600,10.6700,10.6800,10.6900,10.7000,669,160,746,472,307,95,128,253,286,248
SZ,002375,2017-01-03 09:50:18,10.6600,2,5330.0000,5,B,10.6500,10.6400,10.6300,10.6200,10.6100,10.6600,10.6700,10.6800,10.6900,10.7000,669,160,746,437,307,90,128,253,286,248
SZ,002375,2017-01-03 09:50:21,10.6600,5,95940.0000,90,B,10.6600,10.6500,10.6400,10.6300,10.6200,10.6700,10.6800,10.6900,10.7000,10.7100,10,669,160,746,437,128,253,286,248,20
SZ,002375,2017-01-03 09:50:24,10.6700,1,5335.0000,5,B,10.6600,10.6500,10.6400,10.6300,10.6200,10.6700,10.6800,10.6900,10.7000,10.7100,10,669,160,746,437,123,253,286,248,20
SZ,002375,2017-01-03 09:50:33,10.6600,3,27716.0000,26,S,10.6500,10.6400,10.6300,10.6200,10.6100,10.6600,10.6700,10.6800,10.6900,10.7000,669,160,746,437,311,763,123,253,286,254
SZ,002375,2017-01-03 09:50:36,10.6600,2,17056.0000,16,B,10.6500,10.6400,10.6300,10.6200,10.6100,10.6600,10.6700,10.6800,10.6900,10.7000,669,160,746,437,311,747,123,253,290,254
SZ,002375,2017-01-03 09:50:39,10.6600,1,3198.0000,3,B,10.6500,10.6400,10.6300,10.6200,10.6100,10.6600,10.6700,10.6800,10.6900,10.7000,669,160,746,437,311,744,123,253,290,254
SZ,002375,2017-01-03 09:50:42,10.6500,1,8520.0000,8,S,10.6500,10.6400,10.6300,10.6200,10.6100,10.6600,10.6700,10.6800,10.6900,10.7000,661,162,746,437,311,744,123,270,290,254
SZ,002375,2017-01-03 09:50:48,10.6500,1,652845.0000,613,S,10.6500,10.6400,10.6300,10.6200,10.6100,10.6600,10.6700,10.6800,10.6900,10.7000,48,162,746,437,311,744,123,270,290,254
SZ,002375,2017-01-03 09:50:51,10.6600,1,10660.0000,10,B,10.6500,10.6400,10.6300,10.6200,10.6100,10.6600,10.6700,10.6800,10.6900,10.7000,48,162,746,437,311,734,123,270,290,254
SZ,002375,2017-01-03 09:50:54,10.6600,1,5330.0000,5,B,10.6500,10.6400,10.6300,10.6200,10.6100,10.6600,10.6700,10.6800,10.6900,10.7000,48,162,746,437,311,729,123,270,290,254
SZ,002375,2017-01-03 09:50:57,10.6600,1,1066.0000,1,B,10.6500,10.6400,10.6300,10.6200,10.6100,10.6600,10.6700,10.6800,10.6900,10.7000,48,162,746,437,311,728,123,270,290,254
SZ,002375,2017-01-03 09:51:00,10.6600,1,1066.0000,1,B,10.6500,10.6400,10.6300,10.6200,10.6100,10.6600,10.6700,10.6800,10.6900,10.7000,48,162,746,437,311,727,123,270,290,254
SZ,002375,2017-01-03 09:51:09,10.6500,1,31950.0000,30,S,10.6500,10.6400,10.6300,10.6200,10.6100,10.6600,10.6700,10.6800,10.6900,10.7000,18,162,746,437,304,727,123,270,290,254
SZ,002375,2017-01-03 09:51:12,10.6500,3,18105.0000,17,S,10.6600,10.6500,10.6400,10.6300,10.6200,10.6700,10.6800,10.6900,10.7000,10.7100,12,1,170,746,437,123,233,290,254,20
SZ,002375,2017-01-03 09:51:18,10.6600,1,12792.0000,12,S,10.6500,10.6400,10.6300,10.6200,10.6100,10.6600,10.6700,10.6800,10.6900,10.7000,1,170,746,437,284,715,123,233,290,254
SZ,002375,2017-01-03 09:51:27,10.6600,1,10660.0000,10,B,10.6500,10.6400,10.6300,10.6200,10.6100,10.6600,10.6700,10.6800,10.6900,10.7000,1,170,719,437,284,712,123,223,290,254
SZ,002375,2017-01-03 09:51:39,10.6400,3,59625.0000,56,S,10.6400,10.6300,10.6200,10.6100,10.6000,10.6600,10.6700,10.6800,10.6900,10.7000,135,719,437,284,442,58,123,223,290,254
SZ,002375,2017-01-03 09:51:42,10.6400,1,7448.0000,7,S,10.6400,10.6300,10.6200,10.6100,10.6000,10.6500,10.6600,10.6700,10.6800,10.6900,210,719,437,284,442,17,58,123,223,290
SZ,002375,2017-01-03 09:51:48,10.6500,1,1065.0000,1,B,10.6400,10.6300,10.6200,10.6100,10.6000,10.6600,10.6700,10.6800,10.6900,10.7000,210,719,437,284,442,70,123,223,290,254
SZ,002375,2017-01-03 09:51:51,10.6300,7,728373.0000,685,S,10.6300,10.6200,10.6100,10.6000,10.5900,10.6600,10.6700,10.6800,10.6900,10.7000,248,437,284,442,212,70,143,223,290,254
SZ,002375,2017-01-03 09:52:03,10.6300,1,21260.0000,20,S,10.6300,10.6200,10.6100,10.6000,10.5900,10.6600,10.6700,10.6800,10.6900,10.7000,256,437,284,442,212,170,128,223,290,254
SZ,002375,2017-01-03 09:52:06,10.6600,3,53300.0000,50,B,10.6300,10.6200,10.6100,10.6000,10.5900,10.6600,10.6700,10.6800,10.6900,10.7000,256,433,284,442,212,120,128,223,290,254
SZ,002375,2017-01-03 09:52:12,10.6400,1,1064.0000,1,S,10.6300,10.6200,10.6100,10.6000,10.5900,10.6400,10.6500,10.6600,10.6700,10.6800,256,433,284,442,212,6,22,120,136,223
SZ,002375,2017-01-03 09:52:27,10.6400,1,5320.0000,5,B,10.6300,10.6200,10.6100,10.6000,10.5900,10.6400,10.6500,10.6600,10.6700,10.6800,266,433,284,452,212,1,22,142,146,223
SZ,002375,2017-01-03 09:52:33,10.6400,1,1064.0000,1,B,10.6400,10.6300,10.6200,10.6100,10.6000,10.6500,10.6600,10.6700,10.6800,10.6900,19,266,433,284,452,42,142,146,223,290
SZ,002375,2017-01-03 09:52:42,10.6400,1,8512.0000,8,S,10.6400,10.6300,10.6200,10.6100,10.6000,10.6500,10.6600,10.6700,10.6800,10.6900,41,282,433,284,452,42,177,176,223,290
SZ,002375,2017-01-03 09:52:57,10.6500,3,33015.0000,31,B,10.6400,10.6300,10.6200,10.6100,10.6000,10.6500,10.6600,10.6700,10.6800,10.6900,61,290,433,284,452,16,173,196,223,290
SZ,002375,2017-01-03 09:53:00,10.6500,1,5325.0000,5,B,10.6400,10.6300,10.6200,10.6100,10.6000,10.6500,10.6600,10.6700,10.6800,10.6900,61,290,433,284,452,11,173,196,223,290
SZ,002375,2017-01-03 09:53:06,10.6400,1,4256.0000,4,S,10.6400,10.6300,10.6200,10.6100,10.6000,10.6500,10.6600,10.6700,10.6800,10.6900,58,290,433,284,452,11,173,196,223,290
SZ,002375,2017-01-03 09:53:12,10.6400,1,7448.0000,7,S,10.6400,10.6300,10.6200,10.6100,10.6000,10.6500,10.6600,10.6700,10.6800,10.6900,51,350,433,284,452,11,173,176,223,290
SZ,002375,2017-01-03 09:53:24,10.6500,1,5325.0000,5,B,10.6400,10.6300,10.6200,10.6100,10.6000,10.6600,10.6700,10.6800,10.6900,10.7000,51,350,433,284,452,173,176,223,290,264
SZ,002375,2017-01-03 09:53:39,10.6600,2,14911.0000,14,B,10.6500,10.6400,10.6300,10.6200,10.6100,10.6600,10.6700,10.6800,10.6900,10.7000,37,51,350,453,284,172,176,223,290,264
SZ,002375,2017-01-03 09:53:42,10.6500,1,7455.0000,7,S,10.6500,10.6400,10.6300,10.6200,10.6100,10.6600,10.6700,10.6800,10.6900,10.7000,30,51,350,453,284,172,176,223,290,264
SZ,002375,2017-01-03 09:53:54,10.6500,1,9585.0000,9,S,10.6500,10.6400,10.6300,10.6200,10.6100,10.6600,10.6700,10.6800,10.6900,10.7000,22,51,350,453,284,372,176,233,290,264
SZ,002375,2017-01-03 09:53:57,10.6500,3,20235.0000,19,S,10.6500,10.6400,10.6300,10.6200,10.6100,10.6600,10.6700,10.6800,10.6900,10.7000,3,51,350,453,284,372,176,233,290,264
SZ,002375,2017-01-03 09:54:00,10.6500,2,3195.0000,3,S,10.6400,10.6300,10.6200,10.6100,10.6000,10.6500,10.6600,10.6700,10.6800,10.6900,51,350,453,284,452,7,372,176,233,290
SZ,002375,2017-01-03 09:54:12,10.6500,3,12773.0000,12,B,10.6400,10.6300,10.6200,10.6100,10.6000,10.6500,10.6600,10.6700,10.6800,10.6900,44,350,453,284,455,7,382,176,233,290
SZ,002375,2017-01-03 09:54:18,10.6500,1,1065.0000,1,B,10.6400,10.6300,10.6200,10.6100,10.6000,10.6500,10.6600,10.6700,10.6800,10.6900,44,360,453,284,455,6,382,176,233,290
SZ,002375,2017-01-03 09:54:42,10.6400,4,19162.0000,18,S,10.6400,10.6300,10.6200,10.6100,10.6000,10.6500,10.6600,10.6700,10.6800,10.6900,147,360,453,284,455,113,382,146,233,290
SZ,002375,2017-01-03 09:54:45,10.6500,2,4260.0000,4,B,10.6400,10.6300,10.6200,10.6100,10.6000,10.6500,10.6600,10.6700,10.6800,10.6900,147,360,453,284,425,109,382,146,233,290
SZ,002375,2017-01-03 09:54:57,10.6500,1,1065.0000,1,B,10.6400,10.6300,10.6200,10.6100,10.6000,10.6500,10.6600,10.6700,10.6800,10.6900,147,360,453,284,425,123,382,146,233,290
SZ,002375,2017-01-03 09:55:06,10.6500,1,2130.0000,2,B,10.6400,10.6300,10.6200,10.6100,10.6000,10.6500,10.6600,10.6700,10.6800,10.6900,147,360,453,284,425,121,382,316,223,290
SZ,002375,2017-01-03 09:55:12,10.6400,1,7448.0000,7,S,10.6400,10.6300,10.6200,10.6100,10.6000,10.6500,10.6600,10.6700,10.6800,10.6900,140,360,453,284,425,131,382,316,223,290
SZ,002375,2017-01-03 09:55:27,10.6500,1,5325.0000,5,B,10.6400,10.6300,10.6200,10.6100,10.6000,10.6500,10.6600,10.6700,10.6800,10.6900,142,360,453,284,425,141,382,316,223,290
SZ,002375,2017-01-03 09:55:30,10.6500,2,56445.0000,53,B,10.6400,10.6300,10.6200,10.6100,10.6000,10.6500,10.6600,10.6700,10.6800,10.6900,142,360,453,284,425,88,382,316,223,290
SZ,002375,2017-01-03 09:55:42,10.6400,1,7448.0000,7,S,10.6400,10.6300,10.6200,10.6100,10.6000,10.6500,10.6600,10.6700,10.6800,10.6900,98,353,453,284,425,98,382,296,223,290
SZ,002375,2017-01-03 09:56:03,10.6500,1,21300.0000,20,B,10.6400,10.6300,10.6200,10.6100,10.6000,10.6500,10.6600,10.6700,10.6800,10.6900,98,353,453,284,410,88,382,296,256,290
SZ,002375,2017-01-03 09:56:12,10.6400,2,7448.0000,7,S,10.6400,10.6300,10.6200,10.6100,10.6000,10.6500,10.6600,10.6700,10.6800,10.6900,91,343,453,284,410,88,382,296,256,290
SZ,002375,2017-01-03 09:56:15,10.6500,1,1065.0000,1,B,10.6400,10.6300,10.6200,10.6100,10.6000,10.6500,10.6600,10.6700,10.6800,10.6900,91,343,453,284,410,87,366,296,256,304
SZ,002375,2017-01-03 09:56:18,10.6400,1,10640.0000,10,S,10.6400,10.6300,10.6200,10.6100,10.6000,10.6500,10.6600,10.6700,10.6800,10.6900,81,343,453,284,410,87,366,296,256,304
SZ,002375,2017-01-03 09:56:21,10.6400,1,2128.0000,2,S,10.6400,10.6300,10.6200,10.6100,10.6000,10.6500,10.6600,10.6700,10.6800,10.6900,79,382,453,284,410,117,383,296,256,304
SZ,002375,2017-01-03 09:56:33,10.6400,1,1064.0000,1,S,10.6400,10.6300,10.6200,10.6100,10.6000,10.6500,10.6600,10.6700,10.6800,10.6900,121,382,453,284,410,117,383,507,256,304
SZ,002375,2017-01-03 09:56:36,10.6500,1,4260.0000,4,B,10.6400,10.6300,10.6200,10.6100,10.6000,10.6500,10.6600,10.6700,10.6800,10.6900,121,382,453,284,410,113,383,507,256,304
SZ,002375,2017-01-03 09:56:39,10.6500,2,23430.0000,22,B,10.6400,10.6300,10.6200,10.6100,10.6000,10.6500,10.6600,10.6700,10.6800,10.6900,121,382,453,291,410,95,383,507,256,304
SZ,002375,2017-01-03 09:56:42,10.6500,6,18097.0000,17,B,10.6400,10.6300,10.6200,10.6100,10.6000,10.6500,10.6600,10.6700,10.6800,10.6900,113,382,453,291,410,86,383,507,256,304
SZ,002375,2017-01-03 09:56:48,10.6500,1,1065.0000,1,B,10.6400,10.6300,10.6200,10.6100,10.6000,10.6500,10.6600,10.6700,10.6800,10.6900,113,382,453,291,410,85,383,507,256,304
SZ,002375,2017-01-03 09:56:54,10.6500,2,8520.0000,8,B,10.6400,10.6300,10.6200,10.6100,10.6000,10.6500,10.6600,10.6700,10.6800,10.6900,113,382,453,291,410,77,383,507,256,304
SZ,002375,2017-01-03 09:56:57,10.6500,1,1065.0000,1,B,10.6400,10.6300,10.6200,10.6100,10.6000,10.6500,10.6600,10.6700,10.6800,10.6900,113,382,453,291,410,76,383,507,256,304
SZ,002375,2017-01-03 09:57:00,10.6500,8,96915.0000,91,B,10.6500,10.6400,10.6300,10.6200,10.6100,10.6600,10.6700,10.6800,10.6900,10.7000,28,113,382,453,291,383,507,256,304,264
SZ,002375,2017-01-03 09:57:12,10.6500,1,7455.0000,7,S,10.6500,10.6400,10.6300,10.6200,10.6100,10.6600,10.6700,10.6800,10.6900,10.7000,21,113,392,453,291,463,507,256,304,264
SZ,002375,2017-01-03 09:57:39,10.6500,3,75615.0000,71,S,10.6400,10.6300,10.6200,10.6100,10.6000,10.6500,10.6600,10.6700,10.6800,10.6900,113,353,453,291,410,57,463,507,256,304
SZ,002375,2017-01-03 09:57:42,10.6500,2,12773.0000,12,B,10.6400,10.6300,10.6200,10.6100,10.6000,10.6500,10.6600,10.6700,10.6800,10.6900,106,353,453,291,410,72,463,507,256,304
SZ,002375,2017-01-03 09:57:45,10.6500,1,2130.0000,2,B,10.6400,10.6300,10.6200,10.6100,10.6000,10.6500,10.6600,10.6700,10.6800,10.6900,106,353,453,291,410,70,463,507,256,304
SZ,002375,2017-01-03 09:58:06,10.6500,1,1065.0000,1,B,10.6400,10.6300,10.6200,10.6100,10.6000,10.6500,10.6600,10.6700,10.6800,10.6900,106,353,453,291,410,480,463,507,256,304
SZ,002375,2017-01-03 09:58:12,10.6400,1,7448.0000,7,S,10.6400,10.6300,10.6200,10.6100,10.6000,10.6500,10.6600,10.6700,10.6800,10.6900,110,353,453,291,410,501,463,507,256,304
SZ,002375,2017-01-03 09:58:21,10.6500,1,5325.0000,5,B,10.6400,10.6300,10.6200,10.6100,10.6000,10.6500,10.6600,10.6700,10.6800,10.6900,99,353,453,291,410,506,463,507,256,304
SZ,002375,2017-01-03 09:58:27,10.6400,1,22344.0000,21,S,10.6400,10.6300,10.6200,10.6100,10.6000,10.6500,10.6600,10.6700,10.6800,10.6900,78,364,453,291,410,485,463,507,267,304
SZ,002375,2017-01-03 09:58:42,10.6400,1,8512.0000,8,S,10.6400,10.6300,10.6200,10.6100,10.6000,10.6500,10.6600,10.6700,10.6800,10.6900,71,410,453,291,410,485,513,507,257,304
SZ,002375,2017-01-03 09:58:45,10.6500,1,5325.0000,5,B,10.6400,10.6300,10.6200,10.6100,10.6000,10.6500,10.6600,10.6700,10.6800,10.6900,71,410,453,291,410,480,513,507,257,304
SZ,002375,2017-01-03 09:59:00,10.6500,1,1065.0000,1,B,10.6400,10.6300,10.6200,10.6100,10.6000,10.6500,10.6600,10.6700,10.6800,10.6900,71,441,453,291,410,479,513,507,257,304
SZ,002375,2017-01-03 09:59:03,10.6500,1,5325.0000,5,B,10.6400,10.6300,10.6200,10.6100,10.6000,10.6500,10.6600,10.6700,10.6800,10.6900,71,441,453,291,410,474,513,507,257,304
SZ,002375,2017-01-03 09:59:06,10.6400,1,1064.0000,1,S,10.6400,10.6300,10.6200,10.6100,10.6000,10.6500,10.6600,10.6700,10.6800,10.6900,70,441,453,291,410,474,513,507,257,304
SZ,002375,2017-01-03 09:59:12,10.6400,1,7448.0000,7,S,10.6400,10.6300,10.6200,10.6100,10.6000,10.6500,10.6600,10.6700,10.6800,10.6900,100,441,453,291,410,474,496,507,257,304
SZ,002375,2017-01-03 09:59:42,10.6500,2,14903.0000,14,B,10.6400,10.6300,10.6200,10.6100,10.6000,10.6500,10.6600,10.6700,10.6800,10.6900,118,441,453,291,410,467,496,497,257,304
SZ,002375,2017-01-03 09:59:45,10.6400,1,3192.0000,3,S,10.6400,10.6300,10.6200,10.6100,10.6000,10.6500,10.6600,10.6700,10.6800,10.6900,115,441,453,291,410,467,496,497,257,304
SZ,002375,2017-01-03 10:00:12,10.6400,4,28748.0000,27,S,10.6400,10.6300,10.6200,10.6100,10.6000,10.6500,10.6600,10.6700,10.6800,10.6900,168,441,453,293,410,447,496,497,257,304
SZ,002375,2017-01-03 10:00:15,10.6500,1,4260.0000,4,B,10.6400,10.6300,10.6200,10.6100,10.6000,10.6500,10.6600,10.6700,10.6800,10.6900,168,441,453,293,410,443,496,497,257,304
SZ,002375,2017-01-03 10:00:18,10.6500,2,3195.0000,3,B,10.6400,10.6300,10.6200,10.6100,10.6000,10.6500,10.6600,10.6700,10.6800,10.6900,168,441,453,293,410,440,496,497,257,304
SZ,002375,2017-01-03 10:00:36,10.6500,1,1065.0000,1,B,10.6400,10.6300,10.6200,10.6100,10.6000,10.6500,10.6600,10.6700,10.6800,10.6900,153,441,453,293,410,443,474,497,257,304
SZ,002375,2017-01-03 10:00:42,10.6400,2,8512.0000,8,S,10.6400,10.6300,10.6200,10.6100,10.6000,10.6500,10.6600,10.6700,10.6800,10.6900,145,441,453,293,410,443,474,497,257,304
SZ,002375,2017-01-03 10:00:51,10.6500,2,74550.0000,70,B,10.6400,10.6300,10.6200,10.6100,10.6000,10.6500,10.6600,10.6700,10.6800,10.6900,145,441,453,293,410,373,474,497,257,304
SZ,002375,2017-01-03 10:01:00,10.6500,1,1065.0000,1,B,10.6400,10.6300,10.6200,10.6100,10.6000,10.6500,10.6600,10.6700,10.6800,10.6900,145,441,453,293,410,372,474,497,257,304
SZ,002375,2017-01-03 10:01:12,10.6400,1,7448.0000,7,S,10.6400,10.6300,10.6200,10.6100,10.6000,10.6500,10.6600,10.6700,10.6800,10.6900,138,441,453,293,410,372,474,497,257,304
SZ,002375,2017-01-03 10:01:24,10.6500,1,1065.0000,1,B,10.6400,10.6300,10.6200,10.6100,10.6000,10.6500,10.6600,10.6700,10.6800,10.6900,138,441,453,293,410,371,474,497,257,304
SZ,002375,2017-01-03 10:01:27,10.6500,1,5325.0000,5,B,10.6400,10.6300,10.6200,10.6100,10.6000,10.6500,10.6600,10.6700,10.6800,10.6900,138,441,453,293,410,366,474,497,257,304
SZ,002375,2017-01-03 10:01:30,10.6400,1,10640.0000,10,S,10.6400,10.6300,10.6200,10.6100,10.6000,10.6500,10.6600,10.6700,10.6800,10.6900,128,441,453,293,410,366,474,497,257,304
SZ,002375,2017-01-03 10:01:36,10.6500,1,1065.0000,1,B,10.6400,10.6300,10.6200,10.6100,10.6000,10.6500,10.6600,10.6700,10.6800,10.6900,128,441,453,293,410,365,474,497,257,304
SZ,002375,2017-01-03 10:01:42,10.6400,3,7448.0000,7,S,10.6400,10.6300,10.6200,10.6100,10.6000,10.6500,10.6600,10.6700,10.6800,10.6900,121,441,453,293,410,365,491,497,257,304
SZ,002375,2017-01-03 10:01:57,10.6400,1,12768.0000,12,S,10.6400,10.6300,10.6200,10.6100,10.6000,10.6500,10.6600,10.6700,10.6800,10.6900,109,451,453,293,410,365,491,497,257,304
SZ,002375,2017-01-03 10:02:00,10.6400,4,53200.0000,50,S,10.6400,10.6300,10.6200,10.6100,10.6000,10.6500,10.6600,10.6700,10.6800,10.6900,59,451,453,293,410,385,491,497,257,304
SZ,002375,2017-01-03 10:02:06,10.6400,2,32984.0000,31,S,10.6400,10.6300,10.6200,10.6100,10.6000,10.6500,10.6600,10.6700,10.6800,10.6900,28,451,453,293,410,385,491,485,257,304
SZ,002375,2017-01-03 10:02:12,10.6400,1,7448.0000,7,S,10.6400,10.6300,10.6200,10.6100,10.6000,10.6500,10.6600,10.6700,10.6800,10.6900,21,451,453,293,410,385,491,485,257,304
SZ,002375,2017-01-03 10:02:15,10.6400,1,4256.0000,4,S,10.6400,10.6300,10.6200,10.6100,10.6000,10.6500,10.6600,10.6700,10.6800,10.6900,17,451,453,293,410,385,491,485,257,304
SZ,002375,2017-01-03 10:02:39,10.6500,1,5325.0000,5,B,10.6400,10.6300,10.6200,10.6100,10.6000,10.6500,10.6600,10.6700,10.6800,10.6900,17,438,453,293,410,380,491,485,257,324
SZ,002375,2017-01-03 10:02:42,10.6400,2,8512.0000,8,S,10.6400,10.6300,10.6200,10.6100,10.6000,10.6500,10.6600,10.6700,10.6800,10.6900,9,438,453,293,410,370,491,485,257,324
SZ,002375,2017-01-03 10:02:54,10.6400,1,9576.0000,9,S,10.6300,10.6200,10.6100,10.6000,10.5900,10.6400,10.6500,10.6600,10.6700,10.6800,438,453,293,407,170,1,370,491,505,257
SZ,002375,2017-01-03 10:03:00,10.6400,1,1064.0000,1,B,10.6300,10.6200,10.6100,10.6000,10.5900,10.6500,10.6600,10.6700,10.6800,10.6900,438,453,283,407,170,387,491,505,257,324
SZ,002375,2017-01-03 10:03:12,10.6300,1,7441.0000,7,S,10.6300,10.6200,10.6100,10.6000,10.5900,10.6500,10.6600,10.6700,10.6800,10.6900,431,453,283,407,170,406,491,505,257,324
SZ,002375,2017-01-03 10:03:21,10.6500,1,74550.0000,70,B,10.6400,10.6300,10.6200,10.6100,10.6000,10.6500,10.6600,10.6700,10.6800,10.6900,20,431,453,283,407,336,441,505,257,324
SZ,002375,2017-01-03 10:03:42,10.6400,2,113948.0000,107,S,10.6400,10.6300,10.6200,10.6100,10.6000,10.6500,10.6600,10.6700,10.6800,10.6900,13,433,453,283,407,236,441,505,257,324
SZ,002375,2017-01-03 10:04:06,10.6400,1,9576.0000,9,S,10.6400,10.6300,10.6200,10.6100,10.6000,10.6500,10.6600,10.6700,10.6800,10.6900,253,433,453,283,407,334,441,505,257,324
SZ,002375,2017-01-03 10:04:09,10.6500,1,5325.0000,5,B,10.6400,10.6300,10.6200,10.6100,10.6000,10.6500,10.6600,10.6700,10.6800,10.6900,440,433,453,283,407,329,441,505,257,324
SZ,002375,2017-01-03 10:04:12,10.6400,3,104272.0000,98,S,10.6400,10.6300,10.6200,10.6100,10.6000,10.6500,10.6600,10.6700,10.6800,10.6900,342,433,453,283,407,332,441,505,257,324
SZ,002375,2017-01-03 10:04:27,10.6500,1,9585.0000,9,B,10.6400,10.6300,10.6200,10.6100,10.6000,10.6500,10.6600,10.6700,10.6800,10.6900,342,433,453,283,407,332,441,505,257,324
SZ,002375,2017-01-03 10:04:30,10.6400,1,15960.0000,15,S,10.6400,10.6300,10.6200,10.6100,10.6000,10.6500,10.6600,10.6700,10.6800,10.6900,327,433,453,283,407,332,441,505,257,324
SZ,002375,2017-01-03 10:04:33,10.6400,1,127680.0000,120,S,10.6400,10.6300,10.6200,10.6100,10.6000,10.6500,10.6600,10.6700,10.6800,10.6900,207,433,453,283,407,332,441,505,257,324
SZ,002375,2017-01-03 10:04:39,10.6400,1,1064.0000,1,S,10.6400,10.6300,10.6200,10.6100,10.6000,10.6500,10.6600,10.6700,10.6800,10.6900,206,433,453,283,407,332,441,505,257,324
SZ,002375,2017-01-03 10:04:42,10.6400,2,13832.0000,13,S,10.6400,10.6300,10.6200,10.6100,10.6000,10.6500,10.6600,10.6700,10.6800,10.6900,193,433,453,283,407,332,441,505,257,324
SZ,002375,2017-01-03 10:05:00,10.6500,1,1065.0000,1,B,10.6400,10.6300,10.6200,10.6100,10.6000,10.6500,10.6600,10.6700,10.6800,10.6900,193,433,453,283,407,331,459,505,257,324
SZ,002375,2017-01-03 10:05:03,10.6500,1,6390.0000,6,B,10.6400,10.6300,10.6200,10.6100,10.6000,10.6500,10.6600,10.6700,10.6800,10.6900,193,433,453,283,407,325,459,505,257,324
SZ,002375,2017-01-03 10:05:12,10.6400,2,7448.0000,7,S,10.6400,10.6300,10.6200,10.6100,10.6000,10.6500,10.6600,10.6700,10.6800,10.6900,186,433,453,283,407,345,459,505,257,324
SZ,002375,2017-01-03 10:05:21,10.6500,1,5325.0000,5,B,10.6400,10.6300,10.6200,10.6100,10.6000,10.6500,10.6600,10.6700,10.6800,10.6900,186,433,453,283,407,335,459,495,257,324
SZ,002375,2017-01-03 10:05:42,10.6400,1,7448.0000,7,S,10.6400,10.6300,10.6200,10.6100,10.6000,10.6500,10.6600,10.6700,10.6800,10.6900,180,433,453,276,407,335,459,505,257,324
SZ,002375,2017-01-03 10:05:45,10.6400,1,35112.0000,33,S,10.6400,10.6300,10.6200,10.6100,10.6000,10.6500,10.6600,10.6700,10.6800,10.6900,147,433,453,276,407,335,459,505,257,324
SZ,002375,2017-01-03 10:05:48,10.6400,1,10640.0000,10,S,10.6400,10.6300,10.6200,10.6100,10.6000,10.6500,10.6600,10.6700,10.6800,10.6900,142,433,453,276,407,335,459,505,257,324
SZ,002375,2017-01-03 10:06:12,10.6400,1,8512.0000,8,S,10.6400,10.6300,10.6200,10.6100,10.6000,10.6500,10.6600,10.6700,10.6800,10.6900,155,433,453,276,407,335,459,505,257,324
SZ,002375,2017-01-03 10:06:24,10.6500,1,10650.0000,10,B,10.6400,10.6300,10.6200,10.6100,10.6000,10.6500,10.6600,10.6700,10.6800,10.6900,157,433,453,276,417,521,459,465,257,324
SZ,002375,2017-01-03 10:06:27,10.6400,1,4256.0000,4,S,10.6400,10.6300,10.6200,10.6100,10.6000,10.6500,10.6600,10.6700,10.6800,10.6900,153,433,453,276,417,521,459,465,257,324
SZ,002375,2017-01-03 10:06:33,10.6500,1,4260.0000,4,B,10.6400,10.6300,10.6200,10.6100,10.6000,10.6500,10.6600,10.6700,10.6800,10.6900,153,433,453,276,417,517,459,465,257,324
SZ,002375,2017-01-03 10:06:36,10.6500,1,4260.0000,4,B,10.6400,10.6300,10.6200,10.6100,10.6000,10.6500,10.6600,10.6700,10.6800,10.6900,153,433,453,276,417,513,459,465,257,324
SZ,002375,2017-01-03 10:06:42,10.6400,2,12773.0000,12,S,10.6400,10.6300,10.6200,10.6100,10.6000,10.6500,10.6600,10.6700,10.6800,10.6900,146,433,453,276,417,508,459,465,257,324
SZ,002375,2017-01-03 10:06:45,10.6400,1,53200.0000,50,S,10.6400,10.6300,10.6200,10.6100,10.6000,10.6500,10.6600,10.6700,10.6800,10.6900,96,433,453,276,417,508,459,465,257,324
SZ,002375,2017-01-03 10:06:48,10.6500,1,1065.0000,1,B,10.6400,10.6300,10.6200,10.6100,10.6000,10.6500,10.6600,10.6700,10.6800,10.6900,96,433,453,276,417,507,459,465,257,324
SZ,002375,2017-01-03 10:07:00,10.6500,1,1065.0000,1,B,10.6400,10.6300,10.6200,10.6100,10.6000,10.6500,10.6600,10.6700,10.6800,10.6900,98,433,453,276,417,516,459,465,257,324
SZ,002375,2017-01-03 10:07:12,10.6400,2,12773.0000,12,S,10.6400,10.6300,10.6200,10.6100,10.6000,10.6500,10.6600,10.6700,10.6800,10.6900,106,433,453,276,417,511,459,465,257,324
SZ,002375,2017-01-03 10:07:15,10.6400,1,10640.0000,10,S,10.6400,10.6300,10.6200,10.6100,10.6000,10.6500,10.6600,10.6700,10.6800,10.6900,96,426,453,276,417,511,459,465,257,324
SZ,002375,2017-01-03 10:07:30,10.6500,1,14910.0000,14,B,10.6400,10.6300,10.6200,10.6100,10.6000,10.6500,10.6600,10.6700,10.6800,10.6900,100,426,453,276,417,480,459,465,257,324
SZ,002375,2017-01-03 10:07:33,10.6500,1,1065.0000,1,B,10.6400,10.6300,10.6200,10.6100,10.6000,10.6500,10.6600,10.6700,10.6800,10.6900,100,426,453,276,417,479,459,465,257,324
SZ,002375,2017-01-03 10:07:36,10.6500,1,1065.0000,1,B,10.6400,10.6300,10.6200,10.6100,10.6000,10.6500,10.6600,10.6700,10.6800,10.6900,100,426,453,276,417,478,459,465,257,324
SZ,002375,2017-01-03 10:07:39,10.6500,1,4260.0000,4,B,10.6400,10.6300,10.6200,10.6100,10.6000,10.6500,10.6600,10.6700,10.6800,10.6900,100,426,453,276,417,474,459,465,257,324
SZ,002375,2017-01-03 10:07:42,10.6400,2,17033.0000,16,S,10.6400,10.6300,10.6200,10.6100,10.6000,10.6500,10.6600,10.6700,10.6800,10.6900,93,426,453,276,417,465,459,465,257,324
SZ,002375,2017-01-03 10:07:51,10.6500,1,1065.0000,1,B,10.6400,10.6300,10.6200,10.6100,10.6000,10.6500,10.6600,10.6700,10.6800,10.6900,93,426,453,276,417,464,468,465,257,324
SZ,002375,2017-01-03 10:08:12,10.6400,2,18097.0000,17,S,10.6400,10.6300,10.6200,10.6100,10.6000,10.6500,10.6600,10.6700,10.6800,10.6900,140,426,453,276,417,482,468,465,257,324
SZ,002375,2017-01-03 10:08:30,10.6400,1,21280.0000,20,S,10.6400,10.6300,10.6200,10.6100,10.6000,10.6500,10.6600,10.6700,10.6800,10.6900,120,426,453,274,417,486,485,465,257,324
SZ,002375,2017-01-03 10:08:42,10.6400,2,8513.0000,8,S,10.6400,10.6300,10.6200,10.6100,10.6000,10.6500,10.6600,10.6700,10.6800,10.6900,153,426,453,274,417,525,468,465,257,324
SZ,002375,2017-01-03 10:08:45,10.6500,1,5325.0000,5,B,10.6400,10.6300,10.6200,10.6100,10.6000,10.6500,10.6600,10.6700,10.6800,10.6900,153,426,453,274,417,520,468,465,257,324
SZ,002375,2017-01-03 10:08:51,10.6500,6,32985.0000,31,B,10.6400,10.6300,10.6200,10.6100,10.6000,10.6500,10.6600,10.6700,10.6800,10.6900,123,426,453,274,417,519,468,465,257,324
SZ,002375,2017-01-03 10:09:03,10.6500,1,1065.0000,1,B,10.6400,10.6300,10.6200,10.6100,10.6000,10.6500,10.6600,10.6700,10.6800,10.6900,123,426,453,274,417,528,468,467,257,324
SZ,002375,2017-01-03 10:09:12,10.6400,1,7448.0000,7,S,10.6400,10.6300,10.6200,10.6100,10.6000,10.6500,10.6600,10.6700,10.6800,10.6900,127,426,453,277,417,528,468,467,257,324
SZ,002375,2017-01-03 10:09:33,10.6400,2,14896.0000,14,S,10.6400,10.6300,10.6200,10.6100,10.6000,10.6500,10.6600,10.6700,10.6800,10.6900,127,426,453,277,417,528,483,467,257,324
SZ,002375,2017-01-03 10:09:42,10.6400,2,7448.0000,7,S,10.6400,10.6300,10.6200,10.6100,10.6000,10.6500,10.6600,10.6700,10.6800,10.6900,120,426,453,277,417,528,483,467,277,324
SZ,002375,2017-01-03 10:09:51,10.6400,1,4256.0000,4,S,10.6400,10.6300,10.6200,10.6100,10.6000,10.6500,10.6600,10.6700,10.6800,10.6900,116,426,453,277,417,524,483,467,277,324
SZ,002375,2017-01-03 10:09:57,10.6500,1,1065.0000,1,B,10.6400,10.6300,10.6200,10.6100,10.6000,10.6500,10.6600,10.6700,10.6800,10.6900,196,426,453,277,417,523,483,467,277,324
SZ,002375,2017-01-03 10:10:00,10.6500,1,4260.0000,4,B,10.6400,10.6300,10.6200,10.6100,10.6000,10.6500,10.6600,10.6700,10.6800,10.6900,196,426,453,277,417,519,483,467,277,324
SZ,002375,2017-01-03 10:10:12,10.6400,1,8512.0000,8,S,10.6400,10.6300,10.6200,10.6100,10.6000,10.6500,10.6600,10.6700,10.6800,10.6900,186,426,453,277,454,519,489,467,267,324
SZ,002375,2017-01-03 10:10:15,10.6500,8,216195.0000,203,B,10.6400,10.6300,10.6200,10.6100,10.6000,10.6500,10.6600,10.6700,10.6800,10.6900,186,426,453,277,454,316,489,467,267,324
SZ,002375,2017-01-03 10:10:21,10.6400,1,12768.0000,12,S,10.6400,10.6300,10.6200,10.6100,10.6000,10.6500,10.6600,10.6700,10.6800,10.6900,174,426,453,277,454,316,489,467,267,324
SZ,002375,2017-01-03 10:10:42,10.6400,2,9576.0000,9,S,10.6400,10.6300,10.6200,10.6100,10.6000,10.6500,10.6600,10.6700,10.6800,10.6900,180,426,453,277,454,316,489,467,267,324
SZ,002375,2017-01-03 10:10:57,10.6500,1,6390.0000,6,B,10.6400,10.6300,10.6200,10.6100,10.6000,10.6500,10.6600,10.6700,10.6800,10.6900,185,426,453,277,454,310,489,467,267,324
SZ,002375,2017-01-03 10:11:03,10.6500,2,1065.0000,1,B,10.6400,10.6300,10.6200,10.6100,10.6000,10.6500,10.6600,10.6700,10.6800,10.6900,185,426,453,277,454,309,489,297,267,324
SZ,002375,2017-01-03 10:11:06,10.6500,2,5325.0000,5,B,10.6400,10.6300,10.6200,10.6100,10.6000,10.6500,10.6600,10.6700,10.6800,10.6900,185,426,453,277,454,304,489,297,267,324
SZ,002375,2017-01-03 10:11:12,10.6400,1,7448.0000,7,S,10.6400,10.6300,10.6200,10.6100,10.6000,10.6500,10.6600,10.6700,10.6800,10.6900,178,426,453,277,454,304,489,297,267,324
SZ,002375,2017-01-03 10:11:15,10.6500,7,319500.0000,300,B,10.6400,10.6300,10.6200,10.6100,10.6000,10.6500,10.6600,10.6700,10.6800,10.6900,179,426,453,277,454,9,489,297,267,324
SZ,002375,2017-01-03 10:11:21,10.6500,1,1065.0000,1,B,10.6400,10.6300,10.6200,10.6100,10.6000,10.6500,10.6600,10.6700,10.6800,10.6900,179,426,453,277,454,8,489,297,267,324
SZ,002375,2017-01-03 10:11:33,10.6500,3,15794.0000,15,B,10.6500,10.6400,10.6300,10.6200,10.6100,10.6600,10.6700,10.6800,10.6900,10.7000,26,605,426,453,277,489,297,437,324,221
SZ,002375,2017-01-03 10:11:42,10.6500,2,7455.0000,7,S,10.6500,10.6400,10.6300,10.6200,10.6100,10.6600,10.6700,10.6800,10.6900,10.7000,19,605,426,24,277,506,297,437,324,221
SZ,002375,2017-01-03 10:11:51,10.6500,1,12780.0000,12,S,10.6500,10.6400,10.6300,10.6200,10.6100,10.6600,10.6700,10.6800,10.6900,10.7000,47,605,426,24,277,491,297,437,324,221
SZ,002375,2017-01-03 10:11:54,10.6500,2,8520.0000,8,S,10.6500,10.6400,10.6300,10.6200,10.6100,10.6600,10.6700,10.6800,10.6900,10.7000,39,605,426,24,277,491,297,437,324,221
SZ,002375,2017-01-03 10:12:00,10.6600,2,11726.0000,11,B,10.6500,10.6400,10.6300,10.6200,10.6100,10.6600,10.6700,10.6800,10.6900,10.7000,52,605,426,24,277,480,297,437,324,221
SZ,002375,2017-01-03 10:12:06,10.6500,3,29820.0000,28,S,10.6500,10.6400,10.6300,10.6200,10.6100,10.6600,10.6700,10.6800,10.6900,10.7000,24,605,426,24,277,480,297,437,324,221
SZ,002375,2017-01-03 10:12:09,10.6600,1,4264.0000,4,B,10.6500,10.6400,10.6300,10.6200,10.6100,10.6600,10.6700,10.6800,10.6900,10.7000,24,616,426,24,277,476,297,437,324,221
SZ,002375,2017-01-03 10:12:12,10.6600,2,10652.0000,10,B,10.6500,10.6400,10.6300,10.6200,10.6100,10.6600,10.6700,10.6800,10.6900,10.7000,16,616,426,24,277,474,297,437,324,221
SZ,002375,2017-01-03 10:12:18,10.6500,4,17221.0000,16,B,10.6400,10.6300,10.6200,10.6100,10.6000,10.6500,10.6600,10.6700,10.6800,10.6900,616,426,24,277,460,27,474,297,437,324
SZ,002375,2017-01-03 10:12:24,10.6500,1,5325.0000,5,B,10.6400,10.6300,10.6200,10.6100,10.6000,10.6500,10.6600,10.6700,10.6800,10.6900,616,426,24,277,460,26,474,297,437,324
SZ,002375,2017-01-03 10:12:27,10.6500,2,13845.0000,13,B,10.6400,10.6300,10.6200,10.6100,10.6000,10.6500,10.6600,10.6700,10.6800,10.6900,616,426,24,277,460,13,474,297,437,324
SZ,002375,2017-01-03 10:12:30,10.6500,2,14729.0000,14,B,10.6500,10.6400,10.6300,10.6200,10.6100,10.6600,10.6700,10.6800,10.6900,10.7000,19,616,416,24,277,474,297,437,324,221
SZ,002375,2017-01-03 10:12:39,10.6500,4,98161.0000,92,S,10.6400,10.6300,10.6200,10.6100,10.6000,10.6500,10.6600,10.6700,10.6800,10.6900,616,416,24,277,460,107,474,297,437,324
SZ,002375,2017-01-03 10:12:42,10.6500,2,83063.0000,78,B,10.6400,10.6300,10.6200,10.6100,10.6000,10.6500,10.6600,10.6700,10.6800,10.6900,609,416,24,277,460,36,474,297,437,324
SZ,002375,2017-01-03 10:12:54,10.6500,2,39224.0000,37,B,10.6500,10.6400,10.6300,10.6200,10.6100,10.6600,10.6700,10.6800,10.6900,10.7000,1,627,416,24,277,474,297,437,324,221
SZ,002375,2017-01-03 10:13:03,10.6600,2,6396.0000,6,B,10.6500,10.6400,10.6300,10.6200,10.6100,10.6600,10.6700,10.6800,10.6900,10.7000,31,627,416,24,277,468,295,437,324,221
SZ,002375,2017-01-03 10:13:12,10.6500,2,7455.0000,7,S,10.6500,10.6400,10.6300,10.6200,10.6100,10.6600,10.6700,10.6800,10.6900,10.7000,108,627,416,24,277,468,295,437,324,221
SZ,002375,2017-01-03 10:13:24,10.6600,1,10660.0000,10,B,10.6500,10.6400,10.6300,10.6200,10.6100,10.6600,10.6700,10.6800,10.6900,10.7000,111,627,406,24,277,458,295,437,324,221
SZ,002375,2017-01-03 10:13:42,10.6500,1,7455.0000,7,S,10.6500,10.6400,10.6300,10.6200,10.6100,10.6600,10.6700,10.6800,10.6900,10.7000,104,627,406,24,277,458,295,437,324,221
SZ,002375,2017-01-03 10:13:45,10.6600,1,5330.0000,5,B,10.6500,10.6400,10.6300,10.6200,10.6100,10.6600,10.6700,10.6800,10.6900,10.7000,104,613,406,24,277,238,295,437,324,221
SZ,002375,2017-01-03 10:14:00,10.6600,2,31980.0000,30,B,10.6500,10.6400,10.6300,10.6200,10.6100,10.6600,10.6700,10.6800,10.6900,10.7000,191,613,406,24,277,202,295,437,324,221
SZ,002375,2017-01-03 10:14:12,10.6500,1,8520.0000,8,S,10.6500,10.6400,10.6300,10.6200,10.6100,10.6600,10.6700,10.6800,10.6900,10.7000,184,613,406,24,277,202,317,443,324,221
SZ,002375,2017-01-03 10:14:24,10.6600,1,1066.0000,1,B,10.6500,10.6400,10.6300,10.6200,10.6100,10.6600,10.6700,10.6800,10.6900,10.7000,194,613,406,24,277,216,329,443,324,221
SZ,002375,2017-01-03 10:14:36,10.6500,1,4260.0000,4,S,10.6500,10.6400,10.6300,10.6200,10.6100,10.6600,10.6700,10.6800,10.6900,10.7000,200,613,406,24,277,226,329,443,324,221
SZ,002375,2017-01-03 10:14:42,10.6500,5,55380.0000,52,S,10.6500,10.6400,10.6300,10.6200,10.6100,10.6600,10.6700,10.6800,10.6900,10.7000,148,613,406,24,277,226,329,443,324,221
SZ,002375,2017-01-03 10:14:45,10.6600,1,5330.0000,5,B,10.6500,10.6400,10.6300,10.6200,10.6100,10.6600,10.6700,10.6800,10.6900,10.7000,148,613,406,24,277,221,329,443,324,221
SZ,002375,2017-01-03 10:14:51,10.6600,5,85205.0000,80,B,10.6500,10.6400,10.6300,10.6200,10.6100,10.6600,10.6700,10.6800,10.6900,10.7000,73,613,406,24,277,216,329,443,324,221
SZ,002375,2017-01-03 10:15:03,10.6600,1,1066.0000,1,B,10.6500,10.6400,10.6300,10.6200,10.6100,10.6600,10.6700,10.6800,10.6900,10.7000,73,613,406,24,277,215,329,431,324,221
SZ,002375,2017-01-03 10:15:06,10.6600,4,38376.0000,36,B,10.6500,10.6400,10.6300,10.6200,10.6100,10.6600,10.6700,10.6800,10.6900,10.7000,73,613,406,24,277,179,329,431,324,221
SZ,002375,2017-01-03 10:15:09,10.6600,2,41574.0000,39,B,10.6500,10.6400,10.6300,10.6200,10.6100,10.6600,10.6700,10.6800,10.6900,10.7000,77,613,406,24,277,140,329,431,324,221
SZ,002375,2017-01-03 10:15:12,10.6500,1,7455.0000,7,S,10.6500,10.6400,10.6300,10.6200,10.6100,10.6600,10.6700,10.6800,10.6900,10.7000,70,613,406,24,277,150,329,431,324,221
SZ,002375,2017-01-03 10:15:24,10.6600,1,23452.0000,22,B,10.6500,10.6400,10.6300,10.6200,10.6100,10.6600,10.6700,10.6800,10.6900,10.7000,150,613,406,24,277,128,329,431,374,221
SZ,002375,2017-01-03 10:15:27,10.6600,1,1066.0000,1,B,10.6500,10.6400,10.6300,10.6200,10.6100,10.6600,10.6700,10.6800,10.6900,10.7000,150,613,406,24,277,127,329,431,374,221
SZ,002375,2017-01-03 10:15:30,10.6500,1,13845.0000,13,S,10.6500,10.6400,10.6300,10.6200,10.6100,10.6600,10.6700,10.6800,10.6900,10.7000,148,613,406,24,277,127,329,431,374,221
SZ,002375,2017-01-03 10:15:42,10.6500,1,8520.0000,8,S,10.6500,10.6400,10.6300,10.6200,10.6100,10.6600,10.6700,10.6800,10.6900,10.7000,140,594,406,24,277,192,369,431,404,211
SZ,002375,2017-01-03 10:16:03,10.6500,6,43676.0000,41,S,10.6500,10.6400,10.6300,10.6200,10.6100,10.6600,10.6700,10.6800,10.6900,10.7000,129,593,406,24,277,166,369,431,404,211
SZ,002375,2017-01-03 10:16:09,10.6600,2,20254.0000,19,B,10.6500,10.6400,10.6300,10.6200,10.6100,10.6600,10.6700,10.6800,10.6900,10.7000,129,593,406,24,277,147,369,431,404,211
SZ,002375,2017-01-03 10:16:12,10.6500,2,7455.0000,7,S,10.6500,10.6400,10.6300,10.6200,10.6100,10.6600,10.6700,10.6800,10.6900,10.7000,122,593,406,24,277,147,361,431,404,211
SZ,002375,2017-01-03 10:16:18,10.6600,2,4264.0000,4,B,10.6500,10.6400,10.6300,10.6200,10.6100,10.6600,10.6700,10.6800,10.6900,10.7000,122,593,406,24,277,197,361,431,404,211
SZ,002375,2017-01-03 10:16:21,10.6500,4,42600.0000,40,S,10.6500,10.6400,10.6300,10.6200,10.6100,10.6600,10.6700,10.6800,10.6900,10.7000,72,593,406,24,277,205,361,431,504,211
SZ,002375,2017-01-03 10:16:42,10.6500,1,7455.0000,7,S,10.6500,10.6400,10.6300,10.6200,10.6100,10.6600,10.6700,10.6800,10.6900,10.7000,65,593,395,29,277,305,361,431,504,211
SZ,002375,2017-01-03 10:16:48,10.6500,5,69406.0000,65,S,10.6400,10.6300,10.6200,10.6100,10.6000,10.6500,10.6600,10.6700,10.6800,10.6900,593,395,29,277,467,270,305,361,431,504
SZ,002375,2017-01-03 10:16:51,10.6400,2,5320.0000,5,S,10.6400,10.6300,10.6200,10.6100,10.6000,10.6500,10.6600,10.6700,10.6800,10.6900,588,395,29,277,467,270,305,361,431,504
SZ,002375,2017-01-03 10:17:03,10.6500,1,1065.0000,1,B,10.6400,10.6300,10.6200,10.6100,10.6000,10.6500,10.6600,10.6700,10.6800,10.6900,588,415,29,282,467,269,305,319,431,504
SZ,002375,2017-01-03 10:17:06,10.6400,3,37240.0000,35,S,10.6400,10.6300,10.6200,10.6100,10.6000,10.6500,10.6600,10.6700,10.6800,10.6900,553,415,29,282,467,309,305,319,431,504
SZ,002375,2017-01-03 10:17:12,10.6400,1,7448.0000,7,S,10.6400,10.6300,10.6200,10.6100,10.6000,10.6500,10.6600,10.6700,10.6800,10.6900,547,415,29,282,467,40,305,319,431,504
SZ,002375,2017-01-03 10:17:27,10.6400,8,302176.0000,284,S,10.6400,10.6300,10.6200,10.6100,10.6000,10.6500,10.6600,10.6700,10.6800,10.6900,273,415,29,282,467,42,305,319,431,504
SZ,002375,2017-01-03 10:17:30,10.6500,1,5325.0000,5,B,10.6400,10.6300,10.6200,10.6100,10.6000,10.6500,10.6600,10.6700,10.6800,10.6900,273,415,29,282,467,37,305,319,431,504
SZ,002375,2017-01-03 10:17:42,10.6400,1,8512.0000,8,S,10.6400,10.6300,10.6200,10.6100,10.6000,10.6500,10.6600,10.6700,10.6800,10.6900,267,415,29,282,467,37,305,319,431,474
SZ,002375,2017-01-03 10:17:57,10.6500,1,1065.0000,1,B,10.6400,10.6300,10.6200,10.6100,10.6000,10.6500,10.6600,10.6700,10.6800,10.6900,267,394,29,282,467,66,305,319,431,474
SZ,002375,2017-01-03 10:18:09,10.6500,1,9585.0000,9,B,10.6400,10.6300,10.6200,10.6100,10.6000,10.6500,10.6600,10.6700,10.6800,10.6900,267,394,29,282,467,57,305,319,431,474
SZ,002375,2017-01-03 10:18:12,10.6400,1,7448.0000,7,S,10.6400,10.6300,10.6200,10.6100,10.6000,10.6500,10.6600,10.6700,10.6800,10.6900,281,394,29,282,467,57,305,319,431,474
SZ,002375,2017-01-03 10:18:15,10.6400,1,10640.0000,10,S,10.6400,10.6300,10.6200,10.6100,10.6000,10.6500,10.6600,10.6700,10.6800,10.6900,271,394,29,282,467,57,305,319,431,474
SZ,002375,2017-01-03 10:18:42,10.6500,2,12773.0000,12,B,10.6400,10.6300,10.6200,10.6100,10.6000,10.6500,10.6600,10.6700,10.6800,10.6900,264,394,29,282,467,72,288,319,431,474
SZ,002375,2017-01-03 10:19:03,10.6500,1,1065.0000,1,B,10.6400,10.6300,10.6200,10.6100,10.6000,10.6500,10.6600,10.6700,10.6800,10.6900,269,394,29,282,467,88,334,319,431,474
SZ,002375,2017-01-03 10:19:12,10.6400,1,7448.0000,7,S,10.6400,10.6300,10.6200,10.6100,10.6000,10.6500,10.6600,10.6700,10.6800,10.6900,262,394,29,282,467,140,284,319,431,474
SZ,002375,2017-01-03 10:19:33,10.6400,1,2128.0000,2,S,10.6400,10.6300,10.6200,10.6100,10.6000,10.6500,10.6600,10.6700,10.6800,10.6900,260,394,62,282,467,215,384,319,431,474
SZ,002375,2017-01-03 10:19:36,10.6500,5,85200.0000,80,B,10.6400,10.6300,10.6200,10.6100,10.6000,10.6500,10.6600,10.6700,10.6800,10.6900,260,394,62,282,467,135,384,319,431,474
SZ,002375,2017-01-03 10:19:42,10.6500,2,12772.0000,12,B,10.6400,10.6300,10.6200,10.6100,10.6000,10.6500,10.6600,10.6700,10.6800,10.6900,252,394,62,282,467,204,384,319,431,474
SZ,002375,2017-01-03 10:19:45,10.6400,1,53200.0000,50,S,10.6400,10.6300,10.6200,10.6100,10.6000,10.6500,10.6600,10.6700,10.6800,10.6900,202,394,62,282,467,204,384,319,431,474
SZ,002375,2017-01-03 10:19:57,10.6500,3,108630.0000,102,B,10.6400,10.6300,10.6200,10.6100,10.6000,10.6500,10.6600,10.6700,10.6800,10.6900,202,394,62,282,467,106,380,319,431,474
SZ,002375,2017-01-03 10:20:00,10.6500,2,6390.0000,6,B,10.6400,10.6300,10.6200,10.6100,10.6000,10.6500,10.6600,10.6700,10.6800,10.6900,202,394,62,282,467,100,380,319,431,474
SZ,002375,2017-01-03 10:20:12,10.6400,1,7448.0000,7,S,10.6400,10.6300,10.6200,10.6100,10.6000,10.6500,10.6600,10.6700,10.6800,10.6900,195,394,62,282,467,100,380,319,431,474
SZ,002375,2017-01-03 10:20:24,10.6500,3,14910.0000,14,B,10.6400,10.6300,10.6200,10.6100,10.6000,10.6500,10.6600,10.6700,10.6800,10.6900,195,394,62,282,467,92,380,299,431,474
SZ,002375,2017-01-03 10:20:30,10.6500,1,3195.0000,3,B,10.6400,10.6300,10.6200,10.6100,10.6000,10.6500,10.6600,10.6700,10.6800,10.6900,195,394,62,282,467,89,380,299,431,474
SZ,002375,2017-01-03 10:20:42,10.6500,3,15968.0000,15,B,10.6400,10.6300,10.6200,10.6100,10.6000,10.6500,10.6600,10.6700,10.6800,10.6900,178,394,62,282,467,85,380,299,431,474
SZ,002375,2017-01-03 10:20:48,10.6500,1,9585.0000,9,B,10.6400,10.6300,10.6200,10.6100,10.6000,10.6500,10.6600,10.6700,10.6800,10.6900,178,394,62,282,467,76,380,299,431,474
SZ,002375,2017-01-03 10:20:51,10.6400,1,53200.0000,50,S,10.6400,10.6300,10.6200,10.6100,10.6000,10.6500,10.6600,10.6700,10.6800,10.6900,128,394,62,282,467,76,380,299,431,474
SZ,002375,2017-01-03 10:21:03,10.6400,1,9576.0000,9,S,10.6400,10.6300,10.6200,10.6100,10.6000,10.6500,10.6600,10.6700,10.6800,10.6900,119,394,62,282,467,76,380,299,431,489
SZ,002375,2017-01-03 10:21:06,10.6500,2,6390.0000,6,B,10.6400,10.6300,10.6200,10.6100,10.6000,10.6500,10.6600,10.6700,10.6800,10.6900,119,394,62,282,467,70,380,299,431,489
SZ,002375,2017-01-03 10:21:12,10.6400,1,7448.0000,7,S,10.6400,10.6300,10.6200,10.6100,10.6000,10.6500,10.6600,10.6700,10.6800,10.6900,112,394,62,282,467,130,380,299,431,489
SZ,002375,2017-01-03 10:21:21,10.6500,2,35145.0000,33,B,10.6400,10.6300,10.6200,10.6100,10.6000,10.6500,10.6600,10.6700,10.6800,10.6900,117,394,62,282,467,97,375,299,431,489
SZ,002375,2017-01-03 10:21:24,10.6500,1,5325.0000,5,B,10.6400,10.6300,10.6200,10.6100,10.6000,10.6500,10.6600,10.6700,10.6800,10.6900,117,394,62,282,467,92,375,299,431,489
SZ,002375,2017-01-03 10:21:42,10.6400,1,8512.0000,8,S,10.6400,10.6300,10.6200,10.6100,10.6000,10.6500,10.6600,10.6700,10.6800,10.6900,104,394,62,282,467,248,375,299,431,333
SZ,002375,2017-01-03 10:21:54,10.6500,1,9585.0000,9,B,10.6400,10.6300,10.6200,10.6100,10.6000,10.6500,10.6600,10.6700,10.6800,10.6900,111,394,62,282,469,239,475,299,431,333
SZ,002375,2017-01-03 10:22:00,10.6500,3,15975.0000,15,B,10.6400,10.6300,10.6200,10.6100,10.6000,10.6500,10.6600,10.6700,10.6800,10.6900,111,394,62,282,469,224,475,308,431,333
SZ,002375,2017-01-03 10:22:03,10.6500,1,1065.0000,1,B,10.6400,10.6300,10.6200,10.6100,10.6000,10.6500,10.6600,10.6700,10.6800,10.6900,111,394,62,282,469,223,475,308,431,333
SZ,002375,2017-01-03 10:22:12,10.6400,1,7448.0000,7,S,10.6400,10.6300,10.6200,10.6100,10.6000,10.6500,10.6600,10.6700,10.6800,10.6900,104,394,62,282,469,253,475,308,431,333
SZ,002375,2017-01-03 10:22:15,10.6500,3,7455.0000,7,B,10.6400,10.6300,10.6200,10.6100,10.6000,10.6500,10.6600,10.6700,10.6800,10.6900,104,394,62,282,469,246,475,308,431,333
SZ,002375,2017-01-03 10:22:21,10.6500,1,3195.0000,3,B,10.6400,10.6300,10.6200,10.6100,10.6000,10.6500,10.6600,10.6700,10.6800,10.6900,104,394,62,282,469,243,475,308,431,333
SZ,002375,2017-01-03 10:22:24,10.6500,2,9585.0000,9,B,10.6400,10.6300,10.6200,10.6100,10.6000,10.6500,10.6600,10.6700,10.6800,10.6900,104,394,62,282,469,234,475,308,431,333
SZ,002375,2017-01-03 10:22:27,10.6500,1,5325.0000,5,B,10.6400,10.6300,10.6200,10.6100,10.6000,10.6500,10.6600,10.6700,10.6800,10.6900,104,394,62,282,469,229,475,308,431,233
SZ,002375,2017-01-03 10:22:33,10.6400,1,5320.0000,5,S,10.6400,10.6300,10.6200,10.6100,10.6000,10.6500,10.6600,10.6700,10.6800,10.6900,99,394,62,282,469,229,375,308,431,233
SZ,002375,2017-01-03 10:22:42,10.6400,1,7448.0000,7,S,10.6400,10.6300,10.6200,10.6100,10.6000,10.6500,10.6600,10.6700,10.6800,10.6900,109,394,62,282,469,229,375,308,431,233
SZ,002375,2017-01-03 10:22:48,10.6400,1,5320.0000,5,S,10.6400,10.6300,10.6200,10.6100,10.6000,10.6500,10.6600,10.6700,10.6800,10.6900,104,394,62,282,469,229,375,308,431,233
SZ,002375,2017-01-03 10:23:06,10.6500,1,1065.0000,1,B,10.6400,10.6300,10.6200,10.6100,10.6000,10.6500,10.6600,10.6700,10.6800,10.6900,114,394,62,282,469,228,375,308,431,233
SZ,002375,2017-01-03 10:23:12,10.6400,1,7448.0000,7,S,10.6400,10.6300,10.6200,10.6100,10.6000,10.6500,10.6600,10.6700,10.6800,10.6900,107,394,82,282,469,228,375,308,431,233
SZ,002375,2017-01-03 10:23:21,10.6400,5,53200.0000,50,S,10.6400,10.6300,10.6200,10.6100,10.6000,10.6500,10.6600,10.6700,10.6800,10.6900,58,394,82,282,469,228,375,308,431,243
SZ,002375,2017-01-03 10:23:24,10.6400,3,26604.0000,25,S,10.6400,10.6300,10.6200,10.6100,10.6000,10.6500,10.6600,10.6700,10.6800,10.6900,37,394,82,282,469,224,375,308,431,243
SZ,002375,2017-01-03 10:23:42,10.6400,2,8512.0000,8,S,10.6400,10.6300,10.6200,10.6100,10.6000,10.6500,10.6600,10.6700,10.6800,10.6900,30,394,82,282,469,224,375,308,431,243
SZ,002375,2017-01-03 10:23:45,10.6500,1,5325.0000,5,B,10.6400,10.6300,10.6200,10.6100,10.6000,10.6500,10.6600,10.6700,10.6800,10.6900,30,394,82,282,469,219,375,308,431,243
SZ,002375,2017-01-03 10:23:48,10.6400,1,4256.0000,4,S,10.6400,10.6300,10.6200,10.6100,10.6000,10.6500,10.6600,10.6700,10.6800,10.6900,16,394,82,282,469,219,375,309,431,243
SZ,002375,2017-01-03 10:24:00,10.6400,1,1064.0000,1,S,10.6400,10.6300,10.6200,10.6100,10.6000,10.6500,10.6600,10.6700,10.6800,10.6900,52,394,82,282,469,219,375,309,431,243
SZ,002375,2017-01-03 10:24:09,10.6400,2,12768.0000,12,S,10.6400,10.6300,10.6200,10.6100,10.6000,10.6500,10.6600,10.6700,10.6800,10.6900,50,394,82,282,469,223,375,309,431,243
SZ,002375,2017-01-03 10:24:12,10.6400,4,7448.0000,7,S,10.6400,10.6300,10.6200,10.6100,10.6000,10.6500,10.6600,10.6700,10.6800,10.6900,43,394,82,282,469,223,375,309,431,243
SZ,002375,2017-01-03 10:24:18,10.6400,1,17024.0000,16,S,10.6400,10.6300,10.6200,10.6100,10.6000,10.6500,10.6600,10.6700,10.6800,10.6900,27,394,82,282,469,223,375,98,431,243
SZ,002375,2017-01-03 10:24:42,10.6400,1,7448.0000,7,S,10.6400,10.6300,10.6200,10.6100,10.6000,10.6500,10.6600,10.6700,10.6800,10.6900,58,394,82,282,469,223,375,118,431,243
SZ,002375,2017-01-03 10:24:48,10.6500,1,1065.0000,1,B,10.6400,10.6300,10.6200,10.6100,10.6000,10.6500,10.6600,10.6700,10.6800,10.6900,58,394,82,282,469,222,375,118,431,243
SZ,002375,2017-01-03 10:25:00,10.6400,1,5320.0000,5,S,10.6400,10.6300,10.6200,10.6100,10.6000,10.6500,10.6600,10.6700,10.6800,10.6900,263,394,82,282,469,222,375,1218,431,243
SZ,002375,2017-01-03 10:25:03,10.6500,1,5325.0000,5,B,10.6400,10.6300,10.6200,10.6100,10.6000,10.6500,10.6600,10.6700,10.6800,10.6900,353,394,82,282,469,217,375,1218,431,243
SZ,002375,2017-01-03 10:25:06,10.6400,5,54265.0000,51,S,10.6400,10.6300,10.6200,10.6100,10.6000,10.6500,10.6600,10.6700,10.6800,10.6900,293,394,82,282,469,216,375,1218,431,243
SZ,002375,2017-01-03 10:25:12,10.6400,1,7448.0000,7,S,10.6400,10.6300,10.6200,10.6100,10.6000,10.6500,10.6600,10.6700,10.6800,10.6900,286,394,82,282,469,216,275,1218,431,243
SZ,002375,2017-01-03 10:25:24,10.6500,1,9585.0000,9,B,10.6400,10.6300,10.6200,10.6100,10.6000,10.6500,10.6600,10.6700,10.6800,10.6900,286,394,82,282,469,207,275,1218,431,243
SZ,002375,2017-01-03 10:25:33,10.6500,1,9585.0000,9,B,10.6400,10.6300,10.6200,10.6100,10.6000,10.6500,10.6600,10.6700,10.6800,10.6900,286,394,82,282,469,298,275,1223,431,243
SZ,002375,2017-01-03 10:25:42,10.6400,1,8512.0000,8,S,10.6400,10.6300,10.6200,10.6100,10.6000,10.6500,10.6600,10.6700,10.6800,10.6900,278,394,82,302,469,308,275,1223,431,243
SZ,002375,2017-01-03 10:25:45,10.6500,1,3195.0000,3,B,10.6400,10.6300,10.6200,10.6100,10.6000,10.6500,10.6600,10.6700,10.6800,10.6900,307,394,82,302,469,305,275,1223,431,243
SZ,002375,2017-01-03 10:25:57,10.6500,1,4260.0000,4,B,10.6400,10.6300,10.6200,10.6100,10.6000,10.6500,10.6600,10.6700,10.6800,10.6900,307,394,82,302,469,301,275,1223,431,243
SZ,002375,2017-01-03 10:26:09,10.6500,2,3195.0000,3,B,10.6400,10.6300,10.6200,10.6100,10.6000,10.6500,10.6600,10.6700,10.6800,10.6900,307,394,82,302,469,306,275,1223,431,248
SZ,002375,2017-01-03 10:26:12,10.6500,2,11708.0000,11,B,10.6400,10.6300,10.6200,10.6100,10.6000,10.6500,10.6600,10.6700,10.6800,10.6900,300,394,82,302,469,302,275,1223,431,248
SZ,002375,2017-01-03 10:26:42,10.6400,1,7448.0000,7,S,10.6400,10.6300,10.6200,10.6100,10.6000,10.6500,10.6600,10.6700,10.6800,10.6900,398,394,82,302,489,302,282,1223,431,248
SZ,002375,2017-01-03 10:26:45,10.6500,1,5325.0000,5,B,10.6400,10.6300,10.6200,10.6100,10.6000,10.6500,10.6600,10.6700,10.6800,10.6900,398,394,82,302,489,297,282,1223,431,248
SZ,002375,2017-01-03 10:26:57,10.6500,1,8520.0000,8,B,10.6400,10.6300,10.6200,10.6100,10.6000,10.6500,10.6600,10.6700,10.6800,10.6900,398,394,82,302,497,289,282,1223,431,248
SZ,002375,2017-01-03 10:27:03,10.6500,1,4260.0000,4,B,10.6400,10.6300,10.6200,10.6100,10.6000,10.6500,10.6600,10.6700,10.6800,10.6900,398,394,82,302,497,285,282,1223,431,248
SZ,002375,2017-01-03 10:27:06,10.6500,1,1065.0000,1,B,10.6400,10.6300,10.6200,10.6100,10.6000,10.6500,10.6600,10.6700,10.6800,10.6900,398,394,82,302,497,284,282,1223,431,248
SZ,002375,2017-01-03 10:27:09,10.6500,2,159750.0000,150,B,10.6400,10.6300,10.6200,10.6100,10.6000,10.6500,10.6600,10.6700,10.6800,10.6900,398,394,82,302,497,134,282,1223,431,248
SZ,002375,2017-01-03 10:27:12,10.6500,2,8513.0000,8,B,10.6400,10.6300,10.6200,10.6100,10.6000,10.6500,10.6600,10.6700,10.6800,10.6900,391,394,82,302,497,133,282,1223,431,248
SZ,002375,2017-01-03 10:27:27,10.6500,1,6390.0000,6,B,10.6400,10.6300,10.6200,10.6100,10.6000,10.6500,10.6600,10.6700,10.6800,10.6900,391,394,82,302,497,127,282,1218,431,248
SZ,002375,2017-01-03 10:27:30,10.6500,2,8520.0000,8,B,10.6400,10.6300,10.6200,10.6100,10.6000,10.6500,10.6600,10.6700,10.6800,10.6900,391,394,82,302,497,119,282,1218,431,248
SZ,002375,2017-01-03 10:27:33,10.6500,2,2130.0000,2,B,10.6400,10.6300,10.6200,10.6100,10.6000,10.6500,10.6600,10.6700,10.6800,10.6900,391,394,82,302,497,117,282,1218,431,248
SZ,002375,2017-01-03 10:27:42,10.6500,5,133117.0000,125,B,10.6500,10.6400,10.6300,10.6200,10.6100,10.6600,10.6700,10.6800,10.6900,10.7000,654,383,394,82,302,275,1218,431,248,246
SZ,002375,2017-01-03 10:27:45,10.6600,2,5330.0000,5,B,10.6500,10.6400,10.6300,10.6200,10.6100,10.6600,10.6700,10.6800,10.6900,10.7000,704,384,394,82,302,270,1224,431,248,246
SZ,002375,2017-01-03 10:28:09,10.6600,1,5330.0000,5,B,10.6500,10.6400,10.6300,10.6200,10.6100,10.6600,10.6700,10.6800,10.6900,10.7000,708,384,394,49,264,269,1224,431,248,246
SZ,002375,2017-01-03 10:28:12,10.6500,2,12785.0000,12,S,10.6500,10.6400,10.6300,10.6200,10.6100,10.6600,10.6700,10.6800,10.6900,10.7000,701,384,394,49,264,264,1224,431,248,246
SZ,002375,2017-01-03 10:28:15,10.6500,1,3195.0000,3,S,10.6500,10.6400,10.6300,10.6200,10.6100,10.6600,10.6700,10.6800,10.6900,10.7000,698,384,394,49,264,264,1224,431,248,246
SZ,002375,2017-01-03 10:28:27,10.6600,1,1066.0000,1,B,10.6500,10.6400,10.6300,10.6200,10.6100,10.6600,10.6700,10.6800,10.6900,10.7000,698,384,394,49,264,267,1224,431,248,246
SZ,002375,2017-01-03 10:28:33,10.6600,1,6396.0000,6,B,10.6500,10.6400,10.6300,10.6200,10.6100,10.6600,10.6700,10.6800,10.6900,10.7000,698,384,394,49,264,261,1224,431,248,246
SZ,002375,2017-01-03 10:28:42,10.6500,1,7455.0000,7,S,10.6500,10.6400,10.6300,10.6200,10.6100,10.6600,10.6700,10.6800,10.6900,10.7000,691,384,394,49,264,331,1224,431,248,246
SZ,002375,2017-01-03 10:28:45,10.6600,6,74620.0000,70,B,10.6500,10.6400,10.6300,10.6200,10.6100,10.6600,10.6700,10.6800,10.6900,10.7000,691,384,394,49,264,261,1224,431,248,246
SZ,002375,2017-01-03 10:28:57,10.6600,1,4264.0000,4,B,10.6500,10.6400,10.6300,10.6200,10.6100,10.6600,10.6700,10.6800,10.6900,10.7000,694,384,394,69,264,257,1224,431,248,246
SZ,002375,2017-01-03 10:29:06,10.6600,1,1066.0000,1,B,10.6500,10.6400,10.6300,10.6200,10.6100,10.6600,10.6700,10.6800,10.6900,10.7000,690,384,394,69,264,256,1224,431,248,246
SZ,002375,2017-01-03 10:29:09,10.6600,4,36244.0000,34,B,10.6500,10.6400,10.6300,10.6200,10.6100,10.6600,10.6700,10.6800,10.6900,10.7000,690,384,394,89,264,222,1224,431,248,246
SZ,002375,2017-01-03 10:29:12,10.6500,1,8520.0000,8,S,10.6500,10.6400,10.6300,10.6200,10.6100,10.6600,10.6700,10.6800,10.6900,10.7000,682,384,394,89,264,222,1224,431,248,246
SZ,002375,2017-01-03 10:29:15,10.6500,1,10650.0000,10,S,10.6500,10.6400,10.6300,10.6200,10.6100,10.6600,10.6700,10.6800,10.6900,10.7000,672,384,394,89,264,222,1224,431,248,246
SZ,002375,2017-01-03 10:29:24,10.6600,1,17056.0000,16,B,10.6500,10.6400,10.6300,10.6200,10.6100,10.6600,10.6700,10.6800,10.6900,10.7000,682,384,394,89,264,206,1218,431,248,246
SZ,002375,2017-01-03 10:29:33,10.6600,1,5330.0000,5,B,10.6500,10.6400,10.6300,10.6200,10.6100,10.6600,10.6700,10.6800,10.6900,10.7000,679,384,394,89,264,251,1224,431,248,246
SZ,002375,2017-01-03 10:29:39,10.6600,7,267566.0000,251,B,10.6600,10.6500,10.6400,10.6300,10.6200,10.6700,10.6800,10.6900,10.7000,10.7100,49,679,384,394,89,1224,431,248,246,20
SZ,002375,2017-01-03 10:29:42,10.6600,2,28782.0000,27,S,10.6600,10.6500,10.6400,10.6300,10.6200,10.6700,10.6800,10.6900,10.7000,10.7100,27,679,379,394,89,1224,431,248,246,20
SZ,002375,2017-01-03 10:29:45,10.6600,1,10660.0000,10,S,10.6600,10.6500,10.6400,10.6300,10.6200,10.6700,10.6800,10.6900,10.7000,10.7100,17,679,379,394,89,1224,431,248,246,20
SZ,002375,2017-01-03 10:29:51,10.6600,1,2132.0000,2,S,10.6600,10.6500,10.6400,10.6300,10.6200,10.6700,10.6800,10.6900,10.7000,10.7100,15,683,379,394,89,1224,431,248,246,20
SZ,002375,2017-01-03 10:30:00,10.6700,1,3201.0000,3,B,10.6600,10.6500,10.6400,10.6300,10.6200,10.6700,10.6800,10.6900,10.7000,10.7100,25,683,379,394,89,1221,431,249,246,20
SZ,002375,2017-01-03 10:30:03,10.6700,1,5335.0000,5,B,10.6600,10.6500,10.6400,10.6300,10.6200,10.6700,10.6800,10.6900,10.7000,10.7100,25,683,379,394,89,1216,431,249,246,20
SZ,002375,2017-01-03 10:30:06,10.6700,3,7469.0000,7,B,10.6600,10.6500,10.6400,10.6300,10.6200,10.6700,10.6800,10.6900,10.7000,10.7100,25,673,379,394,89,1209,431,249,246,20
SZ,002375,2017-01-03 10:30:09,10.6600,3,17064.0000,16,S,10.6600,10.6500,10.6400,10.6300,10.6200,10.6700,10.6800,10.6900,10.7000,10.7100,17,673,379,394,89,1201,431,249,246,20
SZ,002375,2017-01-03 10:30:12,10.6600,3,13864.0000,13,S,10.6600,10.6500,10.6400,10.6300,10.6200,10.6700,10.6800,10.6900,10.7000,10.7100,32,673,379,394,89,1195,431,249,246,20
SZ,002375,2017-01-03 10:30:15,10.6700,3,13871.0000,13,B,10.6600,10.6500,10.6400,10.6300,10.6200,10.6700,10.6800,10.6900,10.7000,10.7100,135,673,379,394,89,1182,431,249,246,20
SZ,002375,2017-01-03 10:30:18,10.6700,3,33077.0000,31,B,10.6600,10.6500,10.6400,10.6300,10.6200,10.6700,10.6800,10.6900,10.7000,10.7100,140,673,379,394,89,1151,431,249,246,20
SZ,002375,2017-01-03 10:30:21,10.6700,4,20273.0000,19,B,10.6600,10.6500,10.6400,10.6300,10.6200,10.6700,10.6800,10.6900,10.7000,10.7100,140,673,379,394,89,1132,431,249,246,20
SZ,002375,2017-01-03 10:30:33,10.6600,3,85280.0000,80,S,10.6600,10.6500,10.6400,10.6300,10.6200,10.6700,10.6800,10.6900,10.7000,10.7100,61,673,379,394,89,1132,431,249,246,20
SZ,002375,2017-01-03 10:30:42,10.6600,1,7462.0000,7,S,10.6600,10.6500,10.6400,10.6300,10.6200,10.6700,10.6800,10.6900,10.7000,10.7100,140,673,379,394,89,1132,431,249,246,20
SZ,002375,2017-01-03 10:30:57,10.6700,3,19206.0000,18,B,10.6600,10.6500,10.6400,10.6300,10.6200,10.6700,10.6800,10.6900,10.7000,10.7100,140,673,379,394,89,1114,431,249,246,20
SZ,002375,2017-01-03 10:31:09,10.6700,3,100298.0000,94,B,10.6600,10.6500,10.6400,10.6300,10.6200,10.6700,10.6800,10.6900,10.7000,10.7100,116,673,390,394,89,1020,431,249,246,20
SZ,002375,2017-01-03 10:31:12,10.6600,1,8528.0000,8,S,10.6600,10.6500,10.6400,10.6300,10.6200,10.6700,10.6800,10.6900,10.7000,10.7100,108,673,390,394,89,1020,431,249,246,20
SZ,002375,2017-01-03 10:31:15,10.6700,1,3201.0000,3,B,10.6600,10.6500,10.6400,10.6300,10.6200,10.6700,10.6800,10.6900,10.7000,10.7100,95,673,390,394,89,1017,431,249,246,20
SZ,002375,2017-01-03 10:31:18,10.6700,1,6402.0000,6,B,10.6600,10.6500,10.6400,10.6300,10.6200,10.6700,10.6800,10.6900,10.7000,10.7100,95,673,390,394,89,1011,431,249,246,20
SZ,002375,2017-01-03 10:31:21,10.6700,1,5335.0000,5,B,10.6600,10.6500,10.6400,10.6300,10.6200,10.6700,10.6800,10.6900,10.7000,10.7100,95,675,390,394,89,1006,431,249,246,20
SZ,002375,2017-01-03 10:31:36,10.6700,1,25608.0000,24,B,10.6600,10.6500,10.6400,10.6300,10.6200,10.6700,10.6800,10.6900,10.7000,10.7100,95,745,390,394,89,983,431,249,256,20
SZ,002375,2017-01-03 10:31:42,10.6600,1,7462.0000,7,S,10.6600,10.6500,10.6400,10.6300,10.6200,10.6700,10.6800,10.6900,10.7000,10.7100,88,745,390,394,89,983,431,249,256,20
SZ,002375,2017-01-03 10:31:45,10.6700,1,13871.0000,13,B,10.6600,10.6500,10.6400,10.6300,10.6200,10.6700,10.6800,10.6900,10.7000,10.7100,88,745,390,394,89,970,431,249,256,20
SZ,002375,2017-01-03 10:32:06,10.6600,4,34112.0000,32,S,10.6600,10.6500,10.6400,10.6300,10.6200,10.6700,10.6800,10.6900,10.7000,10.7100,65,741,379,394,89,1185,491,249,256,20
SZ,002375,2017-01-03 10:32:09,10.6700,2,12804.0000,12,B,10.6600,10.6500,10.6400,10.6300,10.6200,10.6700,10.6800,10.6900,10.7000,10.7100,65,741,379,394,89,1173,491,249,256,20
SZ,002375,2017-01-03 10:32:12,10.6600,1,7462.0000,7,S,10.6600,10.6500,10.6400,10.6300,10.6200,10.6700,10.6800,10.6900,10.7000,10.7100,58,741,379,394,89,1173,491,249,256,20
SZ,002375,2017-01-03 10:32:27,10.6600,1,21320.0000,20,S,10.6600,10.6500,10.6400,10.6300,10.6200,10.6700,10.6800,10.6900,10.7000,10.7100,42,741,378,394,89,1173,491,249,256,80
SZ,002375,2017-01-03 10:32:30,10.6700,1,5335.0000,5,B,10.6600,10.6500,10.6400,10.6300,10.6200,10.6700,10.6800,10.6900,10.7000,10.7100,42,741,378,394,89,1168,491,249,256,80
SZ,002375,2017-01-03 10:32:33,10.6600,1,21320.0000,20,S,10.6600,10.6500,10.6400,10.6300,10.6200,10.6700,10.6800,10.6900,10.7000,10.7100,22,741,378,394,89,1168,491,235,256,80
SZ,002375,2017-01-03 10:32:39,10.6600,1,9594.0000,9,S,10.6600,10.6500,10.6400,10.6300,10.6200,10.6700,10.6800,10.6900,10.7000,10.7100,13,741,378,394,89,1168,491,235,256,80
SZ,002375,2017-01-03 10:32:42,10.6600,3,12797.0000,12,S,10.6600,10.6500,10.6400,10.6300,10.6200,10.6700,10.6800,10.6900,10.7000,10.7100,6,741,378,394,89,1163,491,235,256,80
SZ,002375,2017-01-03 10:32:51,10.6700,1,1067.0000,1,B,10.6600,10.6500,10.6400,10.6300,10.6200,10.6700,10.6800,10.6900,10.7000,10.7100,223,741,378,394,89,1162,491,235,256,80
SZ,002375,2017-01-03 10:33:03,10.6600,3,31980.0000,30,S,10.6600,10.6500,10.6400,10.6300,10.6200,10.6700,10.6800,10.6900,10.7000,10.7100,193,741,378,394,89,1187,491,235,266,80
SZ,002375,2017-01-03 10:33:09,10.6700,1,1067.0000,1,B,10.6600,10.6500,10.6400,10.6300,10.6200,10.6700,10.6800,10.6900,10.7000,10.7100,199,741,378,394,89,1186,491,235,266,80
SZ,002375,2017-01-03 10:33:12,10.6600,1,8528.0000,8,S,10.6600,10.6500,10.6400,10.6300,10.6200,10.6700,10.6800,10.6900,10.7000,10.7100,191,741,378,394,89,1186,491,235,266,80
SZ,002375,2017-01-03 10:33:21,10.6700,1,6402.0000,6,B,10.6600,10.6500,10.6400,10.6300,10.6200,10.6700,10.6800,10.6900,10.7000,10.7100,191,741,378,394,89,1181,491,235,266,80
SZ,002375,2017-01-03 10:33:24,10.6600,1,7462.0000,7,S,10.6600,10.6500,10.6400,10.6300,10.6200,10.6700,10.6800,10.6900,10.7000,10.7100,184,741,378,394,89,1181,491,235,266,80
SZ,002375,2017-01-03 10:33:30,10.6600,1,31980.0000,30,S,10.6600,10.6500,10.6400,10.6300,10.6200,10.6700,10.6800,10.6900,10.7000,10.7100,154,741,378,394,89,1181,491,235,266,80
SZ,002375,2017-01-03 10:33:39,10.6600,1,4264.0000,4,S,10.6600,10.6500,10.6400,10.6300,10.6200,10.6700,10.6800,10.6900,10.7000,10.7100,50,741,378,334,89,1181,491,235,266,80
SZ,002375,2017-01-03 10:33:42,10.6600,2,18122.0000,17,S,10.6600,10.6500,10.6400,10.6300,10.6200,10.6700,10.6800,10.6900,10.7000,10.7100,33,741,378,334,89,1181,491,235,266,80
SZ,002375,2017-01-03 10:33:45,10.6600,2,117360.0000,110,S,10.6600,10.6500,10.6400,10.6300,10.6200,10.6700,10.6800,10.6900,10.7000,10.7100,23,741,378,334,89,1081,491,235,271,80
SZ,002375,2017-01-03 10:33:48,10.6600,2,24518.0000,23,S,10.6500,10.6400,10.6300,10.6200,10.6100,10.6600,10.6700,10.6800,10.6900,10.7000,741,378,334,89,264,12,1081,491,235,271
SZ,002375,2017-01-03 10:33:51,10.6600,1,1066.0000,1,B,10.6500,10.6400,10.6300,10.6200,10.6100,10.6600,10.6700,10.6800,10.6900,10.7000,741,378,334,89,264,39,1081,491,235,271
SZ,002375,2017-01-03 10:33:54,10.6600,2,21320.0000,20,B,10.6500,10.6400,10.6300,10.6200,10.6100,10.6600,10.6700,10.6800,10.6900,10.7000,741,378,334,89,264,19,1081,491,235,271
SZ,002375,2017-01-03 10:33:57,10.6600,1,4264.0000,4,B,10.6500,10.6400,10.6300,10.6200,10.6100,10.6600,10.6700,10.6800,10.6900,10.7000,772,378,334,89,264,15,1081,491,235,271
SZ,002375,2017-01-03 10:34:12,10.6600,3,12785.0000,12,B,10.6500,10.6400,10.6300,10.6200,10.6100,10.6600,10.6700,10.6800,10.6900,10.7000,764,378,334,89,264,113,1093,491,235,271
SZ,002375,2017-01-03 10:34:15,10.6500,1,8520.0000,8,S,10.6500,10.6400,10.6300,10.6200,10.6100,10.6600,10.6700,10.6800,10.6900,10.7000,756,378,334,89,264,140,1093,491,235,271
SZ,002375,2017-01-03 10:34:42,10.6500,1,7455.0000,7,S,10.6500,10.6400,10.6300,10.6200,10.6100,10.6600,10.6700,10.6800,10.6900,10.7000,749,378,334,89,264,244,1093,491,235,271
SZ,002375,2017-01-03 10:34:48,10.6600,1,10660.0000,10,B,10.6500,10.6400,10.6300,10.6200,10.6100,10.6600,10.6700,10.6800,10.6900,10.7000,152,378,334,89,264,234,1093,491,235,271
SZ,002375,2017-01-03 10:35:06,10.6500,1,5325.0000,5,S,10.6500,10.6400,10.6300,10.6200,10.6100,10.6600,10.6700,10.6800,10.6900,10.7000,147,378,334,89,264,235,1089,491,230,271
SZ,002375,2017-01-03 10:35:09,10.6600,5,39429.0000,37,B,10.6500,10.6400,10.6300,10.6200,10.6100,10.6600,10.6700,10.6800,10.6900,10.7000,134,378,334,89,264,211,1089,491,230,271
SZ,002375,2017-01-03 10:35:12,10.6500,2,11718.0000,11,S,10.6500,10.6400,10.6300,10.6200,10.6100,10.6600,10.6700,10.6800,10.6900,10.7000,126,378,334,89,264,208,1089,491,230,271
SZ,002375,2017-01-03 10:35:15,10.6600,3,106600.0000,100,B,10.6500,10.6400,10.6300,10.6200,10.6100,10.6600,10.6700,10.6800,10.6900,10.7000,126,378,334,89,264,113,1089,491,230,271
SZ,002375,2017-01-03 10:35:30,10.6600,2,15990.0000,15,B,10.6500,10.6400,10.6300,10.6200,10.6100,10.6600,10.6700,10.6800,10.6900,10.7000,176,378,334,103,264,178,1089,491,230,271
SZ,002375,2017-01-03 10:35:42,10.6500,1,7455.0000,7,S,10.6500,10.6400,10.6300,10.6200,10.6100,10.6600,10.6700,10.6800,10.6900,10.7000,169,405,334,103,264,245,1089,491,230,271
SZ,002375,2017-01-03 10:35:45,10.6600,1,12792.0000,12,B,10.6500,10.6400,10.6300,10.6200,10.6100,10.6600,10.6700,10.6800,10.6900,10.7000,169,415,334,103,264,256,1089,491,230,271
SZ,002375,2017-01-03 10:36:00,10.6500,1,5325.0000,5,S,10.6500,10.6400,10.6300,10.6200,10.6100,10.6600,10.6700,10.6800,10.6900,10.7000,164,454,334,103,264,261,1089,491,230,271
SZ,002375,2017-01-03 10:36:06,10.6600,1,12792.0000,12,B,10.6500,10.6400,10.6300,10.6200,10.6100,10.6600,10.6700,10.6800,10.6900,10.7000,172,454,334,103,264,261,1089,491,230,271
SZ,002375,2017-01-03 10:36:12,10.6500,1,7455.0000,7,S,10.6500,10.6400,10.6300,10.6200,10.6100,10.6600,10.6700,10.6800,10.6900,10.7000,202,454,334,103,264,261,1089,491,230,271
SZ,002375,2017-01-03 10:36:15,10.6600,1,10660.0000,10,B,10.6500,10.6400,10.6300,10.6200,10.6100,10.6600,10.6700,10.6800,10.6900,10.7000,202,454,334,103,264,251,1089,491,230,271
SZ,002375,2017-01-03 10:36:18,10.6600,1,4264.0000,4,B,10.6500,10.6400,10.6300,10.6200,10.6100,10.6600,10.6700,10.6800,10.6900,10.7000,183,454,334,103,264,247,1089,491,230,271
SZ,002375,2017-01-03 10:36:36,10.6600,2,21320.0000,20,B,10.6500,10.6400,10.6300,10.6200,10.6100,10.6600,10.6700,10.6800,10.6900,10.7000,183,454,334,103,264,227,1089,491,230,271
SZ,002375,2017-01-03 10:36:39,10.6500,1,2130.0000,2,S,10.6500,10.6400,10.6300,10.6200,10.6100,10.6600,10.6700,10.6800,10.6900,10.7000,181,454,334,103,264,227,1089,491,230,271
SZ,002375,2017-01-03 10:36:42,10.6500,4,8520.0000,8,S,10.6500,10.6400,10.6300,10.6200,10.6100,10.6600,10.6700,10.6800,10.6900,10.7000,173,454,334,103,264,227,1089,491,230,271
SZ,002375,2017-01-03 10:36:51,10.6600,12,241982.0000,227,B,10.6600,10.6500,10.6400,10.6300,10.6200,10.6700,10.6800,10.6900,10.7000,10.7100,35,192,415,334,103,1089,491,230,271,80
SZ,002375,2017-01-03 10:36:57,10.6600,1,31980.0000,30,S,10.6600,10.6500,10.6400,10.6300,10.6200,10.6700,10.6800,10.6900,10.7000,10.7100,22,209,415,334,103,1089,491,230,271,80
SZ,002375,2017-01-03 10:37:03,10.6600,2,23452.0000,22,S,10.6500,10.6400,10.6300,10.6200,10.6100,10.6600,10.6700,10.6800,10.6900,10.7000,209,415,334,103,264,54,1089,491,230,271
SZ,002375,2017-01-03 10:37:09,10.6600,1,1066.0000,1,B,10.6500,10.6400,10.6300,10.6200,10.6100,10.6600,10.6700,10.6800,10.6900,10.7000,209,415,334,103,264,53,1089,497,230,271
SZ,002375,2017-01-03 10:37:12,10.6500,1,8520.0000,8,S,10.6500,10.6400,10.6300,10.6200,10.6100,10.6600,10.6700,10.6800,10.6900,10.7000,202,415,334,103,264,58,1089,497,230,271
SZ,002375,2017-01-03 10:37:24,10.6500,3,106500.0000,100,S,10.6500,10.6400,10.6300,10.6200,10.6100,10.6600,10.6700,10.6800,10.6900,10.7000,102,415,334,103,264,58,1089,497,230,281
SZ,002375,2017-01-03 10:37:27,10.6600,1,5330.0000,5,B,10.6500,10.6400,10.6300,10.6200,10.6100,10.6600,10.6700,10.6800,10.6900,10.7000,102,435,334,103,264,53,1089,497,230,281
SZ,002375,2017-01-03 10:37:33,10.6600,1,21320.0000,20,B,10.6500,10.6400,10.6300,10.6200,10.6100,10.6600,10.6700,10.6800,10.6900,10.7000,102,435,334,103,264,33,1089,497,230,281
SZ,002375,2017-01-03 10:37:36,10.6600,1,10660.0000,10,B,10.6500,10.6400,10.6300,10.6200,10.6100,10.6600,10.6700,10.6800,10.6900,10.7000,102,435,334,103,264,23,1089,497,230,281
SZ,002375,2017-01-03 10:37:42,10.6500,1,7455.0000,7,S,10.6500,10.6400,10.6300,10.6200,10.6100,10.6600,10.6700,10.6800,10.6900,10.7000,95,435,334,110,264,193,1089,497,230,281
SZ,002375,2017-01-03 10:38:06,10.6500,2,2130.0000,2,S,10.6500,10.6400,10.6300,10.6200,10.6100,10.6600,10.6700,10.6800,10.6900,10.7000,113,435,334,110,264,185,1089,354,230,281
SZ,002375,2017-01-03 10:38:12,10.6500,3,60755.0000,57,S,10.6500,10.6400,10.6300,10.6200,10.6100,10.6600,10.6700,10.6800,10.6900,10.7000,106,435,334,110,264,135,1089,354,230,281
SZ,002375,2017-01-03 10:38:18,10.6500,1,19170.0000,18,S,10.6500,10.6400,10.6300,10.6200,10.6100,10.6600,10.6700,10.6800,10.6900,10.7000,88,435,334,110,266,135,1089,354,230,281
SZ,002375,2017-01-03 10:38:33,10.6500,1,8520.0000,8,S,10.6500,10.6400,10.6300,10.6200,10.6100,10.6600,10.6700,10.6800,10.6900,10.7000,85,435,334,110,266,245,1089,354,230,282
SZ,002375,2017-01-03 10:38:39,10.6600,1,4264.0000,4,B,10.6500,10.6400,10.6300,10.6200,10.6100,10.6600,10.6700,10.6800,10.6900,10.7000,82,435,334,110,266,241,1089,354,230,282
SZ,002375,2017-01-03 10:38:48,10.6500,3,10650.0000,10,S,10.6500,10.6400,10.6300,10.6200,10.6100,10.6600,10.6700,10.6800,10.6900,10.7000,553,435,334,110,266,241,1089,354,230,285
SZ,002375,2017-01-03 10:38:51,10.6500,3,37275.0000,35,S,10.6500,10.6400,10.6300,10.6200,10.6100,10.6600,10.6700,10.6800,10.6900,10.7000,518,435,334,110,266,241,1089,354,230,285
SZ,002375,2017-01-03 10:38:57,10.6500,1,8520.0000,8,S,10.6500,10.6400,10.6300,10.6200,10.6100,10.6600,10.6700,10.6800,10.6900,10.7000,510,435,334,110,266,241,1089,354,230,285
SZ,002375,2017-01-03 10:39:09,10.6600,1,1066.0000,1,B,10.6500,10.6400,10.6300,10.6200,10.6100,10.6600,10.6700,10.6800,10.6900,10.7000,510,417,334,110,266,260,1089,354,230,285
SZ,002375,2017-01-03 10:39:18,10.6600,1,20254.0000,19,B,10.6500,10.6400,10.6300,10.6200,10.6100,10.6600,10.6700,10.6800,10.6900,10.7000,510,417,334,110,266,271,1089,354,230,285
SZ,002375,2017-01-03 10:39:27,10.6500,1,7455.0000,7,S,10.6500,10.6400,10.6300,10.6200,10.6100,10.6600,10.6700,10.6800,10.6900,10.7000,503,417,334,110,266,271,1089,354,230,285
SZ,002375,2017-01-03 10:39:36,10.6600,3,130052.0000,122,B,10.6500,10.6400,10.6300,10.6200,10.6100,10.6600,10.6700,10.6800,10.6900,10.7000,503,417,334,110,266,149,1064,354,230,285
SZ,002375,2017-01-03 10:39:48,10.6600,1,1066.0000,1,B,10.6500,10.6400,10.6300,10.6200,10.6100,10.6600,10.6700,10.6800,10.6900,10.7000,503,417,334,110,266,148,1064,354,230,285
SZ,002375,2017-01-03 10:39:51,10.6600,1,5330.0000,5,B,10.6500,10.6400,10.6300,10.6200,10.6100,10.6600,10.6700,10.6800,10.6900,10.7000,503,417,334,110,266,143,1064,354,230,285
SZ,002375,2017-01-03 10:39:57,10.6500,3,8520.0000,8,S,10.6500,10.6400,10.6300,10.6200,10.6100,10.6600,10.6700,10.6800,10.6900,10.7000,495,417,334,110,266,147,1064,354,230,285
SZ,002375,2017-01-03 10:40:03,10.6600,1,3198.0000,3,B,10.6500,10.6400,10.6300,10.6200,10.6100,10.6600,10.6700,10.6800,10.6900,10.7000,495,417,334,110,266,144,1064,354,230,285
SZ,002375,2017-01-03 10:40:12,10.6600,1,6396.0000,6,B,10.6500,10.6400,10.6300,10.6200,10.6100,10.6600,10.6700,10.6800,10.6900,10.7000,495,417,334,110,266,165,1064,354,230,285
SZ,002375,2017-01-03 10:40:27,10.6500,1,7455.0000,7,S,10.6500,10.6400,10.6300,10.6200,10.6100,10.6600,10.6700,10.6800,10.6900,10.7000,488,417,334,110,266,175,1064,354,230,285
SZ,002375,2017-01-03 10:40:39,10.6600,1,4264.0000,4,B,10.6500,10.6400,10.6300,10.6200,10.6100,10.6600,10.6700,10.6800,10.6900,10.7000,488,427,334,110,266,274,1064,354,230,285
SZ,002375,2017-01-03 10:40:45,10.6600,1,4264.0000,4,B,10.6500,10.6400,10.6300,10.6200,10.6100,10.6600,10.6700,10.6800,10.6900,10.7000,488,427,334,110,266,270,1064,354,230,285
SZ,002375,2017-01-03 10:40:51,10.6600,1,4264.0000,4,B,10.6500,10.6400,10.6300,10.6200,10.6100,10.6600,10.6700,10.6800,10.6900,10.7000,488,427,334,110,266,426,1064,354,230,285
SZ,002375,2017-01-03 10:40:54,10.6600,1,2132.0000,2,B,10.6500,10.6400,10.6300,10.6200,10.6100,10.6600,10.6700,10.6800,10.6900,10.7000,488,427,334,110,266,429,1064,354,230,285
SZ,002375,2017-01-03 10:40:57,10.6500,1,8520.0000,8,S,10.6500,10.6400,10.6300,10.6200,10.6100,10.6600,10.6700,10.6800,10.6900,10.7000,480,427,334,110,266,429,1064,354,230,285
SZ,002375,2017-01-03 10:41:03,10.6600,1,4264.0000,4,B,10.6500,10.6400,10.6300,10.6200,10.6100,10.6600,10.6700,10.6800,10.6900,10.7000,480,427,334,110,266,425,1064,354,230,285
SZ,002375,2017-01-03 10:41:09,10.6600,1,1066.0000,1,B,10.6500,10.6400,10.6300,10.6200,10.6100,10.6600,10.6700,10.6800,10.6900,10.7000,480,427,334,110,266,424,1064,354,230,285
SZ,002375,2017-01-03 10:41:12,10.6600,1,6396.0000,6,B,10.6500,10.6400,10.6300,10.6200,10.6100,10.6600,10.6700,10.6800,10.6900,10.7000,480,427,334,110,266,418,1064,354,230,285
SZ,002375,2017-01-03 10:41:15,10.6600,1,3198.0000,3,B,10.6500,10.6400,10.6300,10.6200,10.6100,10.6600,10.6700,10.6800,10.6900,10.7000,501,427,334,110,266,415,1064,354,230,285
SZ,002375,2017-01-03 10:41:27,10.6500,1,7455.0000,7,S,10.6500,10.6400,10.6300,10.6200,10.6100,10.6600,10.6700,10.6800,10.6900,10.7000,494,427,334,110,266,415,1064,354,230,285
SZ,002375,2017-01-03 10:41:30,10.6500,1,10650.0000,10,S,10.6500,10.6400,10.6300,10.6200,10.6100,10.6600,10.6700,10.6800,10.6900,10.7000,484,427,334,110,266,415,1064,354,230,285
SZ,002375,2017-01-03 10:41:42,10.6500,1,10650.0000,10,S,10.6500,10.6400,10.6300,10.6200,10.6100,10.6600,10.6700,10.6800,10.6900,10.7000,474,427,334,110,266,415,1064,354,230,285
SZ,002375,2017-01-03 10:41:57,10.6500,1,8520.0000,8,S,10.6500,10.6400,10.6300,10.6200,10.6100,10.6600,10.6700,10.6800,10.6900,10.7000,476,427,334,110,266,415,1064,354,230,285
SZ,002375,2017-01-03 10:42:18,10.6600,2,20254.0000,19,B,10.6500,10.6400,10.6300,10.6200,10.6100,10.6600,10.6700,10.6800,10.6900,10.7000,495,427,334,110,266,396,1064,354,230,285
SZ,002375,2017-01-03 10:42:27,10.6500,1,7455.0000,7,S,10.6500,10.6400,10.6300,10.6200,10.6100,10.6600,10.6700,10.6800,10.6900,10.7000,488,427,334,110,266,396,1064,354,230,285
SZ,002375,2017-01-03 10:42:30,10.6500,1,10650.0000,10,S,10.6500,10.6400,10.6300,10.6200,10.6100,10.6600,10.6700,10.6800,10.6900,10.7000,478,427,334,110,266,401,1064,354,230,285
SZ,002375,2017-01-03 10:42:57,10.6500,1,8520.0000,8,S,10.6500,10.6400,10.6300,10.6200,10.6100,10.6600,10.6700,10.6800,10.6900,10.7000,475,427,334,110,266,334,1064,354,229,285
SZ,002375,2017-01-03 10:43:00,10.6600,10,146042.0000,137,B,10.6500,10.6400,10.6300,10.6200,10.6100,10.6600,10.6700,10.6800,10.6900,10.7000,475,427,334,110,266,197,1064,354,229,285
SZ,002375,2017-01-03 10:43:06,10.6500,2,15985.0000,15,S,10.6500,10.6400,10.6300,10.6200,10.6100,10.6600,10.6700,10.6800,10.6900,10.7000,470,427,334,110,266,244,1064,354,229,285
SZ,002375,2017-01-03 10:43:12,10.6600,1,1066.0000,1,B,10.6500,10.6400,10.6300,10.6200,10.6100,10.6600,10.6700,10.6800,10.6900,10.7000,470,427,334,110,266,244,1064,354,229,285
SZ,002375,2017-01-03 10:43:27,10.6600,2,34105.0000,32,B,10.6500,10.6400,10.6300,10.6200,10.6100,10.6600,10.6700,10.6800,10.6900,10.7000,471,427,334,110,266,219,1104,354,229,285
SZ,002375,2017-01-03 10:43:30,10.6600,1,5330.0000,5,B,10.6500,10.6400,10.6300,10.6200,10.6100,10.6600,10.6700,10.6800,10.6900,10.7000,471,427,334,110,266,214,1104,354,229,285
SZ,002375,2017-01-03 10:43:48,10.6600,2,106600.0000,100,B,10.6500,10.6400,10.6300,10.6200,10.6100,10.6600,10.6700,10.6800,10.6900,10.7000,472,427,334,110,266,114,1104,340,229,285
SZ,002375,2017-01-03 10:43:57,10.6500,1,8520.0000,8,S,10.6500,10.6400,10.6300,10.6200,10.6100,10.6600,10.6700,10.6800,10.6900,10.7000,464,427,334,110,266,118,1104,340,229,285
SZ,002375,2017-01-03 10:44:15,10.6500,1,60705.0000,57,S,10.6500,10.6400,10.6300,10.6200,10.6100,10.6600,10.6700,10.6800,10.6900,10.7000,428,427,339,110,266,61,1104,340,229,295
SZ,002375,2017-01-03 10:44:27,10.6500,2,18105.0000,17,S,10.6500,10.6400,10.6300,10.6200,10.6100,10.6600,10.6700,10.6800,10.6900,10.7000,411,427,339,110,266,71,1104,340,229,295
SZ,002375,2017-01-03 10:44:33,10.6600,5,53300.0000,50,B,10.6500,10.6400,10.6300,10.6200,10.6100,10.6600,10.6700,10.6800,10.6900,10.7000,411,427,339,110,266,21,1104,340,229,295
SZ,002375,2017-01-03 10:44:36,10.6600,3,10660.0000,10,B,10.6500,10.6400,10.6300,10.6200,10.6100,10.6600,10.6700,10.6800,10.6900,10.7000,437,427,339,110,266,11,1104,340,229,295
SZ,002375,2017-01-03 10:44:42,10.6600,3,11726.0000,11,B,10.6600,10.6500,10.6400,10.6300,10.6200,10.6700,10.6800,10.6900,10.7000,10.7100,13,437,427,339,110,1104,340,229,295,83
SZ,002375,2017-01-03 10:44:51,10.6600,1,13858.0000,13,S,10.6500,10.6400,10.6300,10.6200,10.6100,10.6600,10.6700,10.6800,10.6900,10.7000,437,427,339,110,266,63,1104,340,229,295
SZ,002375,2017-01-03 10:44:57,10.6500,1,8520.0000,8,S,10.6500,10.6400,10.6300,10.6200,10.6100,10.6600,10.6700,10.6800,10.6900,10.7000,429,427,339,110,266,63,1104,340,229,295
SZ,002375,2017-01-03 10:45:00,10.6600,1,4264.0000,4,B,10.6500,10.6400,10.6300,10.6200,10.6100,10.6600,10.6700,10.6800,10.6900,10.7000,429,427,339,110,266,59,1104,340,229,295
SZ,002375,2017-01-03 10:45:12,10.6600,1,1066.0000,1,B,10.6500,10.6400,10.6300,10.6200,10.6100,10.6600,10.6700,10.6800,10.6900,10.7000,430,427,339,110,266,58,1104,340,229,295
SZ,002375,2017-01-03 10:45:21,10.6600,2,103402.0000,97,B,10.6500,10.6400,10.6300,10.6200,10.6100,10.6600,10.6700,10.6800,10.6900,10.7000,430,427,339,110,136,61,1104,334,229,295
SZ,002375,2017-01-03 10:45:27,10.6600,2,23445.0000,22,B,10.6500,10.6400,10.6300,10.6200,10.6100,10.6600,10.6700,10.6800,10.6900,10.7000,423,427,339,110,136,46,1104,334,229,295
SZ,002375,2017-01-03 10:45:42,10.6600,2,14924.0000,14,B,10.6500,10.6400,10.6300,10.6200,10.6100,10.6600,10.6700,10.6800,10.6900,10.7000,422,427,469,110,136,37,1104,334,229,295
SZ,002375,2017-01-03 10:45:51,10.6600,1,2132.0000,2,B,10.6500,10.6400,10.6300,10.6200,10.6100,10.6600,10.6700,10.6800,10.6900,10.7000,422,427,469,110,136,35,1104,334,229,295
SZ,002375,2017-01-03 10:45:54,10.6600,1,5330.0000,5,B,10.6500,10.6400,10.6300,10.6200,10.6100,10.6600,10.6700,10.6800,10.6900,10.7000,422,427,469,110,136,30,1104,334,229,295
SZ,002375,2017-01-03 10:45:57,10.6500,1,8520.0000,8,S,10.6500,10.6400,10.6300,10.6200,10.6100,10.6600,10.6700,10.6800,10.6900,10.7000,424,427,339,110,136,30,1104,334,229,295
SZ,002375,2017-01-03 10:46:12,10.6600,2,31980.0000,30,B,10.6600,10.6500,10.6400,10.6300,10.6200,10.6700,10.6800,10.6900,10.7000,10.7100,70,424,427,339,110,1104,334,229,295,83
SZ,002375,2017-01-03 10:46:18,10.6700,1,1067.0000,1,B,10.6600,10.6500,10.6400,10.6300,10.6200,10.6700,10.6800,10.6900,10.7000,10.7100,75,424,427,339,240,1103,334,229,295,83
SZ,002375,2017-01-03 10:46:27,10.6700,3,28802.0000,27,B,10.6600,10.6500,10.6400,10.6300,10.6200,10.6700,10.6800,10.6900,10.7000,10.7100,63,429,427,339,240,1083,334,229,295,83
SZ,002375,2017-01-03 10:46:57,10.6600,1,8528.0000,8,S,10.6600,10.6500,10.6400,10.6300,10.6200,10.6700,10.6800,10.6900,10.7000,10.7100,81,423,294,339,130,1108,334,229,296,101
SZ,002375,2017-01-03 10:47:06,10.6700,1,4268.0000,4,B,10.6600,10.6500,10.6400,10.6300,10.6200,10.6700,10.6800,10.6900,10.7000,10.7100,215,433,294,339,130,1104,334,229,296,101
SZ,002375,2017-01-03 10:47:12,10.6700,1,1067.0000,1,B,10.6600,10.6500,10.6400,10.6300,10.6200,10.6700,10.6800,10.6900,10.7000,10.7100,215,433,294,339,130,1103,334,229,286,101
SZ,002375,2017-01-03 10:47:15,10.6700,1,5335.0000,5,B,10.6600,10.6500,10.6400,10.6300,10.6200,10.6700,10.6800,10.6900,10.7000,10.7100,215,433,292,339,130,1098,334,229,296,101
SZ,002375,2017-01-03 10:47:27,10.6600,1,8528.0000,8,S,10.6600,10.6500,10.6400,10.6300,10.6200,10.6700,10.6800,10.6900,10.7000,10.7100,207,433,292,339,130,1107,334,229,296,101
SZ,002375,2017-01-03 10:47:30,10.6700,2,33077.0000,31,B,10.6600,10.6500,10.6400,10.6300,10.6200,10.6700,10.6800,10.6900,10.7000,10.7100,207,433,292,339,130,1076,334,229,296,101
SZ,002375,2017-01-03 10:47:57,10.6700,2,8529.0000,8,B,10.6600,10.6500,10.6400,10.6300,10.6200,10.6700,10.6800,10.6900,10.7000,10.7100,298,433,316,339,130,1079,334,229,296,101
