市场代码,证券代码,时间,最新价,成交笔数,成交额,成交量,方向,买一价,买二价,买三价,买四价,买五价,卖一价,卖二价,卖三价,卖四价,卖五价,买一量,买二量,买三量,买四量,买五量,卖一量,卖二量,卖三量,卖四量,卖五量
SZ,002339,2017-01-03 09:25:03,18.9800,12,256230.0000,135,B,18.9500,18.9200,18.9000,18.8800,18.8600,18.9800,18.9900,19.0000,19.0100,19.0300,3,2,186,12,68,5,90,4,100,4
SZ,002339,2017-01-03 09:30:03,18.9100,28,758577.0000,401,S,18.9000,18.8800,18.8600,18.8100,18.8000,18.9100,18.9400,18.9500,18.9800,18.9900,93,12,73,1,535,3,11,2,17,72
SZ,002339,2017-01-03 09:30:06,18.9800,7,35988.0000,19,B,18.9100,18.9000,18.8800,18.8600,18.8300,18.9800,18.9900,19.0000,19.0300,19.0400,16,103,12,73,3,15,72,173,12,112
SZ,002339,2017-01-03 09:30:09,18.9900,2,56955.0000,30,B,18.9800,18.9100,18.9000,18.8800,18.8600,18.9900,19.0000,19.0300,19.0400,19.0500,2,16,103,12,73,57,173,12,112,12
SZ,002339,2017-01-03 09:30:12,18.9800,1,3796.0000,2,S,18.9100,18.9000,18.8800,18.8600,18.8300,18.9800,18.9900,19.0000,19.0300,19.0400,26,103,12,73,3,3,57,173,12,112
SZ,002339,2017-01-03 09:30:15,18.9000,12,275966.0000,146,S,18.8800,18.8600,18.8300,18.8100,18.8000,18.9000,18.9800,18.9900,19.0000,19.0300,12,73,3,56,535,59,6,57,173,12
SZ,002339,2017-01-03 09:30:18,18.9000,2,24570.0000,13,B,18.8800,18.8600,18.8300,18.8100,18.8000,18.9000,18.9800,18.9900,19.0000,19.0300,12,73,3,56,535,46,6,57,173,12
SZ,002339,2017-01-03 09:30:24,18.8800,1,1888.0000,1,S,18.8800,18.8600,18.8300,18.8100,18.8000,18.9000,18.9800,18.9900,19.0000,19.0300,11,73,3,56,535,46,6,57,173,12
SZ,002339,2017-01-03 09:30:27,18.8600,5,158446.0000,84,S,18.8300,18.8100,18.8000,18.7800,18.7600,18.8600,18.9000,18.9800,18.9900,19.0000,3,56,535,2,2,24,49,6,57,173
SZ,002339,2017-01-03 09:30:36,18.8600,1,37720.0000,20,B,18.8500,18.8300,18.8100,18.8000,18.7800,18.8600,18.9800,18.9900,19.0000,19.0300,5,3,56,535,2,4,6,57,173,12
SZ,002339,2017-01-03 09:30:39,18.8600,7,35785.0000,19,B,18.8600,18.8500,18.8100,18.8000,18.7800,18.9800,18.9900,19.0000,19.0300,19.0400,2,3,49,535,2,3,57,173,12,112
SZ,002339,2017-01-03 09:30:42,18.8500,2,5657.0000,3,S,18.8500,18.8300,18.8100,18.8000,18.7800,18.9800,18.9900,19.0000,19.0300,19.0400,2,25,99,535,2,3,57,173,12,112
SZ,002339,2017-01-03 09:30:45,18.8500,1,3770.0000,2,S,18.8300,18.8100,18.8000,18.7800,18.7600,18.8500,18.9800,18.9900,19.0000,19.0300,32,154,535,2,2,44,3,57,173,12
SZ,002339,2017-01-03 09:30:57,18.8500,2,75370.0000,40,B,18.8300,18.8200,18.8100,18.8000,18.7800,18.8500,18.8800,18.9800,18.9900,19.0000,37,100,154,535,2,69,1,29,57,173
SZ,002339,2017-01-03 09:31:00,18.8300,6,79110.0000,42,S,18.8400,18.8300,18.8200,18.8100,18.8000,18.8500,18.8800,18.9800,18.9900,19.0000,10,48,167,163,535,57,1,29,57,173
SZ,002339,2017-01-03 09:31:03,18.8500,3,20735.0000,11,B,18.8400,18.8300,18.8200,18.8100,18.8000,18.8500,18.8800,18.9800,18.9900,19.0000,10,55,167,163,548,46,1,29,57,173
SZ,002339,2017-01-03 09:31:06,18.8500,1,56550.0000,30,B,18.8400,18.8300,18.8200,18.8100,18.8000,18.8500,18.8800,18.9800,18.9900,19.0000,10,55,192,163,555,116,1,29,57,173
SZ,002339,2017-01-03 09:31:09,18.8500,1,18850.0000,10,B,18.8400,18.8300,18.8200,18.8100,18.8000,18.8500,18.8800,18.9800,18.9900,19.0000,20,55,192,163,555,106,1,29,57,173
SZ,002339,2017-01-03 09:31:12,18.8500,4,39585.0000,21,B,18.8400,18.8300,18.8200,18.8100,18.8000,18.8500,18.8600,18.8800,18.8900,18.9800,20,55,192,163,555,85,2,1,14,39
SZ,002339,2017-01-03 09:31:15,18.8500,1,33930.0000,18,B,18.8400,18.8300,18.8200,18.8100,18.8000,18.8500,18.8600,18.8800,18.8900,18.9800,30,55,192,163,555,68,2,1,14,39
SZ,002339,2017-01-03 09:31:18,18.8800,5,133840.0000,71,B,18.8800,18.8400,18.8300,18.8200,18.8100,18.8900,18.9800,18.9900,19.0000,19.0300,2,30,55,192,163,14,39,57,173,12
SZ,002339,2017-01-03 09:31:21,18.8900,1,26446.0000,14,B,18.9000,18.8800,18.8500,18.8400,18.8300,18.9800,18.9900,19.0000,19.0300,19.0400,6,2,5,30,55,39,57,173,12,112
SZ,002339,2017-01-03 09:31:27,18.9000,1,3780.0000,2,S,18.9000,18.8900,18.8800,18.8500,18.8400,18.9800,18.9900,19.0000,19.0300,19.0400,4,10,2,5,30,39,57,173,12,112
SZ,002339,2017-01-03 09:31:33,18.9800,2,18980.0000,10,B,18.9000,18.8900,18.8800,18.8500,18.8400,18.9800,18.9900,19.0000,19.0300,19.0400,4,28,3,9,30,29,57,173,12,112
SZ,002339,2017-01-03 09:31:36,18.9000,2,7560.0000,4,S,18.8900,18.8800,18.8500,18.8400,18.8300,18.9000,18.9800,18.9900,19.0000,19.0300,28,3,19,30,55,26,29,57,173,12
SZ,002339,2017-01-03 09:31:45,18.9000,2,28350.0000,15,B,18.8900,18.8800,18.8500,18.8400,18.8300,18.9000,18.9700,18.9800,18.9900,19.0000,18,3,24,30,55,11,23,29,57,173
SZ,002339,2017-01-03 09:31:48,18.8900,1,7556.0000,4,S,18.8900,18.8800,18.8500,18.8400,18.8300,18.9000,18.9700,18.9800,18.9900,19.0000,14,3,24,30,55,14,23,29,57,173
SZ,002339,2017-01-03 09:31:57,18.9000,3,26460.0000,14,B,18.9000,18.8900,18.8800,18.8500,18.8400,18.9700,18.9800,18.9900,19.0000,19.0300,11,19,3,34,30,23,29,57,173,12
SZ,002339,2017-01-03 09:32:00,18.9000,1,9450.0000,5,S,18.9000,18.8900,18.8800,18.8500,18.8400,18.9700,18.9800,18.9900,19.0000,19.0300,6,19,3,35,30,23,49,57,173,12
SZ,002339,2017-01-03 09:32:03,18.9700,1,18970.0000,10,B,18.9000,18.8900,18.8800,18.8500,18.8400,18.9700,18.9800,18.9900,19.0000,19.0300,6,72,3,36,30,13,49,57,173,12
SZ,002339,2017-01-03 09:32:06,18.9700,6,102314.0000,54,B,18.8900,18.8800,18.8500,18.8400,18.8300,18.9700,18.9800,18.9900,19.0000,19.0300,69,3,35,30,55,2,49,57,173,12
SZ,002339,2017-01-03 09:32:09,18.9700,1,3794.0000,2,B,18.9700,18.9000,18.8900,18.8800,18.8500,18.9800,18.9900,19.0000,19.0300,19.0400,48,69,69,3,35,49,57,173,12,106
SZ,002339,2017-01-03 09:32:12,18.9700,2,91056.0000,48,S,18.9000,18.8900,18.8800,18.8500,18.8400,18.9600,18.9700,18.9800,18.9900,19.0000,69,69,3,31,30,13,10,49,57,173
SZ,002339,2017-01-03 09:32:33,18.9600,1,15168.0000,8,B,18.9200,18.9100,18.9000,18.8900,18.8800,18.9600,18.9700,18.9800,18.9900,19.0000,5,21,40,69,3,15,25,29,57,173
SZ,002339,2017-01-03 09:32:42,18.9200,3,22744.0000,12,S,18.9200,18.9100,18.9000,18.8900,18.8800,18.9600,18.9700,18.9800,18.9900,19.0000,13,21,40,69,3,5,25,29,57,173
SZ,002339,2017-01-03 09:32:45,18.9600,3,20856.0000,11,B,18.9600,18.9200,18.9100,18.9000,18.8900,18.9700,18.9800,18.9900,19.0000,19.0300,9,87,21,40,69,25,29,57,173,12
SZ,002339,2017-01-03 09:32:48,18.9800,4,91079.0000,48,B,18.9600,18.9200,18.9100,18.9000,18.8900,18.9800,18.9900,19.0000,19.0300,19.0400,9,87,41,40,69,6,57,173,12,197
SZ,002339,2017-01-03 09:32:54,19.0000,8,244712.0000,129,B,18.9800,18.9200,18.9100,18.9000,18.8900,19.0000,19.0300,19.0400,19.0500,19.0600,8,55,41,40,69,157,12,197,12,17
SZ,002339,2017-01-03 09:32:57,18.9800,1,15184.0000,8,S,18.9100,18.9000,18.8900,18.8800,18.8500,18.9600,18.9900,19.0000,19.0300,19.0400,41,40,69,3,65,2,10,157,12,197
SZ,002339,2017-01-03 09:33:00,18.9300,1,11358.0000,6,S,18.9200,18.9100,18.9000,18.8900,18.8800,18.9300,18.9600,18.9900,19.0000,19.0300,8,41,40,69,3,94,2,10,157,12
SZ,002339,2017-01-03 09:33:06,18.9300,1,9465.0000,5,B,18.9200,18.9100,18.9000,18.8900,18.8800,18.9300,18.9600,18.9900,19.0000,19.0300,23,41,40,69,3,89,2,10,167,8
SZ,002339,2017-01-03 09:33:09,18.9300,3,132510.0000,70,B,18.9200,18.9100,18.9000,18.8900,18.8800,18.9300,18.9600,18.9900,19.0000,19.0300,23,41,60,69,3,19,2,10,167,8
SZ,002339,2017-01-03 09:33:12,18.9000,5,189087.0000,100,S,18.9000,18.8900,18.8800,18.8500,18.8400,18.9300,18.9600,18.9900,19.0000,19.0300,24,69,3,65,30,19,2,10,167,8
SZ,002339,2017-01-03 09:33:15,18.9600,2,39759.0000,21,B,18.9600,18.9100,18.9000,18.8900,18.8800,18.9900,19.0000,19.0300,19.0400,19.0500,29,10,24,69,3,10,167,8,197,12
SZ,002339,2017-01-03 09:33:21,18.9600,1,54984.0000,29,S,18.9200,18.9100,18.9000,18.8900,18.8800,18.9600,18.9900,19.0000,19.0300,19.0400,5,10,28,69,3,11,13,167,8,197
SZ,002339,2017-01-03 09:33:24,18.9600,1,5688.0000,3,B,18.9200,18.9100,18.9000,18.8900,18.8800,18.9600,18.9800,18.9900,19.0000,19.0300,5,10,28,69,3,23,4,10,167,8
SZ,002339,2017-01-03 09:33:27,18.9600,1,3792.0000,2,B,18.9200,18.9100,18.9000,18.8900,18.8800,18.9600,18.9800,18.9900,19.0000,19.0300,5,10,28,69,3,21,4,10,167,8
SZ,002339,2017-01-03 09:33:33,18.9600,2,15168.0000,8,B,18.9300,18.9200,18.9100,18.9000,18.8900,18.9600,18.9800,18.9900,19.0000,19.0200,10,6,10,28,69,23,4,329,167,2
SZ,002339,2017-01-03 09:33:42,18.9300,1,15144.0000,8,S,18.9300,18.9200,18.9100,18.9000,18.8900,18.9400,18.9600,18.9700,18.9800,18.9900,2,35,10,28,69,100,23,3,34,329
SZ,002339,2017-01-03 09:33:48,18.9400,2,89016.0000,47,B,18.9300,18.9200,18.9100,18.9000,18.8900,18.9400,18.9500,18.9600,18.9700,18.9800,5,35,10,28,69,55,5,33,3,36
SZ,002339,2017-01-03 09:33:54,18.9300,1,9465.0000,5,S,18.9200,18.9100,18.9000,18.8900,18.8800,18.9300,18.9400,18.9500,18.9600,18.9700,35,10,28,69,3,22,55,5,33,3
SZ,002339,2017-01-03 09:33:57,18.9200,3,47300.0000,25,S,18.9200,18.9100,18.9000,18.8900,18.8800,18.9300,18.9400,18.9500,18.9600,18.9700,10,10,28,69,3,125,55,5,33,3
SZ,002339,2017-01-03 09:34:06,18.9200,2,22704.0000,12,S,18.9100,18.9000,18.8900,18.8800,18.8700,18.9200,18.9300,18.9400,18.9500,18.9600,10,28,69,12,10,18,125,55,6,33
SZ,002339,2017-01-03 09:34:15,18.9000,5,90730.0000,48,S,18.8900,18.8800,18.8700,18.8500,18.8400,18.9000,18.9100,18.9200,18.9300,18.9400,69,12,10,75,30,62,126,35,129,55
SZ,002339,2017-01-03 09:34:24,18.9000,3,136070.0000,72,B,18.9000,18.8900,18.8800,18.8700,18.8500,18.9100,18.9200,18.9300,18.9400,18.9500,31,59,12,10,75,164,35,129,55,1
SZ,002339,2017-01-03 09:34:27,18.9000,1,56700.0000,30,S,18.9000,18.8900,18.8800,18.8700,18.8500,18.9100,18.9200,18.9300,18.9400,18.9500,1,59,12,10,75,164,35,129,55,1
SZ,002339,2017-01-03 09:34:33,18.8900,3,5668.0000,3,S,18.9000,18.8900,18.8800,18.8700,18.8500,18.9100,18.9200,18.9300,18.9400,18.9500,15,57,12,10,75,164,35,129,55,1
SZ,002339,2017-01-03 09:34:36,18.9000,4,228700.0000,121,S,18.9000,18.8900,18.8800,18.8700,18.8500,18.9100,18.9200,18.9300,18.9400,18.9500,204,57,12,10,75,154,35,129,55,1
SZ,002339,2017-01-03 09:34:39,18.9000,4,315630.0000,167,S,18.9000,18.8900,18.8800,18.8700,18.8500,18.9100,18.9200,18.9300,18.9400,18.9500,47,57,12,10,75,154,35,129,55,1
SZ,002339,2017-01-03 09:34:42,18.9000,1,1890.0000,1,S,18.9000,18.8900,18.8800,18.8700,18.8500,18.9100,18.9200,18.9300,18.9400,18.9500,46,53,12,10,95,154,35,129,55,2
SZ,002339,2017-01-03 09:34:45,18.9100,4,291214.0000,154,B,18.9100,18.9000,18.8900,18.8800,18.8700,18.9200,18.9300,18.9400,18.9500,18.9600,65,72,53,12,10,35,129,55,2,33
SZ,002339,2017-01-03 09:34:48,18.9100,1,5673.0000,3,S,18.9100,18.9000,18.8900,18.8800,18.8700,18.9200,18.9300,18.9400,18.9500,18.9600,62,79,53,12,10,35,129,55,3,33
SZ,002339,2017-01-03 09:34:54,18.9000,3,26469.0000,14,S,18.9000,18.8900,18.8800,18.8700,18.8500,18.9100,18.9200,18.9300,18.9400,18.9500,74,53,12,10,95,15,35,126,55,3
SZ,002339,2017-01-03 09:34:57,18.9100,1,28365.0000,15,B,18.9100,18.9000,18.8900,18.8800,18.8700,18.9200,18.9300,18.9400,18.9500,18.9600,229,124,53,12,10,35,126,55,3,33
SZ,002339,2017-01-03 09:35:00,18.9100,7,276141.0000,146,S,18.9100,18.9000,18.8900,18.8800,18.8700,18.9300,18.9400,18.9500,18.9600,18.9800,128,124,53,12,10,116,55,3,33,36
SZ,002339,2017-01-03 09:35:03,18.9000,8,582301.0000,308,S,18.9000,18.8900,18.8800,18.8700,18.8500,18.9300,18.9400,18.9500,18.9600,18.9800,2,53,12,10,95,116,55,3,33,36
SZ,002339,2017-01-03 09:35:06,18.9000,1,3780.0000,2,S,18.8900,18.8800,18.8700,18.8500,18.8400,18.9000,18.9300,18.9400,18.9500,18.9600,53,12,10,95,20,3,116,55,3,33
SZ,002339,2017-01-03 09:35:09,18.9300,2,22707.0000,12,B,18.9200,18.8900,18.8800,18.8700,18.8500,18.9300,18.9400,18.9500,18.9600,18.9800,47,53,12,10,95,107,55,3,33,36
SZ,002339,2017-01-03 09:35:12,18.9200,1,17028.0000,9,S,18.9200,18.8900,18.8800,18.8700,18.8500,18.9300,18.9400,18.9500,18.9600,18.9800,38,53,12,10,95,107,55,3,33,36
SZ,002339,2017-01-03 09:35:15,18.9200,2,3785.0000,2,S,18.9200,18.9000,18.8900,18.8800,18.8700,18.9300,18.9400,18.9500,18.9600,18.9800,37,5,53,12,10,106,55,3,33,36
SZ,002339,2017-01-03 09:35:18,18.9200,3,68112.0000,36,S,18.9200,18.9000,18.8900,18.8800,18.8700,18.9300,18.9400,18.9500,18.9600,18.9800,1,5,53,12,10,106,55,3,33,36
SZ,002339,2017-01-03 09:35:30,18.9300,2,9465.0000,5,B,18.9200,18.9000,18.8900,18.8800,18.8700,18.9300,18.9400,18.9500,18.9600,18.9800,1,10,53,12,40,101,55,3,33,36
SZ,002339,2017-01-03 09:35:33,18.9200,1,1892.0000,1,S,18.9000,18.8900,18.8800,18.8700,18.8500,18.9200,18.9300,18.9400,18.9500,18.9600,10,54,12,40,95,19,101,55,3,33
SZ,002339,2017-01-03 09:35:42,18.9200,1,9460.0000,5,B,18.9000,18.8900,18.8800,18.8700,18.8500,18.9200,18.9300,18.9400,18.9500,18.9600,30,54,12,40,100,7,101,55,3,33
SZ,002339,2017-01-03 09:35:48,18.9000,4,60480.0000,32,S,18.8900,18.8800,18.8700,18.8500,18.8400,18.9000,18.9200,18.9300,18.9400,18.9500,54,12,40,100,20,51,7,101,55,3
SZ,002339,2017-01-03 09:35:57,18.9000,2,60450.0000,32,B,18.8900,18.8800,18.8700,18.8500,18.8400,18.9000,18.9200,18.9300,18.9400,18.9500,24,12,40,100,20,49,4,97,55,3
SZ,002339,2017-01-03 09:36:03,18.9000,1,9450.0000,5,B,18.8900,18.8800,18.8700,18.8500,18.8400,18.9000,18.9200,18.9300,18.9400,18.9500,24,12,40,105,20,44,4,97,55,3
SZ,002339,2017-01-03 09:36:09,18.8900,2,45336.0000,24,S,18.8800,18.8700,18.8500,18.8400,18.8300,18.8900,18.9000,18.9200,18.9300,18.9400,12,40,105,20,59,1,44,4,97,55
SZ,002339,2017-01-03 09:36:12,18.8800,4,9443.0000,5,S,18.8800,18.8700,18.8500,18.8400,18.8300,18.8900,18.9000,18.9200,18.9300,18.9400,9,40,105,20,59,10,43,4,97,55
SZ,002339,2017-01-03 09:36:18,18.8800,1,16992.0000,9,S,18.8700,18.8500,18.8400,18.8300,18.8200,18.8800,18.8900,18.9000,18.9200,18.9300,40,106,20,59,174,1,10,116,4,97
SZ,002339,2017-01-03 09:36:24,18.8700,5,83032.0000,44,S,18.8500,18.8400,18.8300,18.8200,18.8100,18.8700,18.8900,18.9000,18.9200,18.9300,106,20,59,174,176,4,10,116,4,97
SZ,002339,2017-01-03 09:36:27,18.8700,1,3774.0000,2,B,18.8500,18.8400,18.8300,18.8200,18.8100,18.8700,18.8900,18.9000,18.9200,18.9300,106,20,59,174,176,2,10,116,4,97
SZ,002339,2017-01-03 09:36:30,18.8700,6,58439.0000,31,B,18.8700,18.8500,18.8400,18.8300,18.8200,18.8900,18.9000,18.9200,18.9300,18.9400,5,77,20,59,174,10,43,4,97,79
SZ,002339,2017-01-03 09:36:39,18.8700,4,58497.0000,31,S,18.8700,18.8500,18.8400,18.8300,18.8200,18.8900,18.9000,18.9200,18.9300,18.9400,67,77,20,59,174,10,43,5,97,79
SZ,002339,2017-01-03 09:36:42,18.8700,2,58497.0000,31,S,18.8700,18.8600,18.8500,18.8400,18.8300,18.8900,18.9000,18.9200,18.9300,18.9400,36,100,77,20,59,10,44,15,97,79
SZ,002339,2017-01-03 09:36:48,18.8800,1,18880.0000,10,S,18.8700,18.8600,18.8500,18.8400,18.8300,18.8900,18.9000,18.9200,18.9300,18.9400,46,102,77,20,59,60,44,5,97,79
SZ,002339,2017-01-03 09:36:51,18.8700,1,37740.0000,20,S,18.8700,18.8600,18.8500,18.8400,18.8300,18.8900,18.9000,18.9200,18.9300,18.9400,26,102,77,20,59,60,44,5,97,79
SZ,002339,2017-01-03 09:36:57,18.8700,3,49062.0000,26,S,18.8600,18.8500,18.8400,18.8300,18.8200,18.8700,18.8900,18.9000,18.9200,18.9300,102,77,20,59,174,4,60,44,5,97
SZ,002339,2017-01-03 09:37:00,18.8600,1,18860.0000,10,S,18.8600,18.8500,18.8400,18.8300,18.8200,18.8700,18.8900,18.9000,18.9200,18.9300,92,77,20,59,174,10,60,44,5,97
SZ,002339,2017-01-03 09:37:03,18.8700,3,88652.0000,47,B,18.8700,18.8600,18.8500,18.8400,18.8300,18.8900,18.9000,18.9200,18.9300,18.9400,54,55,77,20,59,60,44,15,97,79
SZ,002339,2017-01-03 09:37:06,18.8700,1,9435.0000,5,S,18.8700,18.8600,18.8500,18.8400,18.8300,18.8900,18.9000,18.9200,18.9300,18.9400,49,55,77,20,59,60,44,15,97,79
SZ,002339,2017-01-03 09:37:09,18.8700,2,37740.0000,20,S,18.8700,18.8600,18.8500,18.8400,18.8300,18.8900,18.9000,18.9200,18.9300,18.9400,29,55,77,20,59,60,44,15,97,79
SZ,002339,2017-01-03 09:37:12,18.8700,1,1887.0000,1,S,18.8700,18.8600,18.8500,18.8400,18.8300,18.8900,18.9000,18.9200,18.9300,18.9400,40,55,77,20,59,60,44,15,97,79
SZ,002339,2017-01-03 09:37:18,18.8700,2,75480.0000,40,S,18.8700,18.8600,18.8500,18.8400,18.8300,18.8900,18.9000,18.9200,18.9300,18.9400,2,55,77,20,64,60,44,15,97,79
SZ,002339,2017-01-03 09:37:21,18.8900,2,56670.0000,30,B,18.8700,18.8600,18.8500,18.8400,18.8300,18.8900,18.9000,18.9200,18.9300,18.9400,2,60,77,20,64,30,44,15,97,79
SZ,002339,2017-01-03 09:37:27,18.8700,2,18870.0000,10,S,18.8700,18.8600,18.8500,18.8400,18.8300,18.8900,18.9000,18.9200,18.9300,18.9400,22,60,77,20,64,30,44,15,97,79
SZ,002339,2017-01-03 09:37:30,18.8800,1,9440.0000,5,B,18.8700,18.8600,18.8500,18.8400,18.8300,18.8800,18.8900,18.9000,18.9200,18.9300,22,60,77,20,64,6,30,44,15,97
SZ,002339,2017-01-03 09:37:33,18.8800,1,1888.0000,1,B,18.8700,18.8600,18.8500,18.8400,18.8300,18.8800,18.8900,18.9000,18.9200,18.9300,22,60,77,20,64,5,30,44,15,97
SZ,002339,2017-01-03 09:37:36,18.8700,1,9435.0000,5,S,18.8700,18.8600,18.8500,18.8400,18.8300,18.8800,18.8900,18.9000,18.9200,18.9300,37,60,77,20,64,5,30,44,15,97
SZ,002339,2017-01-03 09:37:39,18.8700,5,73595.0000,39,S,18.8600,18.8500,18.8400,18.8300,18.8200,18.8700,18.8800,18.8900,18.9000,18.9200,60,77,20,64,174,1,3,30,44,15
SZ,002339,2017-01-03 09:37:42,18.8700,1,1887.0000,1,B,18.8700,18.8600,18.8500,18.8400,18.8300,18.8800,18.8900,18.9000,18.9200,18.9300,49,60,77,20,64,3,30,44,15,97
SZ,002339,2017-01-03 09:37:45,18.8800,1,5664.0000,3,B,18.8800,18.8700,18.8600,18.8500,18.8400,18.8900,18.9000,18.9200,18.9300,18.9400,17,49,60,77,20,30,44,15,97,79
SZ,002339,2017-01-03 09:37:54,18.8900,1,1889.0000,1,B,18.8800,18.8700,18.8600,18.8500,18.8400,18.8900,18.9000,18.9200,18.9300,18.9400,18,55,73,77,20,29,44,15,97,79
SZ,002339,2017-01-03 09:37:57,18.8900,6,41538.0000,22,B,18.8800,18.8700,18.8600,18.8500,18.8400,18.8900,18.9000,18.9200,18.9300,18.9400,24,55,73,77,20,27,44,15,97,79
SZ,002339,2017-01-03 09:38:00,18.8800,1,18880.0000,10,S,18.8800,18.8700,18.8600,18.8500,18.8400,18.8900,18.9000,18.9200,18.9300,18.9400,14,55,101,77,20,27,44,15,97,79
SZ,002339,2017-01-03 09:38:03,18.8900,2,51003.0000,27,S,18.8900,18.8800,18.8700,18.8600,18.8500,18.9000,18.9200,18.9300,18.9400,18.9500,11,14,55,101,87,44,15,97,79,4
SZ,002339,2017-01-03 09:38:06,18.8800,2,47211.0000,25,S,18.8700,18.8600,18.8500,18.8400,18.8300,18.8800,18.9000,18.9200,18.9300,18.9400,55,101,87,20,64,95,48,15,97,79
SZ,002339,2017-01-03 09:38:09,18.8800,1,81184.0000,43,B,18.8700,18.8600,18.8500,18.8400,18.8300,18.8800,18.9000,18.9200,18.9300,18.9400,55,101,87,20,64,129,48,15,97,79
SZ,002339,2017-01-03 09:38:12,18.8800,2,213344.0000,113,B,18.8700,18.8600,18.8500,18.8400,18.8300,18.8800,18.9000,18.9200,18.9300,18.9400,55,101,87,20,64,16,48,15,97,79
SZ,002339,2017-01-03 09:38:15,18.8800,1,30208.0000,16,B,18.8900,18.8700,18.8600,18.8500,18.8400,18.9000,18.9200,18.9300,18.9400,18.9500,34,55,101,87,20,44,15,97,79,4
SZ,002339,2017-01-03 09:38:18,18.8900,1,1889.0000,1,S,18.8900,18.8700,18.8600,18.8500,18.8400,18.9000,18.9200,18.9300,18.9400,18.9500,33,55,101,99,20,44,15,97,79,4
SZ,002339,2017-01-03 09:38:21,18.9000,1,68040.0000,36,B,18.8900,18.8800,18.8700,18.8600,18.8500,18.9000,18.9200,18.9300,18.9400,18.9500,33,76,55,101,99,8,15,97,79,4
SZ,002339,2017-01-03 09:38:24,18.8900,1,3778.0000,2,S,18.8900,18.8800,18.8700,18.8600,18.8500,18.9000,18.9200,18.9300,18.9400,18.9500,31,79,55,101,199,8,15,97,79,4
SZ,002339,2017-01-03 09:38:27,18.8900,1,3778.0000,2,S,18.8900,18.8800,18.8700,18.8600,18.8500,18.9000,18.9200,18.9300,18.9400,18.9500,29,79,55,101,199,8,15,97,79,4
SZ,002339,2017-01-03 09:38:30,18.9000,2,9450.0000,5,B,18.8900,18.8800,18.8700,18.8600,18.8500,18.9000,18.9200,18.9300,18.9400,18.9500,29,79,55,101,200,3,15,97,79,4
SZ,002339,2017-01-03 09:38:33,18.8900,2,54781.0000,29,S,18.8800,18.8700,18.8600,18.8500,18.8400,18.8900,18.9000,18.9200,18.9300,18.9400,79,55,101,200,20,15,53,15,97,79
SZ,002339,2017-01-03 09:38:39,18.9000,6,56685.0000,30,B,18.8800,18.8700,18.8600,18.8500,18.8400,18.9000,18.9200,18.9300,18.9400,18.9500,79,58,102,200,20,42,15,97,79,4
SZ,002339,2017-01-03 09:38:42,18.8800,2,9440.0000,5,S,18.8800,18.8700,18.8600,18.8500,18.8400,18.8900,18.9000,18.9200,18.9300,18.9400,71,58,102,200,20,10,42,15,97,79
SZ,002339,2017-01-03 09:38:48,18.8800,1,3776.0000,2,S,18.8800,18.8700,18.8600,18.8500,18.8400,18.8900,18.9000,18.9200,18.9300,18.9400,69,78,107,205,20,10,42,15,97,79
SZ,002339,2017-01-03 09:38:51,18.9000,3,22670.0000,12,B,18.8800,18.8700,18.8600,18.8500,18.8400,18.9000,18.9200,18.9300,18.9400,18.9500,69,78,110,193,20,40,15,97,55,4
SZ,002339,2017-01-03 09:39:03,18.9000,1,18900.0000,10,B,18.8900,18.8800,18.8700,18.8600,18.8500,18.9000,18.9200,18.9300,18.9400,18.9500,300,80,88,110,193,154,15,97,55,8
SZ,002339,2017-01-03 09:39:06,18.9000,4,340150.0000,180,B,18.8900,18.8800,18.8700,18.8600,18.8500,18.9000,18.9200,18.9300,18.9400,18.9500,250,80,88,110,193,24,15,97,55,8
SZ,002339,2017-01-03 09:39:09,18.8900,1,9445.0000,5,S,18.8900,18.8800,18.8700,18.8600,18.8500,18.9000,18.9200,18.9300,18.9400,18.9500,145,80,88,110,193,24,15,97,55,8
SZ,002339,2017-01-03 09:39:12,18.9300,5,100242.0000,53,B,18.9000,18.8900,18.8800,18.8700,18.8600,18.9300,18.9400,18.9500,18.9600,18.9700,5,145,180,88,110,83,55,8,37,150
SZ,002339,2017-01-03 09:39:15,18.8900,3,292800.0000,155,S,18.8800,18.8700,18.8600,18.8500,18.8400,18.8900,18.9000,18.9300,18.9400,18.9500,180,88,110,200,20,45,7,83,55,8
SZ,002339,2017-01-03 09:39:18,18.8900,3,49114.0000,26,B,18.8800,18.8700,18.8600,18.8500,18.8400,18.8900,18.9000,18.9300,18.9400,18.9500,186,88,110,200,20,20,7,83,55,8
SZ,002339,2017-01-03 09:39:24,18.9000,6,51010.0000,27,B,18.9000,18.8800,18.8700,18.8600,18.8500,18.9300,18.9400,18.9500,18.9600,18.9700,114,187,88,110,200,83,55,8,37,150
SZ,002339,2017-01-03 09:39:27,18.9000,2,30240.0000,16,S,18.9000,18.8900,18.8800,18.8700,18.8600,18.9300,18.9400,18.9500,18.9600,18.9700,115,50,187,88,110,83,55,8,37,150
SZ,002339,2017-01-03 09:39:30,18.9000,1,51030.0000,27,S,18.9000,18.8900,18.8800,18.8700,18.8600,18.9300,18.9400,18.9500,18.9600,18.9700,88,60,187,88,110,83,55,8,37,150
SZ,002339,2017-01-03 09:39:36,18.9000,1,56700.0000,30,S,18.9000,18.8900,18.8800,18.8700,18.8600,18.9300,18.9400,18.9500,18.9600,18.9700,58,60,187,88,110,88,55,8,37,150
SZ,002339,2017-01-03 09:39:42,18.9300,2,166584.0000,88,B,18.9300,18.9100,18.9000,18.8900,18.8800,18.9400,18.9500,18.9600,18.9700,18.9800,12,10,78,90,187,55,8,37,150,43
SZ,002339,2017-01-03 09:39:54,18.9300,2,85220.0000,45,S,18.9300,18.9200,18.9100,18.9000,18.8900,18.9400,18.9500,18.9600,18.9700,18.9800,2,4,54,108,87,20,8,37,150,43
SZ,002339,2017-01-03 09:39:57,18.9400,1,18940.0000,10,B,18.9300,18.9200,18.9100,18.9000,18.8900,18.9400,18.9500,18.9600,18.9700,18.9800,2,4,54,108,87,10,8,37,50,43
SZ,002339,2017-01-03 09:40:00,18.9400,1,18940.0000,10,B,18.9400,18.9300,18.9200,18.9100,18.9000,18.9500,18.9600,18.9700,18.9800,18.9900,12,5,4,54,108,8,37,50,43,11
SZ,002339,2017-01-03 09:40:03,18.9300,3,32193.0000,17,S,18.9200,18.9100,18.9000,18.8900,18.8800,18.9300,18.9500,18.9600,18.9700,18.9800,4,54,108,87,177,6,8,37,50,43
SZ,002339,2017-01-03 09:40:09,18.9500,4,18938.0000,10,B,18.9400,18.9200,18.9100,18.9000,18.8900,18.9500,18.9600,18.9700,18.9800,18.9900,22,33,54,108,87,10,37,50,43,11
SZ,002339,2017-01-03 09:40:21,18.9300,3,92757.0000,49,B,18.9200,18.9100,18.9000,18.8900,18.8800,18.9300,18.9400,18.9500,18.9600,18.9700,33,54,99,87,192,6,20,24,37,50
SZ,002339,2017-01-03 09:40:24,18.9300,1,5679.0000,3,B,18.9200,18.9100,18.9000,18.8900,18.8800,18.9300,18.9400,18.9500,18.9600,18.9700,33,54,125,87,192,3,20,24,37,50
SZ,002339,2017-01-03 09:40:30,18.9300,2,5679.0000,3,B,18.9300,18.9200,18.9100,18.9000,18.8900,18.9400,18.9500,18.9600,18.9700,18.9800,1,38,54,125,82,20,24,33,50,43
SZ,002339,2017-01-03 09:40:33,18.9200,4,73789.0000,39,S,18.9100,18.9000,18.8900,18.8800,18.8700,18.9200,18.9400,18.9500,18.9600,18.9700,54,125,89,212,88,161,20,24,33,50
SZ,002339,2017-01-03 09:40:39,18.9200,1,244068.0000,129,B,18.9100,18.9000,18.8900,18.8800,18.8700,18.9200,18.9500,18.9600,18.9700,18.9800,54,125,89,212,88,32,24,33,50,43
SZ,002339,2017-01-03 09:40:42,18.9100,2,24591.0000,13,S,18.9100,18.9000,18.8900,18.8800,18.8700,18.9200,18.9500,18.9600,18.9700,18.9800,49,125,89,212,90,24,10,33,50,43
SZ,002339,2017-01-03 09:40:45,18.9100,3,102114.0000,54,S,18.9000,18.8900,18.8800,18.8700,18.8600,18.9100,18.9200,18.9500,18.9600,18.9700,125,89,212,90,100,275,24,10,33,50
SZ,002339,2017-01-03 09:40:57,18.9000,9,221141.0000,117,S,18.9000,18.8900,18.8800,18.8700,18.8600,18.9100,18.9200,18.9500,18.9600,18.9700,9,89,212,90,100,282,24,10,33,50
SZ,002339,2017-01-03 09:41:00,18.9100,1,18910.0000,10,B,18.9000,18.8900,18.8800,18.8700,18.8600,18.9100,18.9200,18.9500,18.9600,18.9700,9,89,212,90,100,272,24,10,33,50
SZ,002339,2017-01-03 09:41:03,18.9000,1,17010.0000,9,S,18.8900,18.8800,18.8700,18.8600,18.8500,18.9100,18.9200,18.9500,18.9600,18.9700,89,212,90,100,204,272,24,10,33,50
SZ,002339,2017-01-03 09:41:18,18.9000,2,5669.0000,3,B,18.8900,18.8800,18.8700,18.8600,18.8500,18.9000,18.9100,18.9200,18.9500,18.9600,140,212,90,100,204,160,252,24,10,33
SZ,002339,2017-01-03 09:41:21,18.9000,1,5670.0000,3,B,18.8900,18.8800,18.8700,18.8600,18.8500,18.9000,18.9100,18.9200,18.9500,18.9600,140,212,90,100,204,170,252,24,10,33
SZ,002339,2017-01-03 09:41:24,18.8900,2,49120.0000,26,S,18.8900,18.8800,18.8700,18.8600,18.8500,18.9000,18.9100,18.9200,18.9500,18.9600,130,212,90,100,204,164,252,24,10,33
SZ,002339,2017-01-03 09:41:27,18.8900,5,126583.0000,67,S,18.8900,18.8800,18.8700,18.8600,18.8500,18.9000,18.9100,18.9200,18.9500,18.9600,83,212,90,100,204,144,252,24,10,33
SZ,002339,2017-01-03 09:41:30,18.8900,3,113340.0000,60,S,18.8900,18.8800,18.8700,18.8600,18.8500,18.9000,18.9100,18.9200,18.9500,18.9600,23,212,90,100,204,144,252,24,10,33
SZ,002339,2017-01-03 09:41:33,18.8900,1,3778.0000,2,S,18.8900,18.8800,18.8700,18.8600,18.8500,18.9000,18.9100,18.9200,18.9500,18.9600,31,212,90,100,204,144,252,24,10,33
SZ,002339,2017-01-03 09:41:36,18.9000,1,30240.0000,16,B,18.8900,18.8800,18.8700,18.8600,18.8500,18.9000,18.9100,18.9200,18.9500,18.9600,31,212,90,100,204,128,252,24,10,33
SZ,002339,2017-01-03 09:41:45,18.8900,2,18890.0000,10,S,18.8900,18.8800,18.8700,18.8600,18.8500,18.9000,18.9100,18.9200,18.9600,18.9700,31,212,90,100,204,128,252,24,331,50
SZ,002339,2017-01-03 09:41:51,18.8900,5,77449.0000,41,S,18.8800,18.8700,18.8600,18.8500,18.8400,18.8900,18.9000,18.9100,18.9200,18.9600,212,90,100,204,20,60,128,252,24,331
SZ,002339,2017-01-03 09:41:54,18.8800,3,96329.0000,51,S,18.8800,18.8700,18.8600,18.8500,18.8400,18.8900,18.9000,18.9100,18.9200,18.9600,202,90,100,204,20,19,128,252,24,331
SZ,002339,2017-01-03 09:41:57,18.8800,1,37760.0000,20,S,18.8800,18.8700,18.8600,18.8500,18.8400,18.8900,18.9000,18.9100,18.9200,18.9600,182,90,100,204,20,19,128,252,24,331
SZ,002339,2017-01-03 09:42:00,18.8900,2,58529.0000,31,B,18.8800,18.8700,18.8600,18.8500,18.8400,18.8900,18.9000,18.9100,18.9200,18.9600,172,90,100,204,20,18,128,252,24,331
SZ,002339,2017-01-03 09:42:12,18.8800,3,28320.0000,15,S,18.8800,18.8700,18.8600,18.8500,18.8400,18.8900,18.9000,18.9100,18.9200,18.9600,157,90,100,207,20,18,128,252,24,340
SZ,002339,2017-01-03 09:42:15,18.8800,1,16992.0000,9,S,18.8800,18.8700,18.8600,18.8500,18.8400,18.8900,18.9000,18.9100,18.9200,18.9600,148,90,100,207,20,18,128,252,24,340
SZ,002339,2017-01-03 09:42:18,18.8900,2,34002.0000,18,B,18.8900,18.8800,18.8700,18.8600,18.8500,18.9000,18.9100,18.9200,18.9600,18.9700,5,150,90,100,218,128,252,24,340,50
SZ,002339,2017-01-03 09:42:27,18.8900,4,28335.0000,15,S,18.8800,18.8700,18.8600,18.8500,18.8400,18.8900,18.9000,18.9100,18.9200,18.9600,150,90,100,218,20,1,128,252,24,340
SZ,002339,2017-01-03 09:42:30,18.8900,2,18890.0000,10,B,18.8800,18.8700,18.8600,18.8500,18.8400,18.8900,18.9000,18.9100,18.9200,18.9600,150,90,100,218,20,21,128,252,24,340
SZ,002339,2017-01-03 09:42:33,18.8900,2,37770.0000,20,B,18.8800,18.8700,18.8600,18.8500,18.8400,18.8900,18.9000,18.9100,18.9200,18.9600,140,90,100,228,20,11,128,252,24,340
SZ,002339,2017-01-03 09:42:39,18.8700,9,283195.0000,150,S,18.8700,18.8600,18.8500,18.8400,18.8300,18.8900,18.9000,18.9100,18.9200,18.9600,85,100,228,20,48,11,128,252,24,340
SZ,002339,2017-01-03 09:42:42,18.8900,1,20779.0000,11,B,18.8700,18.8600,18.8500,18.8400,18.8300,18.8900,18.9000,18.9100,18.9200,18.9600,87,100,228,20,48,0,128,252,24,340
SZ,002339,2017-01-03 09:42:48,18.8900,3,12108.0000,6,B,18.8900,18.8700,18.8600,18.8500,18.8400,18.9000,18.9100,18.9200,18.9600,18.9700,113,87,100,228,20,128,252,24,340,50
SZ,002339,2017-01-03 09:42:51,18.8900,2,62337.0000,33,S,18.8900,18.8700,18.8600,18.8500,18.8400,18.9000,18.9100,18.9200,18.9600,18.9700,83,45,100,228,20,128,252,24,340,50
SZ,002339,2017-01-03 09:42:57,18.9000,1,18900.0000,10,B,18.8900,18.8700,18.8600,18.8500,18.8400,18.9000,18.9100,18.9200,18.9400,18.9600,84,65,100,228,20,118,252,24,22,340
SZ,002339,2017-01-03 09:43:03,18.8900,11,207016.0000,110,S,18.8800,18.8700,18.8600,18.8500,18.8400,18.8900,18.9000,18.9100,18.9200,18.9400,10,77,100,228,20,1,118,252,24,22
SZ,002339,2017-01-03 09:43:09,18.8900,3,18890.0000,10,B,18.8800,18.8700,18.8600,18.8500,18.8400,18.8900,18.9000,18.9100,18.9200,18.9400,10,77,100,228,20,25,118,252,24,22
SZ,002339,2017-01-03 09:43:27,18.8800,1,18880.0000,10,S,18.8800,18.8700,18.8600,18.8500,18.8400,18.8900,18.9000,18.9100,18.9200,18.9400,6,114,100,228,20,327,118,252,24,22
SZ,002339,2017-01-03 09:43:30,18.8800,2,18880.0000,10,S,18.8800,18.8700,18.8600,18.8500,18.8400,18.8900,18.9000,18.9100,18.9200,18.9400,6,114,100,228,20,327,118,252,24,22
SZ,002339,2017-01-03 09:43:39,18.8800,1,11328.0000,6,S,18.8800,18.8700,18.8600,18.8500,18.8400,18.8900,18.9000,18.9100,18.9200,18.9400,106,114,100,228,30,330,118,252,24,22
SZ,002339,2017-01-03 09:43:42,18.8800,2,22656.0000,12,S,18.8800,18.8700,18.8600,18.8500,18.8400,18.8900,18.9000,18.9100,18.9200,18.9400,105,114,100,228,30,330,118,252,24,22
SZ,002339,2017-01-03 09:43:48,18.8500,41,1137466.0000,603,S,18.8400,18.8300,18.8200,18.8100,18.8000,18.8500,18.8900,18.9000,18.9100,18.9200,30,53,185,264,596,33,373,118,252,24
SZ,002339,2017-01-03 09:43:51,18.8500,1,9425.0000,5,B,18.8400,18.8300,18.8200,18.8100,18.8000,18.8500,18.8900,18.9000,18.9100,18.9200,30,53,185,264,596,28,373,118,252,24
SZ,002339,2017-01-03 09:43:54,18.8500,3,30160.0000,16,B,18.8400,18.8300,18.8200,18.8100,18.8000,18.8500,18.8800,18.8900,18.9000,18.9100,30,53,185,264,596,12,50,373,118,252
SZ,002339,2017-01-03 09:44:03,18.8500,4,45228.0000,24,B,18.8500,18.8400,18.8300,18.8200,18.8100,18.8800,18.8900,18.9000,18.9100,18.9200,8,18,53,185,264,60,369,118,217,24
SZ,002339,2017-01-03 09:44:06,18.8500,1,3770.0000,2,S,18.8500,18.8400,18.8300,18.8200,18.8100,18.8800,18.8900,18.9000,18.9100,18.9200,16,18,77,185,264,19,369,118,217,24
SZ,002339,2017-01-03 09:44:09,18.9000,11,956707.0000,506,B,18.9000,18.8500,18.8400,18.8300,18.8200,18.9100,18.9200,18.9400,18.9500,18.9600,493,16,18,77,185,217,24,22,17,340
SZ,002339,2017-01-03 09:44:12,18.9000,2,60480.0000,32,S,18.9000,18.8500,18.8400,18.8300,18.8200,18.9100,18.9200,18.9400,18.9500,18.9600,461,16,18,77,185,217,24,22,17,340
SZ,002339,2017-01-03 09:44:18,18.9000,2,47250.0000,25,S,18.9000,18.8800,18.8500,18.8400,18.8300,18.9100,18.9200,18.9400,18.9500,18.9600,436,2,21,18,77,217,24,22,17,340
SZ,002339,2017-01-03 09:44:21,18.9000,1,66150.0000,35,S,18.9000,18.8800,18.8500,18.8400,18.8300,18.9100,18.9200,18.9400,18.9500,18.9600,401,2,31,18,77,217,24,22,17,340
SZ,002339,2017-01-03 09:44:24,18.9000,2,198450.0000,105,S,18.9000,18.8800,18.8500,18.8400,18.8300,18.9100,18.9200,18.9400,18.9500,18.9600,296,2,31,18,77,217,24,22,17,340
SZ,002339,2017-01-03 09:44:30,18.9000,2,75600.0000,40,S,18.9000,18.8800,18.8500,18.8400,18.8300,18.9100,18.9200,18.9400,18.9500,18.9600,256,2,31,23,77,217,24,22,17,340
SZ,002339,2017-01-03 09:44:36,18.9100,2,277977.0000,147,B,18.9000,18.8800,18.8600,18.8500,18.8400,18.9100,18.9200,18.9400,18.9500,18.9600,256,2,10,33,23,70,24,22,17,340
SZ,002339,2017-01-03 09:44:39,18.9000,1,9450.0000,5,S,18.9000,18.8800,18.8600,18.8500,18.8400,18.9100,18.9200,18.9400,18.9500,18.9600,251,7,10,33,23,70,24,22,17,340
SZ,002339,2017-01-03 09:44:42,18.9000,1,17010.0000,9,S,18.9000,18.8800,18.8600,18.8500,18.8400,18.9100,18.9200,18.9400,18.9500,18.9600,242,7,10,33,23,76,24,22,17,340
SZ,002339,2017-01-03 09:44:51,18.9100,1,7564.0000,4,B,18.9000,18.8800,18.8600,18.8500,18.8400,18.9100,18.9200,18.9400,18.9500,18.9600,244,12,10,33,23,72,24,22,17,340
SZ,002339,2017-01-03 09:44:57,18.9000,4,66154.0000,35,S,18.9000,18.8800,18.8600,18.8500,18.8400,18.9100,18.9200,18.9400,18.9500,18.9600,221,12,10,35,23,68,24,22,17,340
SZ,002339,2017-01-03 09:45:00,18.9000,3,418806.0000,222,S,18.8900,18.8800,18.8600,18.8500,18.8400,18.9000,18.9100,18.9200,18.9400,18.9500,13,12,10,35,23,136,68,24,22,17
SZ,002339,2017-01-03 09:45:03,18.9000,1,13230.0000,7,B,18.8900,18.8800,18.8600,18.8500,18.8400,18.9000,18.9100,18.9200,18.9400,18.9500,13,12,10,35,997,129,68,24,22,17
SZ,002339,2017-01-03 09:45:09,18.9000,1,3780.0000,2,B,18.8900,18.8800,18.8600,18.8500,18.8400,18.9000,18.9100,18.9200,18.9400,18.9500,13,12,10,35,1002,627,68,24,22,17
SZ,002339,2017-01-03 09:45:12,18.8900,1,15112.0000,8,S,18.8900,18.8800,18.8600,18.8500,18.8400,18.9000,18.9100,18.9200,18.9400,18.9500,5,12,10,41,1002,627,68,24,22,17
SZ,002339,2017-01-03 09:45:15,18.8900,3,68035.0000,36,S,18.8800,18.8600,18.8500,18.8400,18.8300,18.8900,18.9000,18.9100,18.9200,18.9400,12,10,41,1002,92,265,596,68,24,22
SZ,002339,2017-01-03 09:45:18,18.8900,2,20779.0000,11,B,18.8800,18.8600,18.8500,18.8400,18.8300,18.8900,18.9000,18.9100,18.9200,18.9400,12,10,108,1002,92,254,596,68,24,22
SZ,002339,2017-01-03 09:45:21,18.8900,1,5667.0000,3,B,18.8800,18.8600,18.8500,18.8400,18.8300,18.8900,18.9000,18.9100,18.9200,18.9400,12,10,108,1002,92,264,601,68,24,22
SZ,002339,2017-01-03 09:45:24,18.8800,3,22656.0000,12,S,18.8600,18.8500,18.8400,18.8300,18.8200,18.8800,18.8900,18.9000,18.9100,18.9200,10,108,1002,92,120,8,265,605,68,24
SZ,002339,2017-01-03 09:45:30,18.8800,3,49103.0000,26,B,18.8800,18.8600,18.8500,18.8400,18.8300,18.8900,18.9000,18.9100,18.9200,18.9400,7,10,108,1002,92,250,605,68,24,22
SZ,002339,2017-01-03 09:45:33,18.8800,1,13216.0000,7,S,18.8600,18.8500,18.8400,18.8300,18.8200,18.8800,18.8900,18.9000,18.9100,18.9200,14,108,1002,92,120,93,250,605,68,24
SZ,002339,2017-01-03 09:45:39,18.8800,1,37760.0000,20,B,18.8600,18.8500,18.8400,18.8300,18.8200,18.8800,18.8900,18.9000,18.9100,18.9200,14,110,1002,92,120,73,249,607,68,24
SZ,002339,2017-01-03 09:45:45,18.8600,2,20748.0000,11,S,18.8600,18.8500,18.8400,18.8300,18.8200,18.8800,18.8900,18.9000,18.9100,18.9200,7,141,1002,92,120,72,249,602,68,24
SZ,002339,2017-01-03 09:45:54,18.8700,3,22644.0000,12,S,18.8700,18.8600,18.8500,18.8400,18.8300,18.8800,18.8900,18.9000,18.9100,18.9200,23,7,148,1002,92,93,249,602,68,24
SZ,002339,2017-01-03 09:45:57,18.8800,1,18880.0000,10,B,18.8700,18.8600,18.8500,18.8400,18.8300,18.8800,18.8900,18.9000,18.9100,18.9200,23,23,157,1002,92,83,249,602,68,24
SZ,002339,2017-01-03 09:46:03,18.8700,2,5661.0000,3,S,18.8700,18.8600,18.8500,18.8400,18.8300,18.8800,18.8900,18.9000,18.9100,18.9200,30,33,157,1002,92,83,249,602,68,24
SZ,002339,2017-01-03 09:46:06,18.8700,3,58497.0000,31,S,18.8600,18.8500,18.8400,18.8300,18.8200,18.8700,18.8800,18.8900,18.9000,18.9100,33,157,1002,82,120,277,83,249,602,68
SZ,002339,2017-01-03 09:46:12,18.8700,2,15096.0000,8,B,18.8600,18.8500,18.8400,18.8300,18.8200,18.8700,18.8800,18.8900,18.9000,18.9100,33,157,1002,87,120,269,83,249,602,68
SZ,002339,2017-01-03 09:46:15,18.8700,2,26418.0000,14,B,18.8600,18.8500,18.8400,18.8300,18.8200,18.8700,18.8800,18.8900,18.9000,18.9100,33,162,1002,87,122,255,83,249,602,68
SZ,002339,2017-01-03 09:46:21,18.8600,6,49041.0000,26,S,18.8600,18.8500,18.8400,18.8300,18.8200,18.8700,18.8800,18.8900,18.9000,18.9100,12,164,1002,87,122,260,83,249,604,68
SZ,002339,2017-01-03 09:46:33,18.8500,7,82952.0000,44,S,18.8500,18.8400,18.8300,18.8200,18.8100,18.8600,18.8700,18.8800,18.8900,18.9000,152,1002,87,122,263,24,260,149,236,604
SZ,002339,2017-01-03 09:46:39,18.8600,1,11316.0000,6,B,18.8500,18.8400,18.8300,18.8200,18.8100,18.8600,18.8700,18.8800,18.8900,18.9000,152,1002,87,122,263,18,260,129,236,604
SZ,002339,2017-01-03 09:46:42,18.8500,3,7540.0000,4,S,18.8500,18.8400,18.8300,18.8200,18.8100,18.8600,18.8700,18.8800,18.8900,18.9000,148,1002,87,122,263,18,260,129,236,604
SZ,002339,2017-01-03 09:46:45,18.8500,3,88595.0000,47,S,18.8500,18.8400,18.8300,18.8200,18.8100,18.8600,18.8700,18.8800,18.8900,18.9000,160,1002,87,122,263,18,260,129,236,604
SZ,002339,2017-01-03 09:46:51,18.8500,1,18850.0000,10,S,18.8500,18.8400,18.8300,18.8200,18.8100,18.8600,18.8700,18.8800,18.8900,18.9000,150,1002,63,122,269,65,260,129,236,604
SZ,002339,2017-01-03 09:46:54,18.8500,4,35815.0000,19,S,18.8500,18.8400,18.8300,18.8200,18.8100,18.8600,18.8700,18.8800,18.8900,18.9000,231,1002,63,124,269,65,260,129,236,604
SZ,002339,2017-01-03 09:46:57,18.8600,6,260253.0000,138,B,18.8500,18.8400,18.8300,18.8200,18.8100,18.8600,18.8700,18.8800,18.8900,18.9000,216,1002,63,124,269,42,260,129,236,604
SZ,002339,2017-01-03 09:47:03,18.8600,4,22627.0000,12,B,18.8500,18.8400,18.8300,18.8200,18.8100,18.8600,18.8700,18.8800,18.8900,18.9000,230,1002,63,124,279,35,260,129,236,604
SZ,002339,2017-01-03 09:47:06,18.8600,1,45264.0000,24,B,18.8500,18.8400,18.8300,18.8200,18.8100,18.8600,18.8700,18.8800,18.8900,18.9000,230,1002,63,124,279,11,260,128,236,604
SZ,002339,2017-01-03 09:47:09,18.8600,1,18860.0000,10,B,18.8500,18.8400,18.8300,18.8200,18.8100,18.8600,18.8700,18.8800,18.8900,18.9000,230,1002,63,124,279,1,260,128,236,604
SZ,002339,2017-01-03 09:47:12,18.8600,1,1886.0000,1,B,18.8600,18.8500,18.8400,18.8300,18.8200,18.8700,18.8800,18.8900,18.9000,18.9100,5,230,1002,63,124,260,128,236,604,62
SZ,002339,2017-01-03 09:47:18,18.8500,8,79175.0000,42,S,18.8600,18.8500,18.8400,18.8300,18.8200,18.8700,18.8800,18.8900,18.9000,18.9100,10,193,1002,63,124,260,128,236,604,62
SZ,002339,2017-01-03 09:47:21,18.8600,1,3772.0000,2,S,18.8600,18.8500,18.8400,18.8300,18.8200,18.8700,18.8800,18.8900,18.9000,18.9100,20,196,1002,63,124,260,128,389,604,62
SZ,002339,2017-01-03 09:47:24,18.8600,1,7544.0000,4,S,18.8600,18.8500,18.8400,18.8300,18.8200,18.8700,18.8800,18.8900,18.9000,18.9100,19,198,1002,63,124,260,128,389,604,62
SZ,002339,2017-01-03 09:47:30,18.8700,1,3774.0000,2,B,18.8600,18.8500,18.8400,18.8300,18.8200,18.8700,18.8800,18.8900,18.9000,18.9100,107,98,1002,63,124,258,62,389,604,62
SZ,002339,2017-01-03 09:47:33,18.8600,2,22632.0000,12,S,18.8600,18.8500,18.8400,18.8300,18.8200,18.8700,18.8800,18.8900,18.9000,18.9100,95,98,1002,63,124,258,62,389,604,62
SZ,002339,2017-01-03 09:47:36,18.8600,11,194259.0000,103,S,18.8500,18.8400,18.8300,18.8200,18.8100,18.8600,18.8700,18.8800,18.8900,18.9000,98,1002,63,124,281,208,257,62,389,604
SZ,002339,2017-01-03 09:47:39,18.8500,1,11310.0000,6,S,18.8500,18.8400,18.8300,18.8200,18.8100,18.8600,18.8700,18.8800,18.8900,18.9000,97,1002,63,124,281,208,266,62,389,604
SZ,002339,2017-01-03 09:47:42,18.8600,1,9430.0000,5,B,18.8500,18.8400,18.8300,18.8200,18.8100,18.8600,18.8700,18.8800,18.8900,18.9000,97,1002,63,124,281,232,276,62,389,604
SZ,002339,2017-01-03 09:47:45,18.8500,1,1885.0000,1,S,18.8500,18.8400,18.8300,18.8200,18.8100,18.8600,18.8700,18.8800,18.8900,18.9000,105,1002,63,124,281,232,276,62,389,604
SZ,002339,2017-01-03 09:47:51,18.8600,1,9430.0000,5,B,18.8500,18.8400,18.8300,18.8200,18.8100,18.8600,18.8700,18.8800,18.8900,18.9000,120,1002,63,122,281,247,286,62,389,604
SZ,002339,2017-01-03 09:47:54,18.8600,1,5658.0000,3,B,18.8500,18.8400,18.8300,18.8200,18.8100,18.8600,18.8700,18.8800,18.8900,18.9000,122,1002,63,122,281,244,286,62,389,604
SZ,002339,2017-01-03 09:47:57,18.8500,4,124410.0000,66,S,18.8500,18.8400,18.8300,18.8200,18.8100,18.8600,18.8700,18.8800,18.8900,18.9000,156,1002,63,122,304,244,276,62,389,604
SZ,002339,2017-01-03 09:48:00,18.8600,5,81088.0000,43,B,18.8500,18.8400,18.8300,18.8200,18.8100,18.8600,18.8700,18.8800,18.8900,18.9000,147,1002,63,122,309,211,276,62,389,604
SZ,002339,2017-01-03 09:48:03,18.8600,5,30168.0000,16,B,18.8500,18.8400,18.8300,18.8200,18.8100,18.8600,18.8700,18.8800,18.8900,18.9000,149,1002,63,122,309,203,276,62,389,604
SZ,002339,2017-01-03 09:48:09,18.8600,4,24515.0000,13,B,18.8500,18.8400,18.8300,18.8200,18.8100,18.8600,18.8700,18.8800,18.8900,18.9000,146,1002,53,22,209,210,276,62,389,604
SZ,002339,2017-01-03 09:48:12,18.8500,3,13195.0000,7,S,18.8500,18.8400,18.8300,18.8200,18.8100,18.8600,18.8700,18.8800,18.8900,18.9000,169,1002,53,22,209,210,276,62,389,604
SZ,002339,2017-01-03 09:48:15,18.8500,18,433490.0000,230,S,18.8400,18.8300,18.8200,18.8100,18.8000,18.8500,18.8600,18.8700,18.8800,18.8900,942,53,22,209,150,25,181,276,62,389
SZ,002339,2017-01-03 09:48:18,18.8500,2,56550.0000,30,B,18.8400,18.8300,18.8200,18.8100,18.8000,18.8500,18.8600,18.8700,18.8800,18.8900,942,53,22,209,150,62,181,276,62,389
SZ,002339,2017-01-03 09:48:21,18.8500,2,52780.0000,28,B,18.8400,18.8300,18.8200,18.8100,18.8000,18.8500,18.8600,18.8700,18.8800,18.8900,942,53,22,209,150,37,181,276,62,389
SZ,002339,2017-01-03 09:48:27,18.8500,2,62205.0000,33,B,18.8500,18.8400,18.8300,18.8200,18.8100,18.8600,18.8700,18.8800,18.8900,18.9000,191,942,53,22,209,181,276,62,389,604
SZ,002339,2017-01-03 09:48:30,18.8500,1,9425.0000,5,S,18.8500,18.8400,18.8300,18.8200,18.8100,18.8600,18.8700,18.8800,18.8900,18.9000,191,942,53,22,209,181,267,62,389,604
SZ,002339,2017-01-03 09:48:33,18.8400,8,976110.0000,518,S,18.8400,18.8300,18.8200,18.8100,18.8000,18.8600,18.8700,18.8800,18.8900,18.9000,622,53,22,209,150,181,267,62,389,604
SZ,002339,2017-01-03 09:48:39,18.8400,3,20732.0000,11,S,18.8400,18.8300,18.8200,18.8100,18.8000,18.8500,18.8600,18.8700,18.8800,18.8900,617,53,22,209,150,7,178,267,62,389
SZ,002339,2017-01-03 09:48:42,18.8400,1,18840.0000,10,S,18.8400,18.8300,18.8200,18.8100,18.8000,18.8500,18.8600,18.8700,18.8800,18.8900,607,53,22,209,150,10,178,267,62,389
SZ,002339,2017-01-03 09:48:45,18.8400,2,56520.0000,30,S,18.8400,18.8300,18.8200,18.8100,18.8000,18.8500,18.8600,18.8700,18.8800,18.8900,577,53,22,209,150,10,178,267,62,389
SZ,002339,2017-01-03 09:48:48,18.8400,1,188400.0000,100,S,18.8400,18.8300,18.8200,18.8100,18.8000,18.8500,18.8600,18.8700,18.8800,18.8900,477,53,22,209,150,10,178,267,62,389
SZ,002339,2017-01-03 09:48:51,18.8400,1,246804.0000,131,S,18.8400,18.8300,18.8200,18.8100,18.8000,18.8500,18.8600,18.8700,18.8800,18.8900,355,53,22,209,150,19,178,267,62,389
SZ,002339,2017-01-03 09:48:54,18.8400,13,770566.0000,409,S,18.8300,18.8200,18.8100,18.8000,18.7800,18.8400,18.8500,18.8600,18.8700,18.8800,53,22,209,156,11,203,10,178,267,62
SZ,002339,2017-01-03 09:48:57,18.8300,2,13182.0000,7,S,18.8300,18.8200,18.8100,18.8000,18.7800,18.8400,18.8500,18.8600,18.8700,18.8800,46,22,209,156,11,560,10,178,267,62
SZ,002339,2017-01-03 09:49:06,18.8300,1,1882.0000,1,S,18.8300,18.8200,18.8100,18.8000,18.7800,18.8400,18.8500,18.8600,18.8700,18.8800,45,23,160,156,11,564,15,178,267,62
SZ,002339,2017-01-03 09:49:09,18.8300,2,11298.0000,6,S,18.8300,18.8200,18.8100,18.8000,18.7800,18.8400,18.8500,18.8600,18.8700,18.8800,39,23,160,156,11,564,15,178,267,62
SZ,002339,2017-01-03 09:49:12,18.8400,1,37680.0000,20,B,18.8300,18.8200,18.8100,18.8000,18.7800,18.8400,18.8500,18.8600,18.8700,18.8800,39,23,152,156,11,544,15,178,267,72
SZ,002339,2017-01-03 09:49:18,18.8300,5,67788.0000,36,S,18.8300,18.8200,18.8100,18.8000,18.7800,18.8400,18.8500,18.8600,18.8700,18.8800,23,29,152,191,11,538,15,178,269,72
SZ,002339,2017-01-03 09:49:21,18.8300,1,1884.0000,1,S,18.8300,18.8200,18.8100,18.8000,18.7800,18.8400,18.8500,18.8600,18.8700,18.8800,22,34,152,178,11,538,15,178,269,72
SZ,002339,2017-01-03 09:49:24,18.8300,1,33892.0000,18,S,18.8300,18.8200,18.8100,18.8000,18.7800,18.8400,18.8500,18.8600,18.8700,18.8800,4,34,152,178,11,538,15,178,269,72
SZ,002339,2017-01-03 09:49:27,18.8300,2,5650.0000,3,S,18.8300,18.8200,18.8100,18.8000,18.7800,18.8400,18.8500,18.8600,18.8700,18.8800,1,34,152,177,11,538,15,178,269,72
SZ,002339,2017-01-03 09:49:30,18.8300,4,431206.0000,229,S,18.8200,18.8100,18.8000,18.7800,18.7700,18.8300,18.8400,18.8500,18.8600,18.8700,36,152,178,11,6,285,183,15,178,269
SZ,002339,2017-01-03 09:49:33,18.8300,3,30124.0000,16,B,18.8200,18.8100,18.8000,18.7800,18.7700,18.8300,18.8400,18.8500,18.8600,18.8700,30,152,178,11,6,316,183,15,178,269
SZ,002339,2017-01-03 09:49:36,18.8300,2,69670.0000,37,B,18.8200,18.8100,18.8000,18.7800,18.7700,18.8300,18.8400,18.8500,18.8600,18.8700,30,152,178,11,6,357,183,15,178,269
SZ,002339,2017-01-03 09:49:39,18.8100,14,137342.0000,73,S,18.8100,18.8000,18.7800,18.7700,18.7600,18.8200,18.8300,18.8400,18.8500,18.8600,109,228,11,6,8,47,357,183,15,178
SZ,002339,2017-01-03 09:49:45,18.8100,3,62076.0000,33,S,18.8100,18.8000,18.7800,18.7700,18.7600,18.8200,18.8300,18.8400,18.8500,18.8600,77,228,11,6,8,56,357,183,15,178
SZ,002339,2017-01-03 09:49:48,18.8100,4,50812.0000,27,S,18.8100,18.8000,18.7800,18.7700,18.7600,18.8200,18.8300,18.8400,18.8500,18.8600,85,229,11,6,8,31,357,183,15,178
SZ,002339,2017-01-03 09:49:54,18.8200,5,62096.0000,33,B,18.8200,18.8100,18.8000,18.7800,18.7700,18.8300,18.8400,18.8500,18.8600,18.8700,39,126,229,11,6,357,183,15,178,269
SZ,002339,2017-01-03 09:49:57,18.8200,2,60224.0000,32,S,18.8200,18.8100,18.8000,18.7800,18.7700,18.8300,18.8400,18.8500,18.8600,18.8700,46,126,229,22,6,349,183,15,178,269
SZ,002339,2017-01-03 09:50:00,18.8300,1,94148.0000,50,B,18.8200,18.8100,18.8000,18.7800,18.7700,18.8300,18.8400,18.8500,18.8600,18.8700,46,132,229,22,6,291,179,15,178,269
SZ,002339,2017-01-03 09:50:03,18.8200,5,111042.0000,59,S,18.8100,18.8000,18.7800,18.7700,18.7600,18.8200,18.8300,18.8400,18.8500,18.8600,140,229,22,6,13,199,300,179,15,178
SZ,002339,2017-01-03 09:50:06,18.8200,2,28230.0000,15,B,18.8100,18.8000,18.7800,18.7700,18.7600,18.8200,18.8300,18.8400,18.8500,18.8600,140,229,22,6,13,184,299,228,15,178
SZ,002339,2017-01-03 09:50:09,18.8200,12,107234.0000,57,B,18.8100,18.8000,18.7800,18.7700,18.7600,18.8200,18.8300,18.8400,18.8500,18.8600,117,271,22,6,13,321,299,228,22,178
SZ,002339,2017-01-03 09:50:15,18.8000,38,835070.0000,444,S,18.8100,18.8000,18.7800,18.7700,18.7600,18.8200,18.8300,18.8400,18.8500,18.8600,38,63,22,6,13,208,301,228,22,178
SZ,002339,2017-01-03 09:50:18,18.8000,3,203128.0000,108,S,18.8000,18.7800,18.7700,18.7600,18.7500,18.8100,18.8200,18.8300,18.8400,18.8500,43,22,6,33,37,422,219,301,228,22
SZ,002339,2017-01-03 09:50:21,18.8000,5,43244.0000,23,S,18.8000,18.7800,18.7700,18.7600,18.7500,18.8100,18.8200,18.8300,18.8400,18.8500,23,22,6,33,37,432,219,301,228,22
SZ,002339,2017-01-03 09:50:24,18.8000,1,15040.0000,8,S,18.8000,18.7800,18.7700,18.7600,18.7500,18.8100,18.8200,18.8300,18.8400,18.8500,15,22,6,33,37,422,219,291,228,22
SZ,002339,2017-01-03 09:50:27,18.8100,3,26328.0000,14,B,18.8000,18.7800,18.7700,18.7600,18.7500,18.8100,18.8200,18.8300,18.8400,18.8500,11,22,6,33,37,422,219,291,228,22
SZ,002339,2017-01-03 09:50:30,18.7800,5,216192.0000,115,S,18.7800,18.7700,18.7600,18.7500,18.7200,18.8000,18.8100,18.8200,18.8300,18.8400,18,6,33,39,30,100,431,219,291,228
SZ,002339,2017-01-03 09:50:33,18.8000,2,11280.0000,6,B,18.7800,18.7700,18.7600,18.7500,18.7200,18.8000,18.8100,18.8200,18.8300,18.8400,18,6,33,39,30,94,437,219,291,228
SZ,002339,2017-01-03 09:50:36,18.7800,3,16904.0000,9,S,18.7800,18.7700,18.7600,18.7500,18.7200,18.8000,18.8100,18.8200,18.8300,18.8400,9,6,33,39,30,94,437,219,291,228
SZ,002339,2017-01-03 09:50:42,18.8000,1,94000.0000,50,B,18.7900,18.7800,18.7700,18.7600,18.7500,18.8000,18.8100,18.8200,18.8300,18.8400,1,13,6,33,44,44,437,219,289,228
SZ,002339,2017-01-03 09:50:45,18.8000,2,176720.0000,94,B,18.8000,18.7900,18.7800,18.7700,18.7600,18.8100,18.8200,18.8300,18.8400,18.8500,6,1,25,6,28,437,219,289,228,6
SZ,002339,2017-01-03 09:50:48,18.8000,6,54494.0000,29,S,18.8000,18.7800,18.7700,18.7600,18.7500,18.8100,18.8200,18.8300,18.8400,18.8500,90,23,6,28,84,437,219,289,228,6
SZ,002339,2017-01-03 09:50:51,18.8000,4,26320.0000,14,S,18.8000,18.7800,18.7700,18.7600,18.7500,18.8100,18.8200,18.8300,18.8400,18.8500,78,33,6,28,84,438,65,288,228,6
SZ,002339,2017-01-03 09:50:57,18.7800,11,199262.0000,106,S,18.7800,18.7700,18.7600,18.7500,18.7200,18.7900,18.8100,18.8200,18.8300,18.8400,23,6,27,103,33,10,434,65,288,228
SZ,002339,2017-01-03 09:51:00,18.7900,23,444276.0000,237,B,18.7100,18.7000,18.6900,18.6800,18.6600,18.7800,18.7900,18.8000,18.8100,18.8200,63,76,3,60,2,13,1,221,439,65
SZ,002339,2017-01-03 09:51:03,18.7800,1,11268.0000,6,B,18.7100,18.7000,18.6900,18.6800,18.6600,18.7800,18.7900,18.8000,18.8100,18.8200,73,76,3,60,2,19,121,221,437,65
SZ,002339,2017-01-03 09:51:06,18.7800,3,11268.0000,6,B,18.7700,18.7100,18.7000,18.6900,18.6800,18.7800,18.7900,18.8000,18.8100,18.8200,5,73,76,3,60,13,121,221,437,64
SZ,002339,2017-01-03 09:51:12,18.7700,1,9384.0000,5,S,18.7600,18.7300,18.7200,18.7100,18.7000,18.7800,18.7900,18.8000,18.8100,18.8200,10,1,11,117,76,14,121,420,437,64
SZ,002339,2017-01-03 09:51:15,18.7600,1,13132.0000,7,S,18.7600,18.7300,18.7200,18.7100,18.7000,18.7800,18.7900,18.8000,18.8100,18.8200,3,1,11,117,133,14,121,425,437,53
SZ,002339,2017-01-03 09:51:18,18.7600,3,13132.0000,7,S,18.7300,18.7200,18.7100,18.7000,18.6900,18.7600,18.7800,18.7900,18.8000,18.8100,1,21,146,168,3,315,14,121,425,437
SZ,002339,2017-01-03 09:51:21,18.7500,5,615324.0000,328,S,18.7500,18.7300,18.7200,18.7100,18.7000,18.7600,18.7800,18.7900,18.8000,18.8100,90,1,21,146,168,12,12,121,425,437
SZ,002339,2017-01-03 09:51:27,18.7600,3,24376.0000,13,B,18.7500,18.7300,18.7200,18.7100,18.7000,18.7600,18.7700,18.7800,18.7900,18.8000,78,6,107,210,173,11,4,12,1,420
SZ,002339,2017-01-03 09:51:30,18.7600,3,16880.0000,9,B,18.7500,18.7300,18.7200,18.7100,18.7000,18.7600,18.7700,18.7800,18.7900,18.8000,152,6,107,210,173,9,4,12,1,419
SZ,002339,2017-01-03 09:51:33,18.7500,7,71260.0000,38,S,18.7500,18.7300,18.7200,18.7100,18.7000,18.7600,18.7700,18.7800,18.7900,18.8000,124,6,137,218,273,4,4,12,1,419
SZ,002339,2017-01-03 09:51:36,18.7500,4,228748.0000,122,S,18.7500,18.7300,18.7200,18.7100,18.7000,18.7600,18.7700,18.7800,18.7900,18.8000,2,11,137,218,293,4,4,12,1,418
SZ,002339,2017-01-03 09:51:39,18.7600,8,33724.0000,18,B,18.7200,18.7100,18.7000,18.6900,18.6800,18.7600,18.7700,18.7800,18.7900,18.8000,172,213,288,3,65,3,4,12,1,418
SZ,002339,2017-01-03 09:51:42,18.7600,1,1876.0000,1,B,18.7200,18.7100,18.7000,18.6900,18.6800,18.7500,18.7600,18.7700,18.7800,18.7900,172,213,288,3,65,3,2,4,12,54
SZ,002339,2017-01-03 09:51:45,18.7500,2,13124.0000,7,B,18.7300,18.7200,18.7100,18.7000,18.6900,18.7500,18.7600,18.7700,18.7800,18.7900,40,172,217,291,3,5,20,4,12,54
SZ,002339,2017-01-03 09:51:48,18.7600,7,123772.0000,66,B,18.7300,18.7200,18.7100,18.7000,18.6900,18.7500,18.7600,18.7700,18.7800,18.7900,40,219,217,292,3,11,49,4,12,54
SZ,002339,2017-01-03 09:51:54,18.7200,14,374472.0000,200,S,18.7200,18.7100,18.7000,18.6900,18.6800,18.7500,18.7600,18.7700,18.7900,18.8000,92,217,298,53,65,95,50,4,54,415
SZ,002339,2017-01-03 09:51:57,18.7500,2,16876.0000,9,B,18.7200,18.7100,18.7000,18.6900,18.6800,18.7500,18.7600,18.7700,18.7900,18.8000,92,217,295,53,65,86,50,4,54,449
SZ,002339,2017-01-03 09:52:00,18.7200,1,1872.0000,1,S,18.7200,18.7100,18.7000,18.6900,18.6800,18.7300,18.7500,18.7600,18.7700,18.7900,111,216,295,53,65,5,86,50,4,54
SZ,002339,2017-01-03 09:52:03,18.7200,6,119808.0000,64,S,18.7200,18.7100,18.7000,18.6900,18.6800,18.7300,18.7500,18.7600,18.7700,18.7900,246,216,304,53,65,5,89,50,4,54
SZ,002339,2017-01-03 09:52:06,18.7300,1,9364.0000,5,B,18.7300,18.7200,18.7100,18.7000,18.6900,18.7500,18.7600,18.7700,18.7900,18.8000,26,267,216,309,53,90,50,4,54,479
SZ,002339,2017-01-03 09:52:09,18.7300,4,41208.0000,22,S,18.7300,18.7200,18.7100,18.7000,18.6900,18.7500,18.7600,18.7700,18.7900,18.8000,28,267,221,309,61,90,50,4,54,479
SZ,002339,2017-01-03 09:52:12,18.7300,8,183714.0000,98,S,18.7300,18.7200,18.7100,18.7000,18.6900,18.7500,18.7600,18.7700,18.7900,18.8000,156,267,221,308,61,10,50,4,54,480
SZ,002339,2017-01-03 09:52:15,18.7300,12,363368.0000,194,S,18.7200,18.7100,18.7000,18.6900,18.6800,18.7300,18.7500,18.7600,18.7700,18.7900,268,221,306,61,65,421,7,50,4,54
SZ,002339,2017-01-03 09:52:18,18.7300,2,41206.0000,22,B,18.7200,18.7100,18.7000,18.6900,18.6800,18.7300,18.7500,18.7600,18.7700,18.7900,268,221,306,61,76,406,7,50,4,54
SZ,002339,2017-01-03 09:52:21,18.7300,1,5620.0000,3,B,18.7200,18.7100,18.7000,18.6900,18.6800,18.7300,18.7500,18.7600,18.7700,18.7900,268,221,311,61,76,445,7,50,4,54
SZ,002339,2017-01-03 09:52:24,18.7200,5,41184.0000,22,S,18.7200,18.7100,18.7000,18.6900,18.6800,18.7300,18.7500,18.7600,18.7900,18.8000,246,231,313,61,76,445,7,50,54,450
SZ,002339,2017-01-03 09:52:27,18.7300,10,162940.0000,87,B,18.7200,18.7100,18.7000,18.6900,18.6800,18.7300,18.7500,18.7600,18.7900,18.8000,256,235,313,81,76,367,7,50,54,450
SZ,002339,2017-01-03 09:52:30,18.7300,4,676034.0000,361,B,18.7200,18.7100,18.7000,18.6900,18.6800,18.7300,18.7500,18.7600,18.7900,18.8000,138,260,313,81,76,130,16,50,54,450
SZ,002339,2017-01-03 09:52:33,18.7300,3,46826.0000,25,B,18.7200,18.7100,18.7000,18.6900,18.6800,18.7300,18.7500,18.7600,18.7900,18.8000,148,260,353,81,89,183,16,50,54,450
SZ,002339,2017-01-03 09:52:36,18.7300,10,174188.0000,93,B,18.7200,18.7100,18.7000,18.6900,18.6800,18.7300,18.7500,18.7600,18.7900,18.8000,149,260,379,81,89,90,31,50,54,450
SZ,002339,2017-01-03 09:52:39,18.7300,5,46824.0000,25,B,18.7200,18.7100,18.7000,18.6900,18.6800,18.7300,18.7500,18.7600,18.7900,18.8000,146,295,379,81,89,65,31,50,54,450
SZ,002339,2017-01-03 09:52:42,18.7200,13,134784.0000,72,S,18.7100,18.7000,18.6900,18.6800,18.6600,18.7200,18.7300,18.7500,18.7600,18.7900,295,389,81,89,2,140,69,31,50,54
SZ,002339,2017-01-03 09:52:45,18.7200,7,74880.0000,40,B,18.7100,18.7000,18.6900,18.6800,18.6600,18.7200,18.7300,18.7500,18.7600,18.7900,295,391,81,89,2,102,69,31,50,54
SZ,002339,2017-01-03 09:52:48,18.7100,11,391048.0000,209,S,18.7100,18.7000,18.6900,18.6800,18.6600,18.7200,18.7300,18.7500,18.7600,18.7900,95,391,101,89,2,243,81,31,50,54
SZ,002339,2017-01-03 09:52:51,18.7200,3,131040.0000,70,B,18.7100,18.7000,18.6900,18.6800,18.6600,18.7200,18.7300,18.7500,18.7600,18.7900,105,391,101,100,2,173,77,31,50,54
SZ,002339,2017-01-03 09:52:54,18.7200,4,228384.0000,122,B,18.7100,18.7000,18.6900,18.6800,18.6600,18.7200,18.7300,18.7500,18.7600,18.7900,105,391,101,100,2,51,77,31,50,54
SZ,002339,2017-01-03 09:52:57,18.7200,3,41184.0000,22,B,18.7100,18.7000,18.6900,18.6800,18.6600,18.7200,18.7300,18.7500,18.7600,18.7900,105,391,101,94,2,58,77,31,50,54
SZ,002339,2017-01-03 09:53:00,18.7300,11,198452.0000,106,B,18.7100,18.7000,18.6900,18.6800,18.6600,18.7300,18.7500,18.7600,18.7900,18.8000,97,386,101,94,12,50,22,50,54,450
SZ,002339,2017-01-03 09:53:03,18.7200,10,104826.0000,56,S,18.7100,18.7000,18.6900,18.6800,18.6600,18.7200,18.7300,18.7500,18.7600,18.7900,86,413,101,94,12,48,46,22,50,54
SZ,002339,2017-01-03 09:53:06,18.7200,5,41166.0000,22,B,18.7100,18.7000,18.6900,18.6800,18.6600,18.7200,18.7300,18.7500,18.7600,18.7900,75,423,101,94,12,43,46,19,50,54
SZ,002339,2017-01-03 09:53:09,18.7300,3,106720.0000,57,B,18.7200,18.7100,18.7000,18.6900,18.6800,18.7300,18.7500,18.7600,18.7900,18.8000,35,75,425,101,94,72,19,50,54,450
SZ,002339,2017-01-03 09:53:15,18.7300,4,93648.0000,50,B,18.7200,18.7100,18.7000,18.6900,18.6800,18.7300,18.7500,18.7600,18.7900,18.8000,61,105,425,101,94,22,19,50,54,450
SZ,002339,2017-01-03 09:53:18,18.7500,5,264332.0000,141,B,18.7500,18.7300,18.7200,18.7100,18.7000,18.7600,18.7900,18.8000,18.8100,18.8300,159,5,66,105,425,50,54,450,423,176
SZ,002339,2017-01-03 09:53:24,18.7500,1,24376.0000,13,S,18.7500,18.7300,18.7200,18.7100,18.7000,18.7600,18.7900,18.8000,18.8100,18.8300,146,46,70,130,425,50,54,450,423,176
SZ,002339,2017-01-03 09:53:27,18.7500,3,120048.0000,64,S,18.7600,18.7500,18.7300,18.7200,18.7100,18.7900,18.8000,18.8100,18.8300,18.8400,10,132,51,72,140,54,450,423,176,231
SZ,002339,2017-01-03 09:53:30,18.7500,2,22512.0000,12,S,18.7500,18.7300,18.7200,18.7100,18.7000,18.7900,18.8000,18.8100,18.8300,18.8400,130,62,82,142,473,54,450,423,176,231
SZ,002339,2017-01-03 09:53:39,18.8000,13,990664.0000,527,B,18.8000,18.7600,18.7500,18.7300,18.7200,18.8100,18.8300,18.8400,18.8600,18.8700,1,7,132,99,108,423,176,231,152,257
SZ,002339,2017-01-03 09:53:42,18.8000,3,22552.0000,12,S,18.8000,18.7900,18.7600,18.7500,18.7300,18.8100,18.8300,18.8400,18.8600,18.8700,5,90,7,247,99,423,176,231,152,257
SZ,002339,2017-01-03 09:53:45,18.8000,1,9400.0000,5,S,18.7900,18.7800,18.7600,18.7500,18.7300,18.8100,18.8300,18.8400,18.8600,18.8700,90,1,42,299,99,423,176,231,152,257
SZ,002339,2017-01-03 09:53:51,18.7900,1,3756.0000,2,S,18.7900,18.7800,18.7600,18.7500,18.7300,18.8000,18.8100,18.8300,18.8400,18.8600,117,1,42,303,99,10,423,176,231,152
SZ,002339,2017-01-03 09:53:54,18.7900,1,5638.0000,3,S,18.7900,18.7600,18.7500,18.7300,18.7200,18.8000,18.8100,18.8300,18.8400,18.8600,114,42,303,99,111,10,423,176,231,152
SZ,002339,2017-01-03 09:54:03,18.8000,1,9400.0000,5,B,18.7900,18.7600,18.7500,18.7300,18.7200,18.8000,18.8100,18.8300,18.8400,18.8500,141,81,303,99,111,87,423,176,228,1
SZ,002339,2017-01-03 09:54:06,18.7900,1,5638.0000,3,S,18.7900,18.7600,18.7500,18.7300,18.7200,18.8000,18.8100,18.8300,18.8400,18.8500,148,81,303,99,113,87,423,176,228,1
SZ,002339,2017-01-03 09:54:12,18.7900,1,18788.0000,10,S,18.7900,18.7600,18.7500,18.7300,18.7200,18.8000,18.8100,18.8300,18.8400,18.8500,138,81,303,105,103,87,423,176,228,29
SZ,002339,2017-01-03 09:54:15,18.7900,5,39476.0000,21,S,18.7900,18.7600,18.7500,18.7300,18.7200,18.8000,18.8100,18.8300,18.8400,18.8500,132,84,313,105,103,72,423,176,228,29
SZ,002339,2017-01-03 09:54:18,18.8000,1,3760.0000,2,B,18.7900,18.7600,18.7500,18.7300,18.7200,18.8000,18.8100,18.8300,18.8400,18.8500,133,84,313,105,103,70,423,176,228,29
SZ,002339,2017-01-03 09:54:21,18.7900,6,249906.0000,133,S,18.7600,18.7500,18.7300,18.7200,18.7100,18.7900,18.8000,18.8100,18.8300,18.8400,84,310,105,103,172,17,70,423,176,228
SZ,002339,2017-01-03 09:54:24,18.7800,4,137218.0000,73,B,18.7600,18.7500,18.7300,18.7200,18.7100,18.7800,18.8000,18.8100,18.8300,18.8400,142,310,108,106,172,17,17,423,176,228
SZ,002339,2017-01-03 09:54:27,18.7800,1,9388.0000,5,B,18.7600,18.7500,18.7300,18.7200,18.7100,18.7800,18.7900,18.8000,18.8100,18.8300,152,310,108,106,172,12,3,17,423,176
SZ,002339,2017-01-03 09:54:33,18.7800,1,3756.0000,2,B,18.7700,18.7600,18.7500,18.7300,18.7200,18.7800,18.7900,18.8000,18.8100,18.8300,10,100,310,103,110,10,3,22,423,176
SZ,002339,2017-01-03 09:54:36,18.7800,2,18780.0000,10,B,18.7800,18.7700,18.7600,18.7500,18.7300,18.7900,18.8000,18.8100,18.8300,18.8400,15,20,99,315,103,3,22,423,176,228
SZ,002339,2017-01-03 09:54:39,18.7600,13,251436.0000,134,S,18.7500,18.7300,18.7200,18.7100,18.7000,18.7600,18.7900,18.8000,18.8100,18.8300,315,103,110,170,593,36,3,83,423,176
SZ,002339,2017-01-03 09:54:48,18.7600,4,41272.0000,22,B,18.7500,18.7300,18.7200,18.7100,18.7000,18.7600,18.7800,18.7900,18.8000,18.8100,315,103,114,170,596,14,4,3,96,423
SZ,002339,2017-01-03 09:54:51,18.7600,1,3752.0000,2,B,18.7500,18.7300,18.7200,18.7100,18.7000,18.7600,18.7800,18.7900,18.8000,18.8100,315,103,114,170,596,12,4,3,96,423
SZ,002339,2017-01-03 09:55:00,18.7600,3,33768.0000,18,B,18.7600,18.7500,18.7300,18.7200,18.7100,18.7800,18.7900,18.8000,18.8100,18.8300,45,350,103,117,189,4,3,96,423,176
SZ,002339,2017-01-03 09:55:03,18.7500,5,202552.0000,108,S,18.7500,18.7300,18.7200,18.7100,18.7000,18.7800,18.7900,18.8000,18.8100,18.8300,294,103,114,189,611,4,3,96,423,176
SZ,002339,2017-01-03 09:55:06,18.7600,1,5628.0000,3,B,18.7600,18.7500,18.7300,18.7200,18.7100,18.7800,18.7900,18.8000,18.8100,18.8300,8,294,103,114,189,14,3,96,423,176
SZ,002339,2017-01-03 09:55:09,18.7800,3,26292.0000,14,B,18.7800,18.7600,18.7500,18.7300,18.7200,18.7900,18.8000,18.8100,18.8300,18.8400,25,8,294,107,111,3,102,423,176,228
SZ,002339,2017-01-03 09:55:12,18.7800,2,46948.0000,25,S,18.7600,18.7500,18.7300,18.7200,18.7100,18.7800,18.7900,18.8000,18.8100,18.8300,12,294,107,111,189,25,3,102,423,176
SZ,002339,2017-01-03 09:55:24,18.7800,1,9392.0000,5,B,18.7600,18.7500,18.7300,18.7200,18.7100,18.7800,18.7900,18.8000,18.8100,18.8300,113,305,107,111,187,20,3,103,423,176
SZ,002339,2017-01-03 09:55:27,18.7800,2,11268.0000,6,B,18.7600,18.7500,18.7300,18.7200,18.7100,18.7800,18.7900,18.8000,18.8100,18.8300,98,308,107,121,192,139,3,103,423,176
SZ,002339,2017-01-03 09:55:30,18.7800,2,58216.0000,31,B,18.7600,18.7500,18.7300,18.7200,18.7100,18.7800,18.7900,18.8000,18.8100,18.8300,98,313,107,121,192,108,5,103,423,176
SZ,002339,2017-01-03 09:55:33,18.7800,1,37560.0000,20,B,18.7600,18.7500,18.7300,18.7200,18.7100,18.7800,18.7900,18.8000,18.8100,18.8300,98,313,107,121,192,88,8,103,423,176
SZ,002339,2017-01-03 09:55:36,18.7800,7,208416.0000,111,B,18.7800,18.7600,18.7500,18.7300,18.7200,18.7900,18.8000,18.8100,18.8300,18.8400,10,78,316,107,121,8,103,423,176,228
SZ,002339,2017-01-03 09:55:39,18.7800,4,35682.0000,19,S,18.7800,18.7600,18.7500,18.7300,18.7200,18.7900,18.8000,18.8100,18.8300,18.8400,11,78,316,107,121,8,103,423,176,228
SZ,002339,2017-01-03 09:55:42,18.7600,2,48798.0000,26,S,18.7600,18.7500,18.7300,18.7200,18.7100,18.7900,18.8000,18.8100,18.8300,18.8400,72,316,107,121,192,8,98,423,176,228
SZ,002339,2017-01-03 09:55:48,18.7600,1,75040.0000,40,S,18.7600,18.7500,18.7300,18.7200,18.7100,18.7800,18.7900,18.8000,18.8100,18.8300,32,316,107,121,192,53,8,104,423,176
SZ,002339,2017-01-03 09:55:51,18.7800,2,69486.0000,37,B,18.7600,18.7500,18.7300,18.7200,18.7100,18.7800,18.7900,18.8000,18.8100,18.8300,33,316,107,131,192,16,8,104,423,176
SZ,002339,2017-01-03 09:55:54,18.7800,1,9390.0000,5,B,18.7600,18.7500,18.7400,18.7300,18.7200,18.7800,18.7900,18.8000,18.8100,18.8300,53,316,2,107,131,11,8,104,423,176
SZ,002339,2017-01-03 09:56:03,18.7600,8,121940.0000,65,S,18.7500,18.7400,18.7300,18.7200,18.7100,18.7600,18.7800,18.7900,18.8000,18.8100,321,2,114,131,192,135,11,8,104,423
SZ,002339,2017-01-03 09:56:06,18.7600,2,71288.0000,38,B,18.7500,18.7400,18.7300,18.7200,18.7100,18.7600,18.7800,18.7900,18.8000,18.8100,321,2,114,161,192,102,11,8,104,425
SZ,002339,2017-01-03 09:56:09,18.7600,1,9380.0000,5,B,18.7500,18.7400,18.7300,18.7200,18.7100,18.7600,18.7800,18.7900,18.8000,18.8100,321,2,114,161,192,97,11,8,104,425
SZ,002339,2017-01-03 09:56:15,18.7600,3,37520.0000,20,B,18.7500,18.7400,18.7300,18.7200,18.7100,18.7600,18.7800,18.7900,18.8000,18.8100,321,2,114,161,190,77,11,8,104,425
SZ,002339,2017-01-03 09:56:18,18.7600,2,7504.0000,4,B,18.7500,18.7400,18.7300,18.7200,18.7100,18.7600,18.7800,18.7900,18.8000,18.8100,320,8,114,212,189,74,11,8,104,425
SZ,002339,2017-01-03 09:56:24,18.7600,1,9380.0000,5,B,18.7500,18.7400,18.7300,18.7200,18.7100,18.7600,18.7800,18.7900,18.8000,18.8100,320,8,114,212,189,338,11,8,104,425
SZ,002339,2017-01-03 09:56:27,18.7600,6,255008.0000,136,B,18.7500,18.7400,18.7300,18.7200,18.7100,18.7600,18.7800,18.7900,18.8000,18.8100,192,8,114,212,189,330,17,8,104,425
SZ,002339,2017-01-03 09:56:30,18.7500,3,15000.0000,8,S,18.7500,18.7400,18.7300,18.7200,18.7100,18.7600,18.7800,18.7900,18.8000,18.8100,184,8,115,212,189,330,17,8,104,425
SZ,002339,2017-01-03 09:56:36,18.7600,1,1876.0000,1,B,18.7500,18.7400,18.7300,18.7200,18.7100,18.7600,18.7800,18.7900,18.8000,18.8100,174,8,115,212,189,333,17,8,104,425
SZ,002339,2017-01-03 09:56:42,18.7500,5,75000.0000,40,S,18.7500,18.7400,18.7300,18.7200,18.7100,18.7600,18.7800,18.7900,18.8000,18.8100,134,12,115,216,194,333,17,8,104,425
SZ,002339,2017-01-03 09:56:48,18.7600,4,300160.0000,160,B,18.7500,18.7400,18.7300,18.7200,18.7100,18.7600,18.7800,18.7900,18.8000,18.8100,134,12,115,216,194,217,28,8,104,433
SZ,002339,2017-01-03 09:56:51,18.7500,1,3748.0000,2,S,18.7500,18.7400,18.7300,18.7200,18.7100,18.7600,18.7800,18.7900,18.8000,18.8100,132,17,115,206,194,217,28,8,114,433
SZ,002339,2017-01-03 09:56:54,18.7600,1,9380.0000,5,B,18.7500,18.7400,18.7300,18.7200,18.7100,18.7600,18.7800,18.7900,18.8000,18.8100,137,17,115,276,194,212,28,8,114,433
SZ,002339,2017-01-03 09:57:00,18.7500,2,48752.0000,26,S,18.7500,18.7400,18.7300,18.7200,18.7100,18.7600,18.7800,18.7900,18.8000,18.8100,113,44,115,276,194,212,28,8,114,433
SZ,002339,2017-01-03 09:57:03,18.7600,1,9380.0000,5,B,18.7500,18.7400,18.7300,18.7200,18.7100,18.7600,18.7800,18.7900,18.8000,18.8100,113,44,115,276,194,207,28,8,114,433
SZ,002339,2017-01-03 09:57:06,18.7500,1,5624.0000,3,S,18.7500,18.7400,18.7300,18.7200,18.7100,18.7600,18.7800,18.7900,18.8000,18.8100,115,44,115,276,194,207,28,8,114,433
SZ,002339,2017-01-03 09:57:09,18.7500,3,16878.0000,9,S,18.7500,18.7400,18.7300,18.7200,18.7100,18.7600,18.7800,18.7900,18.8000,18.8100,109,44,115,276,194,204,29,8,114,433
SZ,002339,2017-01-03 09:57:15,18.7500,4,76874.0000,41,S,18.7500,18.7400,18.7300,18.7200,18.7100,18.7600,18.7800,18.7900,18.8000,18.8100,68,44,115,276,194,209,29,8,114,433
SZ,002339,2017-01-03 09:57:18,18.7500,1,3752.0000,2,S,18.7500,18.7400,18.7300,18.7200,18.7100,18.7600,18.7800,18.7900,18.8000,18.8100,66,44,115,276,194,209,29,8,114,433
SZ,002339,2017-01-03 09:57:27,18.7600,1,9380.0000,5,B,18.7500,18.7400,18.7300,18.7200,18.7100,18.7600,18.7800,18.7900,18.8000,18.8100,295,44,121,276,194,204,29,8,114,433
SZ,002339,2017-01-03 09:57:33,18.7600,2,91924.0000,49,B,18.7500,18.7400,18.7300,18.7200,18.7100,18.7600,18.7800,18.7900,18.8000,18.8100,295,44,121,276,194,155,29,8,114,433
SZ,002339,2017-01-03 09:57:39,18.7600,5,285152.0000,152,B,18.7500,18.7400,18.7300,18.7200,18.7100,18.7600,18.7800,18.7900,18.8000,18.8100,295,37,123,276,194,3,29,8,114,433
SZ,002339,2017-01-03 09:57:42,18.7500,9,93748.0000,50,S,18.7500,18.7400,18.7300,18.7200,18.7100,18.7600,18.7800,18.7900,18.8000,18.8100,245,37,123,276,194,3,29,8,114,433
SZ,002339,2017-01-03 09:57:51,18.7600,2,7504.0000,4,B,18.7600,18.7500,18.7400,18.7300,18.7200,18.7800,18.7900,18.8000,18.8100,18.8300,23,245,33,123,276,29,8,114,433,176
SZ,002339,2017-01-03 09:58:00,18.7600,7,106932.0000,57,S,18.7600,18.7500,18.7400,18.7300,18.7200,18.7800,18.7900,18.8000,18.8100,18.8300,99,245,33,123,225,29,8,114,433,176
SZ,002339,2017-01-03 09:58:03,18.7900,6,56342.0000,30,B,18.7600,18.7500,18.7400,18.7300,18.7200,18.7900,18.8000,18.8100,18.8300,18.8400,99,245,33,123,225,7,114,433,176,228
SZ,002339,2017-01-03 09:58:06,18.7600,3,155708.0000,83,S,18.7600,18.7500,18.7400,18.7300,18.7200,18.7900,18.8000,18.8100,18.8300,18.8400,20,245,33,123,225,7,105,433,176,228
SZ,002339,2017-01-03 09:58:15,18.7900,3,9394.0000,5,B,18.7600,18.7500,18.7400,18.7300,18.7200,18.7900,18.8000,18.8100,18.8300,18.8400,129,255,33,123,225,3,105,433,176,228
SZ,002339,2017-01-03 09:58:24,18.7900,2,5638.0000,3,B,18.7700,18.7600,18.7500,18.7400,18.7300,18.7900,18.8000,18.8100,18.8300,18.8400,8,164,265,43,123,159,105,433,176,228
SZ,002339,2017-01-03 09:58:33,18.7800,2,16902.0000,9,B,18.7700,18.7600,18.7500,18.7400,18.7300,18.7800,18.7900,18.8000,18.8100,18.8300,38,164,265,43,115,1,159,105,433,176
SZ,002339,2017-01-03 09:58:39,18.7800,2,5634.0000,3,B,18.7800,18.7700,18.7600,18.7500,18.7400,18.7900,18.8000,18.8100,18.8300,18.8400,2,38,174,287,43,159,105,433,176,228
SZ,002339,2017-01-03 09:58:42,18.7900,1,5638.0000,3,B,18.7800,18.7700,18.7600,18.7500,18.7400,18.7900,18.8000,18.8100,18.8300,18.8400,2,38,179,287,43,156,105,433,176,228
SZ,002339,2017-01-03 09:58:54,18.7800,1,3756.0000,2,S,18.7800,18.7700,18.7600,18.7500,18.7400,18.7900,18.8000,18.8100,18.8300,18.8400,4,46,175,64,43,156,115,433,176,228
SZ,002339,2017-01-03 09:58:57,18.7900,2,46974.0000,25,B,18.7800,18.7700,18.7600,18.7500,18.7400,18.7900,18.8000,18.8100,18.8300,18.8400,4,46,175,64,43,131,115,433,176,228
SZ,002339,2017-01-03 09:59:00,18.7900,1,9394.0000,5,B,18.7800,18.7700,18.7600,18.7500,18.7400,18.7900,18.8000,18.8100,18.8300,18.8400,22,66,175,69,43,126,115,433,176,228
SZ,002339,2017-01-03 09:59:06,18.7900,2,13154.0000,7,B,18.7800,18.7700,18.7600,18.7500,18.7400,18.7900,18.8000,18.8100,18.8300,18.8400,24,66,175,69,43,119,115,433,176,228
SZ,002339,2017-01-03 09:59:09,18.7800,3,9390.0000,5,S,18.7800,18.7700,18.7600,18.7500,18.7400,18.7900,18.8000,18.8100,18.8300,18.8400,19,66,175,69,43,119,117,433,176,228
SZ,002339,2017-01-03 09:59:12,18.7800,3,35682.0000,19,S,18.7700,18.7600,18.7500,18.7400,18.7300,18.7800,18.7900,18.8000,18.8100,18.8300,66,175,69,43,111,17,119,117,433,176
SZ,002339,2017-01-03 09:59:18,18.7800,1,9390.0000,5,B,18.7700,18.7600,18.7500,18.7400,18.7300,18.7800,18.7900,18.8000,18.8100,18.8300,66,175,83,43,111,108,119,121,433,176
SZ,002339,2017-01-03 09:59:24,18.7800,1,15024.0000,8,B,18.7700,18.7600,18.7500,18.7400,18.7300,18.7800,18.7900,18.8000,18.8100,18.8300,66,175,83,43,102,100,119,111,433,176
SZ,002339,2017-01-03 09:59:27,18.7700,3,16892.0000,9,S,18.7700,18.7600,18.7500,18.7400,18.7300,18.7800,18.7900,18.8000,18.8100,18.8300,57,175,83,43,102,103,119,111,433,176
SZ,002339,2017-01-03 09:59:30,18.7700,1,11264.0000,6,S,18.7700,18.7600,18.7500,18.7400,18.7300,18.7800,18.7900,18.8000,18.8100,18.8300,58,175,83,43,102,103,119,111,433,176
SZ,002339,2017-01-03 09:59:39,18.7600,18,467196.0000,249,S,18.7500,18.7400,18.7300,18.7200,18.7100,18.7600,18.7800,18.7900,18.8000,18.8100,83,53,102,151,224,1,96,119,111,433
SZ,002339,2017-01-03 09:59:42,18.7800,3,37560.0000,20,B,18.7600,18.7500,18.7400,18.7300,18.7200,18.7800,18.7900,18.8000,18.8100,18.8300,5,87,53,102,151,77,119,111,433,176
SZ,002339,2017-01-03 09:59:48,18.7500,5,31880.0000,17,S,18.7500,18.7400,18.7300,18.7200,18.7100,18.7800,18.7900,18.8000,18.8100,18.8300,76,53,102,151,224,87,119,111,433,176
SZ,002339,2017-01-03 09:59:51,18.7800,3,52544.0000,28,B,18.7600,18.7500,18.7400,18.7300,18.7200,18.7800,18.7900,18.8000,18.8100,18.8300,196,101,53,102,151,79,119,111,433,176
SZ,002339,2017-01-03 10:00:06,18.7800,1,9388.0000,5,B,18.7600,18.7500,18.7400,18.7300,18.7200,18.7800,18.7900,18.8000,18.8100,18.8300,216,121,55,102,151,81,121,111,427,176
SZ,002339,2017-01-03 10:00:09,18.7600,1,13132.0000,7,S,18.7600,18.7500,18.7400,18.7300,18.7200,18.7800,18.7900,18.8000,18.8100,18.8300,209,121,55,102,151,81,121,111,427,176
SZ,002339,2017-01-03 10:00:12,18.7800,1,18780.0000,10,B,18.7600,18.7500,18.7400,18.7300,18.7200,18.7800,18.7900,18.8000,18.8100,18.8300,209,121,55,102,151,71,121,111,427,176
SZ,002339,2017-01-03 10:00:15,18.7600,1,28140.0000,15,S,18.7600,18.7500,18.7400,18.7300,18.7200,18.7800,18.7900,18.8000,18.8100,18.8300,194,121,55,102,151,71,121,111,427,176
SZ,002339,2017-01-03 10:00:18,18.7800,1,18780.0000,10,B,18.7600,18.7500,18.7400,18.7300,18.7200,18.7800,18.7900,18.8000,18.8100,18.8300,287,121,55,102,151,61,121,111,427,176
SZ,002339,2017-01-03 10:00:21,18.7800,4,84500.0000,45,B,18.7600,18.7500,18.7400,18.7300,18.7200,18.7800,18.7900,18.8000,18.8100,18.8300,281,130,55,102,151,22,121,111,427,176
SZ,002339,2017-01-03 10:00:24,18.7600,1,9380.0000,5,S,18.7600,18.7500,18.7400,18.7300,18.7200,18.7800,18.7900,18.8000,18.8100,18.8300,276,130,55,105,151,22,121,111,427,176
SZ,002339,2017-01-03 10:00:27,18.7800,1,3756.0000,2,B,18.7600,18.7500,18.7400,18.7300,18.7200,18.7800,18.7900,18.8000,18.8100,18.8300,287,130,75,105,151,20,121,111,427,176
SZ,002339,2017-01-03 10:00:30,18.7800,1,7512.0000,4,B,18.7600,18.7500,18.7400,18.7300,18.7200,18.7800,18.7900,18.8000,18.8100,18.8300,287,130,75,105,151,16,121,111,427,176
SZ,002339,2017-01-03 10:00:33,18.7600,1,9380.0000,5,S,18.7700,18.7600,18.7500,18.7400,18.7300,18.7800,18.7900,18.8000,18.8100,18.8300,10,282,130,75,105,16,121,111,427,176
SZ,002339,2017-01-03 10:00:36,18.7800,2,16892.0000,9,B,18.7700,18.7600,18.7500,18.7400,18.7300,18.7800,18.7900,18.8000,18.8100,18.8300,2,287,130,75,105,15,121,111,427,176
SZ,002339,2017-01-03 10:00:39,18.7800,1,9392.0000,5,B,18.7700,18.7600,18.7500,18.7400,18.7300,18.7800,18.7900,18.8000,18.8100,18.8300,2,287,130,75,105,10,121,111,427,176
SZ,002339,2017-01-03 10:00:42,18.7800,2,16900.0000,9,B,18.7700,18.7600,18.7500,18.7400,18.7300,18.7800,18.7900,18.8000,18.8100,18.8300,17,287,130,73,105,11,121,111,427,176
SZ,002339,2017-01-03 10:00:45,18.7800,2,11268.0000,6,B,18.7700,18.7600,18.7500,18.7400,18.7300,18.7800,18.7900,18.8000,18.8100,18.8300,69,287,130,73,105,15,121,111,427,176
SZ,002339,2017-01-03 10:00:48,18.7800,1,5632.0000,3,B,18.7700,18.7600,18.7500,18.7400,18.7300,18.7800,18.7900,18.8000,18.8100,18.8300,71,287,130,73,105,12,121,111,427,176
SZ,002339,2017-01-03 10:00:54,18.7700,1,3756.0000,2,S,18.7700,18.7600,18.7500,18.7400,18.7300,18.7800,18.7900,18.8000,18.8100,18.8300,69,287,140,73,105,39,121,111,427,176
SZ,002339,2017-01-03 10:00:57,18.7700,1,20648.0000,11,S,18.7700,18.7600,18.7500,18.7400,18.7300,18.7800,18.7900,18.8000,18.8100,18.8300,58,287,140,73,105,39,121,111,427,176
SZ,002339,2017-01-03 10:01:06,18.7800,4,28168.0000,15,B,18.7700,18.7600,18.7500,18.7400,18.7300,18.7800,18.7900,18.8000,18.8100,18.8300,83,287,190,73,108,49,121,111,427,176
SZ,002339,2017-01-03 10:01:09,18.7700,3,60064.0000,32,S,18.7700,18.7600,18.7500,18.7400,18.7300,18.7800,18.7900,18.8000,18.8100,18.8300,53,287,190,73,108,47,121,111,427,176
SZ,002339,2017-01-03 10:01:12,18.7800,2,46944.0000,25,B,18.7700,18.7600,18.7500,18.7400,18.7300,18.7800,18.7900,18.8000,18.8100,18.8300,43,287,190,73,108,32,121,111,427,176
SZ,002339,2017-01-03 10:01:15,18.7800,1,3752.0000,2,B,18.7700,18.7600,18.7500,18.7400,18.7300,18.7800,18.7900,18.8000,18.8100,18.8300,53,287,190,73,108,30,121,111,427,176
SZ,002339,2017-01-03 10:01:18,18.7800,6,48808.0000,26,B,18.7700,18.7600,18.7500,18.7400,18.7300,18.7800,18.7900,18.8000,18.8100,18.8300,33,287,190,73,108,24,124,111,427,176
SZ,002339,2017-01-03 10:01:27,18.7800,1,18784.0000,10,B,18.7700,18.7600,18.7500,18.7400,18.7300,18.7800,18.7900,18.8000,18.8100,18.8300,46,337,190,73,108,14,124,111,427,176
SZ,002339,2017-01-03 10:01:30,18.7800,1,9388.0000,5,B,18.7700,18.7600,18.7500,18.7400,18.7300,18.7800,18.7900,18.8000,18.8100,18.8300,46,337,190,73,108,9,124,111,427,176
SZ,002339,2017-01-03 10:01:33,18.7800,2,13148.0000,7,B,18.7700,18.7600,18.7500,18.7400,18.7300,18.7800,18.7900,18.8000,18.8100,18.8300,46,387,190,73,108,28,124,111,427,176
SZ,002339,2017-01-03 10:01:39,18.7800,2,13144.0000,7,B,18.7700,18.7600,18.7500,18.7400,18.7300,18.7800,18.7900,18.8000,18.8100,18.8300,46,387,190,73,108,31,124,111,427,176
SZ,002339,2017-01-03 10:01:45,18.7700,2,11264.0000,6,S,18.7700,18.7600,18.7500,18.7400,18.7300,18.7800,18.7900,18.8000,18.8100,18.8300,43,387,188,73,108,28,124,111,427,176
SZ,002339,2017-01-03 10:01:48,18.7700,1,3756.0000,2,S,18.7700,18.7600,18.7500,18.7400,18.7300,18.7800,18.7900,18.8000,18.8100,18.8300,41,387,188,73,108,28,124,111,427,176
SZ,002339,2017-01-03 10:02:06,18.7700,1,1876.0000,1,S,18.7700,18.7600,18.7500,18.7400,18.7300,18.7800,18.7900,18.8000,18.8100,18.8300,40,389,214,73,108,42,124,111,427,176
SZ,002339,2017-01-03 10:02:15,18.7700,3,33796.0000,18,S,18.7700,18.7600,18.7500,18.7400,18.7300,18.7800,18.7900,18.8000,18.8100,18.8300,154,389,214,73,108,32,124,111,427,176
SZ,002339,2017-01-03 10:02:21,18.7700,3,20648.0000,11,S,18.7700,18.7600,18.7500,18.7400,18.7300,18.7800,18.7900,18.8000,18.8100,18.8300,143,389,264,73,108,32,124,111,427,176
SZ,002339,2017-01-03 10:02:27,18.7800,1,3756.0000,2,B,18.7700,18.7600,18.7500,18.7400,18.7300,18.7800,18.7900,18.8000,18.8100,18.8300,30,389,264,73,108,30,124,111,427,176
SZ,002339,2017-01-03 10:02:30,18.7700,2,16892.0000,9,S,18.7700,18.7600,18.7500,18.7400,18.7300,18.7800,18.7900,18.8000,18.8100,18.8300,21,389,264,63,108,30,124,111,427,176
SZ,002339,2017-01-03 10:02:33,18.7800,4,56340.0000,30,B,18.7800,18.7700,18.7600,18.7500,18.7400,18.7900,18.8000,18.8100,18.8300,18.8400,60,21,389,264,63,124,111,427,176,228
SZ,002339,2017-01-03 10:02:39,18.7800,1,13144.0000,7,S,18.7800,18.7700,18.7600,18.7500,18.7400,18.7900,18.8000,18.8100,18.8300,18.8400,78,21,389,269,63,124,111,427,176,228
SZ,002339,2017-01-03 10:02:42,18.7900,2,82680.0000,44,B,18.7800,18.7700,18.7600,18.7500,18.7400,18.7900,18.8000,18.8100,18.8300,18.8400,78,21,389,269,63,80,111,427,176,228
SZ,002339,2017-01-03 10:02:45,18.7600,16,786280.0000,419,S,18.7600,18.7500,18.7400,18.7300,18.7200,18.7900,18.8000,18.8100,18.8300,18.8400,91,269,63,108,148,61,111,427,176,228
SZ,002339,2017-01-03 10:02:51,18.7700,1,18772.0000,10,B,18.7600,18.7500,18.7400,18.7300,18.7200,18.7700,18.7900,18.8000,18.8100,18.8300,91,269,63,108,148,10,61,111,427,176
SZ,002339,2017-01-03 10:02:54,18.7900,2,92052.0000,49,B,18.7600,18.7500,18.7400,18.7300,18.7200,18.7900,18.8000,18.8100,18.8300,18.8400,91,269,63,102,148,22,111,427,176,228
SZ,002339,2017-01-03 10:03:03,18.7600,2,56280.0000,30,S,18.7600,18.7500,18.7400,18.7300,18.7200,18.7800,18.7900,18.8000,18.8100,18.8300,88,255,66,102,148,2,22,111,427,176
SZ,002339,2017-01-03 10:03:06,18.7600,1,9380.0000,5,S,18.7600,18.7500,18.7400,18.7300,18.7200,18.7800,18.7900,18.8000,18.8100,18.8300,83,255,66,102,148,2,22,111,427,176
SZ,002339,2017-01-03 10:03:12,18.7600,1,3752.0000,2,S,18.7600,18.7500,18.7400,18.7300,18.7200,18.7800,18.7900,18.8000,18.8100,18.8300,147,246,66,102,148,2,22,111,427,176
SZ,002339,2017-01-03 10:03:18,18.7600,2,11256.0000,6,S,18.7600,18.7500,18.7400,18.7300,18.7200,18.7900,18.8000,18.8100,18.8300,18.8400,166,246,66,102,148,22,111,427,176,228
SZ,002339,2017-01-03 10:03:21,18.7600,1,46900.0000,25,S,18.7600,18.7500,18.7400,18.7300,18.7200,18.7900,18.8000,18.8100,18.8300,18.8400,136,246,66,102,148,22,111,427,176,228
SZ,002339,2017-01-03 10:03:24,18.7600,2,9380.0000,5,S,18.7600,18.7500,18.7400,18.7300,18.7200,18.7900,18.8000,18.8100,18.8300,18.8400,131,246,66,102,150,22,111,427,176,228
SZ,002339,2017-01-03 10:03:36,18.7600,4,31912.0000,17,S,18.7600,18.7500,18.7400,18.7300,18.7200,18.7700,18.7900,18.8000,18.8100,18.8300,210,246,66,112,150,13,22,111,427,176
SZ,002339,2017-01-03 10:03:45,18.7700,1,18772.0000,10,B,18.7600,18.7500,18.7400,18.7300,18.7200,18.7700,18.7900,18.8000,18.8100,18.8300,210,247,66,112,150,13,22,111,427,176
SZ,002339,2017-01-03 10:03:54,18.7600,1,3752.0000,2,S,18.7600,18.7500,18.7400,18.7300,18.7200,18.7700,18.7900,18.8000,18.8100,18.8300,288,247,76,112,150,13,221,111,427,176
SZ,002339,2017-01-03 10:03:57,18.7700,30,862792.0000,460,B,18.7500,18.7400,18.7300,18.7200,18.7100,18.7700,18.7900,18.8000,18.8100,18.8300,87,76,112,150,247,11,221,111,427,176
SZ,002339,2017-01-03 10:04:06,18.7700,2,9384.0000,5,B,18.7500,18.7400,18.7300,18.7200,18.7100,18.7600,18.7700,18.7900,18.8000,18.8100,87,66,112,150,231,3,6,228,111,427
SZ,002339,2017-01-03 10:04:15,18.7500,3,56248.0000,30,S,18.7500,18.7400,18.7300,18.7200,18.7100,18.7600,18.7700,18.7900,18.8000,18.8100,57,66,112,150,231,203,6,228,111,427
SZ,002339,2017-01-03 10:04:21,18.7500,7,144392.0000,77,S,18.7400,18.7300,18.7200,18.7100,18.7000,18.7500,18.7600,18.7700,18.7900,18.8000,66,112,146,231,676,140,188,12,228,111
SZ,002339,2017-01-03 10:04:24,18.7500,1,5628.0000,3,B,18.7400,18.7300,18.7200,18.7100,18.7000,18.7500,18.7600,18.7700,18.7900,18.8000,66,112,146,231,676,137,188,12,228,111
SZ,002339,2017-01-03 10:04:30,18.7500,1,39372.0000,21,B,18.7400,18.7300,18.7200,18.7100,18.7000,18.7500,18.7600,18.7700,18.7900,18.8000,166,112,146,231,676,148,188,12,228,111
SZ,002339,2017-01-03 10:04:45,18.7500,5,69368.0000,37,B,18.7400,18.7300,18.7200,18.7100,18.7000,18.7500,18.7600,18.7700,18.7900,18.8000,169,116,146,281,676,121,188,42,228,111
SZ,002339,2017-01-03 10:04:51,18.7500,4,174372.0000,93,B,18.7400,18.7300,18.7200,18.7100,18.7000,18.7500,18.7600,18.7700,18.7900,18.8000,212,116,141,276,676,30,188,42,228,111
SZ,002339,2017-01-03 10:04:54,18.7500,1,3748.0000,2,B,18.7400,18.7300,18.7200,18.7100,18.7000,18.7500,18.7600,18.7700,18.7900,18.8000,212,116,141,271,676,33,188,42,228,111
SZ,002339,2017-01-03 10:05:00,18.7400,1,1876.0000,1,S,18.7400,18.7300,18.7200,18.7100,18.7000,18.7500,18.7600,18.7700,18.7900,18.8000,211,116,141,271,676,33,188,42,228,111
SZ,002339,2017-01-03 10:05:03,18.7400,2,9372.0000,5,S,18.7400,18.7300,18.7200,18.7100,18.7000,18.7500,18.7600,18.7700,18.7900,18.8000,206,116,141,271,676,33,188,42,228,111
SZ,002339,2017-01-03 10:05:12,18.7500,2,45000.0000,24,B,18.7400,18.7300,18.7200,18.7100,18.7000,18.7500,18.7600,18.7700,18.7900,18.8000,218,113,141,271,676,9,188,42,228,111
SZ,002339,2017-01-03 10:05:18,18.7400,5,46856.0000,25,S,18.7400,18.7300,18.7200,18.7100,18.7000,18.7600,18.7700,18.7900,18.8000,18.8100,203,113,141,271,676,188,42,228,111,427
SZ,002339,2017-01-03 10:05:21,18.7000,77,1495836.0000,799,S,18.7500,18.7400,18.7000,18.6900,18.6800,18.7600,18.7700,18.7900,18.8000,18.8100,107,4,605,74,102,188,42,228,111,427
SZ,002339,2017-01-03 10:05:24,18.7500,1,22500.0000,12,S,18.7500,18.7400,18.7000,18.6900,18.6800,18.7600,18.7700,18.7900,18.8000,18.8100,95,4,602,74,102,188,42,228,111,427
SZ,002339,2017-01-03 10:05:27,18.7500,1,1876.0000,1,S,18.7500,18.7400,18.7000,18.6900,18.6800,18.7600,18.7700,18.7900,18.8000,18.8100,94,4,602,74,102,188,42,228,111,427
SZ,002339,2017-01-03 10:05:30,18.7500,2,129372.0000,69,S,18.7500,18.7000,18.6900,18.6800,18.6700,18.7600,18.7700,18.7900,18.8000,18.8100,25,602,74,102,10,188,42,228,111,427
SZ,002339,2017-01-03 10:05:36,18.7500,1,46876.0000,25,S,18.7000,18.6900,18.6800,18.6700,18.6600,18.7500,18.7600,18.7700,18.7900,18.8000,602,74,102,10,46,134,188,42,228,94
SZ,002339,2017-01-03 10:05:39,18.7500,2,82500.0000,44,B,18.7000,18.6900,18.6800,18.6700,18.6600,18.7500,18.7600,18.7700,18.7900,18.8000,602,74,102,10,46,137,188,36,228,94
SZ,002339,2017-01-03 10:05:45,18.7400,1,56220.0000,30,B,18.7100,18.7000,18.6900,18.6800,18.6700,18.7400,18.7500,18.7600,18.7700,18.7800,30,602,74,102,10,10,137,188,36,2
SZ,002339,2017-01-03 10:05:48,18.7400,1,5624.0000,3,B,18.7100,18.7000,18.6900,18.6800,18.6700,18.7400,18.7500,18.7600,18.7700,18.7800,30,612,74,102,10,7,137,188,36,2
SZ,002339,2017-01-03 10:06:06,18.7000,15,377812.0000,202,S,18.7000,18.6900,18.6800,18.6700,18.6600,18.7500,18.7600,18.7700,18.7800,18.7900,480,84,112,10,56,96,188,36,2,228
SZ,002339,2017-01-03 10:06:21,18.7400,1,3748.0000,2,S,18.7300,18.7200,18.7100,18.7000,18.6900,18.7400,18.7500,18.7600,18.7700,18.7800,27,25,31,551,84,2,121,188,76,2
SZ,002339,2017-01-03 10:06:30,18.7300,1,16856.0000,9,S,18.7300,18.7200,18.7100,18.7000,18.6900,18.7400,18.7500,18.7600,18.7700,18.7800,18,25,36,574,134,7,121,188,76,2
SZ,002339,2017-01-03 10:06:36,18.7400,3,56220.0000,30,B,18.7300,18.7200,18.7100,18.7000,18.6900,18.7400,18.7500,18.7600,18.7700,18.7800,18,25,47,576,134,2,115,188,76,2
SZ,002339,2017-01-03 10:06:39,18.7200,5,48692.0000,26,S,18.7200,18.7100,18.7000,18.6900,18.6800,18.7400,18.7500,18.7600,18.7700,18.7800,17,47,576,134,121,2,115,188,76,2
SZ,002339,2017-01-03 10:06:54,18.7200,6,28092.0000,15,S,18.7200,18.7100,18.7000,18.6900,18.6800,18.7400,18.7500,18.7600,18.7700,18.7800,126,56,588,134,121,5,115,188,46,2
SZ,002339,2017-01-03 10:06:57,18.7300,1,3748.0000,2,B,18.7200,18.7100,18.7000,18.6900,18.6800,18.7300,18.7400,18.7500,18.7600,18.7700,126,56,598,134,121,5,5,115,188,46
SZ,002339,2017-01-03 10:07:03,18.7300,1,9364.0000,5,B,18.7300,18.7200,18.7100,18.7000,18.6900,18.7400,18.7500,18.7600,18.7700,18.7800,1,126,106,603,134,5,115,188,46,2
SZ,002339,2017-01-03 10:07:06,18.7300,1,1872.0000,1,S,18.7200,18.7100,18.7000,18.6900,18.6800,18.7300,18.7400,18.7500,18.7600,18.7700,127,106,603,134,121,9,5,115,188,46
SZ,002339,2017-01-03 10:07:09,18.7300,3,69268.0000,37,B,18.7200,18.7100,18.7000,18.6900,18.6800,18.7300,18.7400,18.7500,18.7600,18.7700,94,106,605,134,131,5,5,115,188,46
SZ,002339,2017-01-03 10:07:12,18.7300,1,9364.0000,5,B,18.7300,18.7200,18.7100,18.7000,18.6900,18.7400,18.7500,18.7600,18.7700,18.7800,25,94,106,605,134,5,115,188,46,2
SZ,002339,2017-01-03 10:07:15,18.7400,2,5624.0000,3,B,18.7300,18.7200,18.7100,18.7000,18.6900,18.7400,18.7500,18.7600,18.7700,18.7800,25,94,111,605,134,25,115,188,46,2
SZ,002339,2017-01-03 10:07:18,18.7300,2,46824.0000,25,S,18.7200,18.7100,18.7000,18.6900,18.6800,18.7400,18.7500,18.7600,18.7700,18.7800,108,111,605,134,131,25,115,188,46,2
SZ,002339,2017-01-03 10:07:21,18.7400,1,3748.0000,2,B,18.7200,18.7100,18.7000,18.6900,18.6800,18.7300,18.7400,18.7500,18.7600,18.7700,108,141,602,134,131,5,23,115,188,46
SZ,002339,2017-01-03 10:07:27,18.7300,1,9364.0000,5,B,18.7300,18.7200,18.7100,18.7000,18.6900,18.7400,18.7500,18.7600,18.7700,18.7800,45,118,141,597,134,23,121,188,46,2
SZ,002339,2017-01-03 10:07:36,18.7300,1,11240.0000,6,S,18.7300,18.7200,18.7100,18.7000,18.6900,18.7400,18.7500,18.7600,18.7700,18.7800,53,138,207,587,134,53,139,191,46,2
SZ,002339,2017-01-03 10:07:39,18.7100,12,376320.0000,201,S,18.7100,18.7000,18.6900,18.6800,18.6700,18.7200,18.7400,18.7500,18.7600,18.7700,202,587,134,131,10,804,53,139,8,46
SZ,002339,2017-01-03 10:07:51,18.7100,1,11224.0000,6,S,18.7100,18.7000,18.6900,18.6800,18.6700,18.7200,18.7400,18.7500,18.7600,18.7700,196,587,134,131,10,804,53,139,8,46
SZ,002339,2017-01-03 10:07:57,18.7100,1,11228.0000,6,S,18.7100,18.7000,18.6900,18.6800,18.6700,18.7200,18.7400,18.7500,18.7600,18.7700,190,587,134,131,10,804,53,139,63,46
SZ,002339,2017-01-03 10:08:00,18.7100,10,93548.0000,50,S,18.7100,18.7000,18.6900,18.6800,18.6700,18.7200,18.7300,18.7400,18.7500,18.7600,140,587,134,131,10,811,32,53,139,63
SZ,002339,2017-01-03 10:08:06,18.7100,4,56144.0000,30,S,18.7100,18.7000,18.6900,18.6800,18.6700,18.7200,18.7300,18.7400,18.7500,18.7600,124,587,134,131,10,797,32,53,139,63
SZ,002339,2017-01-03 10:08:09,18.7100,1,9356.0000,5,S,18.7100,18.7000,18.6900,18.6800,18.6700,18.7200,18.7300,18.7400,18.7500,18.7600,154,587,134,131,10,797,47,53,139,63
SZ,002339,2017-01-03 10:08:15,18.7200,3,35552.0000,19,B,18.7100,18.7000,18.6900,18.6800,18.6700,18.7200,18.7300,18.7400,18.7500,18.7600,380,587,134,133,10,795,47,53,139,63
SZ,002339,2017-01-03 10:08:21,18.7200,2,13104.0000,7,B,18.7100,18.7000,18.6900,18.6800,18.6700,18.7200,18.7300,18.7400,18.7500,18.7600,440,593,134,133,10,788,47,53,139,63
SZ,002339,2017-01-03 10:08:27,18.7200,1,9360.0000,5,B,18.7100,18.7000,18.6900,18.6800,18.6700,18.7200,18.7300,18.7400,18.7500,18.7600,440,604,134,133,10,783,47,53,139,63
SZ,002339,2017-01-03 10:08:30,18.7200,4,46792.0000,25,B,18.7100,18.7000,18.6900,18.6800,18.6700,18.7200,18.7300,18.7400,18.7500,18.7600,431,604,134,133,10,767,47,68,139,63
SZ,002339,2017-01-03 10:08:33,18.7100,2,11228.0000,6,S,18.7100,18.7000,18.6900,18.6800,18.6700,18.7200,18.7300,18.7400,18.7500,18.7600,428,604,134,133,10,766,47,68,139,63
SZ,002339,2017-01-03 10:08:36,18.7200,1,9360.0000,5,B,18.7100,18.7000,18.6900,18.6800,18.6700,18.7200,18.7300,18.7400,18.7500,18.7600,428,604,134,133,10,761,47,68,139,63
SZ,002339,2017-01-03 10:08:39,18.7100,3,290156.0000,155,S,18.7100,18.7000,18.6900,18.6800,18.6700,18.7200,18.7300,18.7400,18.7500,18.7600,473,609,134,133,10,611,47,68,139,63
SZ,002339,2017-01-03 10:08:42,18.7200,1,426816.0000,228,B,18.7100,18.7000,18.6900,18.6800,18.6700,18.7200,18.7300,18.7400,18.7500,18.7600,478,609,134,133,10,383,47,68,139,63
SZ,002339,2017-01-03 10:08:45,18.7200,2,56160.0000,30,B,18.7100,18.7000,18.6900,18.6800,18.6700,18.7200,18.7300,18.7400,18.7500,18.7600,478,609,134,133,10,353,47,68,139,63
SZ,002339,2017-01-03 10:08:48,18.7200,5,241488.0000,129,B,18.7100,18.7000,18.6900,18.6800,18.6700,18.7200,18.7300,18.7400,18.7500,18.7600,478,610,134,133,10,224,47,68,139,60
SZ,002339,2017-01-03 10:08:51,18.7200,5,48656.0000,26,B,18.7100,18.7000,18.6900,18.6800,18.6700,18.7200,18.7300,18.7400,18.7500,18.7600,462,610,124,133,10,214,47,68,139,60
SZ,002339,2017-01-03 10:08:54,18.7200,5,400608.0000,214,B,18.7200,18.7100,18.7000,18.6900,18.6800,18.7300,18.7400,18.7500,18.7600,18.7700,67,462,612,124,133,47,68,139,60,46
SZ,002339,2017-01-03 10:08:57,18.7300,1,14984.0000,8,B,18.7200,18.7100,18.7000,18.6900,18.6800,18.7300,18.7400,18.7500,18.7600,18.7700,132,462,612,124,133,39,68,139,60,46
SZ,002339,2017-01-03 10:09:00,18.7300,3,65556.0000,35,B,18.7200,18.7100,18.7000,18.6900,18.6800,18.7300,18.7400,18.7500,18.7600,18.7700,137,462,612,124,133,4,68,139,60,46
SZ,002339,2017-01-03 10:09:06,18.7300,1,7488.0000,4,B,18.7300,18.7200,18.7100,18.7000,18.6900,18.7400,18.7500,18.7600,18.7700,18.7800,8,471,464,614,124,68,139,60,46,2
SZ,002339,2017-01-03 10:09:09,18.7200,2,20600.0000,11,S,18.7300,18.7200,18.7100,18.7000,18.6900,18.7400,18.7500,18.7600,18.7700,18.7800,6,481,471,614,124,68,139,60,46,2
SZ,002339,2017-01-03 10:09:21,18.7500,7,187420.0000,100,B,18.7300,18.7200,18.7100,18.7000,18.6900,18.7500,18.7600,18.7700,18.7800,18.7900,113,483,436,624,124,121,60,46,2,228
SZ,002339,2017-01-03 10:09:27,18.7400,1,5620.0000,3,S,18.7400,18.7300,18.7200,18.7100,18.7000,18.7500,18.7600,18.7700,18.7800,18.7900,2,390,483,413,624,115,60,46,2,228
SZ,002339,2017-01-03 10:09:36,18.7400,10,292496.0000,156,S,18.7400,18.7300,18.7200,18.7100,18.7000,18.7500,18.7600,18.7700,18.7800,18.7900,57,395,488,464,624,15,60,63,2,228
SZ,002339,2017-01-03 10:09:39,18.7500,2,20624.0000,11,B,18.7400,18.7300,18.7200,18.7100,18.7000,18.7500,18.7600,18.7700,18.7800,18.7900,57,395,490,464,634,4,60,63,2,228
SZ,002339,2017-01-03 10:09:42,18.7600,4,82540.0000,44,B,18.7500,18.7400,18.7300,18.7200,18.7100,18.7600,18.7700,18.7800,18.7900,18.8000,11,62,395,490,464,20,63,2,228,46
SZ,002339,2017-01-03 10:09:48,18.7500,4,90000.0000,48,S,18.7500,18.7400,18.7300,18.7200,18.7100,18.7600,18.7700,18.7800,18.7900,18.8000,132,62,395,478,457,20,63,12,228,46
SZ,002339,2017-01-03 10:09:51,18.7600,1,37520.0000,20,B,18.7600,18.7500,18.7400,18.7300,18.7200,18.7700,18.7800,18.7900,18.8000,18.8100,9,132,62,395,478,63,12,228,46,21
SZ,002339,2017-01-03 10:10:15,18.7600,1,9380.0000,5,S,18.7600,18.7500,18.7400,18.7300,18.7200,18.7700,18.7800,18.7900,18.8000,18.8100,14,132,22,395,479,63,12,228,46,21
SZ,002339,2017-01-03 10:10:18,18.7700,1,9384.0000,5,B,18.7600,18.7500,18.7400,18.7300,18.7200,18.7700,18.7800,18.7900,18.8000,18.8100,14,132,22,395,479,58,12,228,46,21
SZ,002339,2017-01-03 10:10:21,18.7700,3,7508.0000,4,B,18.7600,18.7500,18.7400,18.7300,18.7200,18.7700,18.7800,18.7900,18.8000,18.8100,13,132,22,395,478,55,12,228,46,13
SZ,002339,2017-01-03 10:10:24,18.7700,3,108868.0000,58,B,18.7700,18.7600,18.7500,18.7400,18.7300,18.7800,18.7900,18.8000,18.8100,18.8300,42,13,132,22,395,12,228,46,13,181
SZ,002339,2017-01-03 10:10:36,18.7700,1,9384.0000,5,S,18.7700,18.7600,18.7500,18.7400,18.7300,18.7800,18.7900,18.8000,18.8100,18.8200,72,13,124,22,395,32,228,46,13,1
SZ,002339,2017-01-03 10:10:45,18.7700,3,18776.0000,10,S,18.7700,18.7600,18.7500,18.7400,18.7300,18.7800,18.7900,18.8000,18.8100,18.8200,75,43,124,42,395,25,228,46,13,1
SZ,002339,2017-01-03 10:10:48,18.7800,3,46952.0000,25,B,18.7800,18.7700,18.7600,18.7500,18.7400,18.7900,18.8000,18.8100,18.8200,18.8300,37,83,43,124,42,228,46,13,1,181
SZ,002339,2017-01-03 10:10:51,18.7800,1,35680.0000,19,S,18.7800,18.7700,18.7600,18.7500,18.7400,18.7900,18.8000,18.8100,18.8200,18.8300,23,83,43,124,42,228,46,13,1,181
SZ,002339,2017-01-03 10:11:03,18.7900,1,31944.0000,17,B,18.7800,18.7700,18.7600,18.7500,18.7400,18.7900,18.8000,18.8100,18.8200,18.8300,23,83,41,124,44,211,46,13,1,181
SZ,002339,2017-01-03 10:11:06,18.7800,1,1880.0000,1,S,18.7800,18.7700,18.7600,18.7500,18.7400,18.7900,18.8000,18.8100,18.8200,18.8300,24,75,41,124,44,211,46,13,1,181
SZ,002339,2017-01-03 10:11:09,18.7900,7,398344.0000,212,B,18.7900,18.7800,18.7700,18.7600,18.7500,18.8000,18.8100,18.8200,18.8300,18.8400,46,24,74,41,124,46,13,1,181,228
SZ,002339,2017-01-03 10:11:15,18.8000,2,7520.0000,4,B,18.7900,18.7800,18.7700,18.7600,18.7500,18.8000,18.8100,18.8200,18.8300,18.8400,46,24,76,31,124,44,13,1,181,228
SZ,002339,2017-01-03 10:11:21,18.8000,1,7520.0000,4,B,18.7900,18.7800,18.7700,18.7600,18.7500,18.8000,18.8100,18.8200,18.8300,18.8400,34,24,76,31,124,40,13,1,181,228
SZ,002339,2017-01-03 10:11:24,18.8000,3,24440.0000,13,B,18.7900,18.7800,18.7700,18.7600,18.7500,18.8000,18.8100,18.8200,18.8300,18.8400,34,24,76,31,124,27,13,1,181,228
SZ,002339,2017-01-03 10:11:30,18.7900,3,13156.0000,7,S,18.7900,18.7800,18.7700,18.7600,18.7500,18.8000,18.8100,18.8200,18.8300,18.8400,31,26,76,31,124,23,13,101,181,228
SZ,002339,2017-01-03 10:11:33,18.8000,6,31960.0000,17,B,18.7900,18.7800,18.7700,18.7600,18.7500,18.8000,18.8100,18.8200,18.8300,18.8400,31,26,71,31,124,6,13,101,181,228
SZ,002339,2017-01-03 10:11:36,18.8000,2,9400.0000,5,B,18.7900,18.7800,18.7700,18.7600,18.7500,18.8000,18.8100,18.8200,18.8300,18.8400,31,26,71,31,124,1,13,101,181,228
SZ,002339,2017-01-03 10:11:42,18.8000,1,1880.0000,1,B,18.8000,18.7900,18.7800,18.7700,18.7600,18.8100,18.8200,18.8300,18.8400,18.8500,1,31,26,71,41,13,101,181,228,46
SZ,002339,2017-01-03 10:11:45,18.8000,3,16920.0000,9,S,18.8000,18.7900,18.7800,18.7700,18.7600,18.8100,18.8200,18.8300,18.8400,18.8500,5,31,26,71,41,13,101,181,228,46
SZ,002339,2017-01-03 10:11:48,18.8100,1,13168.0000,7,B,18.8000,18.7900,18.7800,18.7700,18.7600,18.8100,18.8200,18.8300,18.8400,18.8500,7,31,26,71,41,6,101,181,228,46
SZ,002339,2017-01-03 10:11:54,18.8100,4,11284.0000,6,B,18.8100,18.8000,18.7900,18.7800,18.7700,18.8200,18.8300,18.8400,18.8500,18.8600,5,10,31,28,71,100,181,228,46,148
SZ,002339,2017-01-03 10:11:57,18.8000,3,11288.0000,6,S,18.8000,18.7900,18.7800,18.7700,18.7600,18.8200,18.8300,18.8400,18.8500,18.8600,15,31,28,71,41,100,181,228,46,148
SZ,002339,2017-01-03 10:12:00,18.8200,1,5644.0000,3,B,18.8000,18.7900,18.7800,18.7700,18.7600,18.8200,18.8300,18.8400,18.8500,18.8600,15,31,28,71,41,97,181,228,46,148
SZ,002339,2017-01-03 10:12:03,18.8300,2,186320.0000,99,B,18.8200,18.8000,18.7900,18.7800,18.7700,18.8300,18.8400,18.8500,18.8600,18.8700,7,15,31,28,69,179,228,46,148,15
SZ,002339,2017-01-03 10:12:06,18.8200,2,13176.0000,7,S,18.8100,18.8000,18.7900,18.7800,18.7700,18.8200,18.8300,18.8400,18.8500,18.8600,1,15,31,28,69,4,179,228,46,148
SZ,002339,2017-01-03 10:12:15,18.8200,3,16932.0000,9,B,18.8200,18.8100,18.8000,18.7900,18.7800,18.8300,18.8400,18.8500,18.8600,18.8700,1,2,16,31,28,179,228,46,150,15
SZ,002339,2017-01-03 10:12:18,18.8200,2,190184.0000,101,S,18.8100,18.8000,18.7900,18.7800,18.7700,18.8200,18.8300,18.8400,18.8500,18.8600,8,16,31,28,69,158,82,228,46,150
SZ,002339,2017-01-03 10:12:21,18.8100,4,18808.0000,10,S,18.8000,18.7900,18.7800,18.7700,18.7600,18.8100,18.8200,18.8300,18.8400,18.8500,25,31,28,69,41,4,188,82,228,46
SZ,002339,2017-01-03 10:12:27,18.8100,1,3760.0000,2,B,18.8000,18.7900,18.7800,18.7700,18.7600,18.8100,18.8200,18.8300,18.8400,18.8500,25,31,26,64,41,9,188,82,228,46
SZ,002339,2017-01-03 10:12:33,18.8200,4,188192.0000,100,B,18.8100,18.8000,18.7900,18.7800,18.7700,18.8200,18.8300,18.8400,18.8500,18.8600,10,25,39,26,64,97,82,228,39,152
SZ,002339,2017-01-03 10:12:36,18.8000,4,31972.0000,17,S,18.8000,18.7900,18.7800,18.7700,18.7600,18.8200,18.8300,18.8400,18.8500,18.8600,20,39,24,64,41,97,82,228,39,152
SZ,002339,2017-01-03 10:12:45,18.8000,4,9404.0000,5,S,18.8000,18.7900,18.7800,18.7700,18.7600,18.8200,18.8300,18.8400,18.8500,18.8600,12,39,24,64,1043,97,82,228,39,152
SZ,002339,2017-01-03 10:12:57,18.8000,2,22560.0000,12,S,18.7900,18.7800,18.7700,18.7600,18.7500,18.8000,18.8100,18.8200,18.8300,18.8400,39,24,64,1053,124,19,70,97,82,228
SZ,002339,2017-01-03 10:13:03,18.8000,1,35720.0000,19,B,18.8000,18.7900,18.7800,18.7700,18.7600,18.8100,18.8200,18.8300,18.8400,18.8500,94,39,24,64,1053,70,97,82,228,39
SZ,002339,2017-01-03 10:13:06,18.8200,7,314224.0000,167,B,18.8200,18.8000,18.7900,18.7800,18.7700,18.8300,18.8400,18.8500,18.8600,18.8700,33,94,39,24,64,82,228,39,152,15
SZ,002339,2017-01-03 10:13:12,18.8200,1,7528.0000,4,S,18.8200,18.8000,18.7900,18.7800,18.7700,18.8300,18.8400,18.8500,18.8600,18.8700,29,94,39,24,64,79,228,39,152,15
SZ,002339,2017-01-03 10:13:27,18.8200,1,54576.0000,29,S,18.8100,18.8000,18.7900,18.7800,18.7700,18.8200,18.8300,18.8400,18.8500,18.8600,2,94,39,24,99,12,85,228,39,152
SZ,002339,2017-01-03 10:13:30,18.8200,1,18820.0000,10,B,18.8100,18.8000,18.7900,18.7800,18.7700,18.8200,18.8300,18.8400,18.8500,18.8600,2,134,39,24,214,2,85,228,39,152
SZ,002339,2017-01-03 10:13:36,18.8400,9,565000.0000,300,B,18.8200,18.8100,18.8000,18.7900,18.7800,18.8400,18.8500,18.8600,18.8700,18.8800,1,2,140,39,24,85,39,152,15,35
SZ,002339,2017-01-03 10:13:39,18.8200,1,1884.0000,1,S,18.8300,18.8100,18.8000,18.7900,18.7800,18.8400,18.8500,18.8600,18.8700,18.8800,3,2,140,39,24,85,39,152,15,35
SZ,002339,2017-01-03 10:13:42,18.8400,2,94200.0000,50,B,18.8300,18.8100,18.8000,18.7900,18.7800,18.8400,18.8500,18.8600,18.8700,18.8800,3,2,140,39,24,35,39,153,15,35
SZ,002339,2017-01-03 10:13:45,18.8200,3,18824.0000,10,S,18.8100,18.8000,18.7900,18.7800,18.7700,18.8200,18.8400,18.8500,18.8600,18.8700,2,140,31,24,214,2,35,39,153,15
SZ,002339,2017-01-03 10:13:48,18.8200,1,3760.0000,2,B,18.8200,18.8100,18.8000,18.7900,18.7800,18.8400,18.8500,18.8600,18.8700,18.8800,128,2,140,31,24,35,44,153,15,35
SZ,002339,2017-01-03 10:13:51,18.8200,1,148680.0000,79,S,18.8200,18.8100,18.8000,18.7900,18.7800,18.8300,18.8400,18.8500,18.8600,18.8700,149,2,145,31,24,27,35,44,153,15
SZ,002339,2017-01-03 10:13:57,18.8300,3,54608.0000,29,B,18.8200,18.8100,18.8000,18.7900,18.7800,18.8300,18.8400,18.8500,18.8600,18.8700,149,2,139,31,24,50,35,60,153,15
SZ,002339,2017-01-03 10:14:00,18.8300,1,5648.0000,3,B,18.8200,18.8100,18.8000,18.7900,18.7800,18.8300,18.8400,18.8500,18.8600,18.8700,149,2,142,31,24,47,35,60,153,15
SZ,002339,2017-01-03 10:14:06,18.8300,2,18832.0000,10,B,18.8200,18.8100,18.8000,18.7900,18.7800,18.8300,18.8400,18.8500,18.8600,18.8700,157,2,192,31,24,37,35,60,153,15
SZ,002339,2017-01-03 10:14:12,18.8300,1,28244.0000,15,B,18.8200,18.8100,18.8000,18.7900,18.7800,18.8300,18.8400,18.8500,18.8600,18.8700,157,2,192,31,24,22,35,65,153,15
SZ,002339,2017-01-03 10:14:15,18.8200,1,22584.0000,12,S,18.8200,18.8100,18.8000,18.7900,18.7800,18.8300,18.8400,18.8500,18.8600,18.8700,145,2,207,31,24,22,35,65,153,15
SZ,002339,2017-01-03 10:14:18,18.8300,1,41424.0000,22,B,18.8300,18.8200,18.8100,18.8000,18.7900,18.8400,18.8500,18.8600,18.8700,18.8800,28,145,2,207,31,35,65,153,15,35
SZ,002339,2017-01-03 10:14:30,18.8400,2,79120.0000,42,B,18.8300,18.8200,18.8000,18.7900,18.7800,18.8400,18.8500,18.8600,18.8700,18.8800,79,151,207,31,29,3,65,153,15,35
SZ,002339,2017-01-03 10:14:36,18.8400,1,5652.0000,3,B,18.8400,18.8300,18.8200,18.8000,18.7900,18.8500,18.8600,18.8700,18.8800,18.8900,37,90,151,167,31,68,153,15,35,244
SZ,002339,2017-01-03 10:14:39,18.8400,1,20724.0000,11,S,18.8400,18.8300,18.8200,18.8000,18.7900,18.8500,18.8600,18.8700,18.8800,18.8900,31,90,151,167,31,68,161,15,35,244
SZ,002339,2017-01-03 10:14:45,18.8400,5,65940.0000,35,S,18.8300,18.8200,18.8100,18.8000,18.7900,18.8400,18.8500,18.8600,18.8700,18.8800,90,151,10,170,31,263,69,161,15,35
SZ,002339,2017-01-03 10:14:48,18.8400,1,50868.0000,27,B,18.8300,18.8200,18.8100,18.8000,18.7900,18.8400,18.8500,18.8600,18.8700,18.8800,90,151,10,170,31,241,69,161,15,35
SZ,002339,2017-01-03 10:14:51,18.8400,2,28260.0000,15,B,18.8300,18.8200,18.8100,18.8000,18.7900,18.8400,18.8500,18.8600,18.8700,18.8800,90,154,10,167,31,226,69,161,15,35
SZ,002339,2017-01-03 10:14:57,18.8400,2,188400.0000,100,B,18.8300,18.8200,18.8100,18.8000,18.7900,18.8400,18.8500,18.8600,18.8700,18.8800,89,154,10,167,31,138,69,161,15,35
SZ,002339,2017-01-03 10:15:00,18.8400,2,79128.0000,42,B,18.8300,18.8200,18.8100,18.8000,18.7900,18.8400,18.8500,18.8600,18.8700,18.8800,89,154,10,167,31,96,69,161,15,35
SZ,002339,2017-01-03 10:15:06,18.8400,3,20724.0000,11,B,18.8300,18.8200,18.8100,18.8000,18.7900,18.8400,18.8500,18.8600,18.8700,18.8800,89,154,10,170,31,85,69,161,15,35
SZ,002339,2017-01-03 10:15:24,18.8300,5,52728.0000,28,S,18.8300,18.8200,18.8100,18.8000,18.7900,18.8400,18.8500,18.8600,18.8700,18.8800,116,154,10,76,31,107,69,161,15,35
SZ,002339,2017-01-03 10:15:27,18.8400,1,5652.0000,3,B,18.8300,18.8200,18.8100,18.8000,18.7900,18.8400,18.8500,18.8600,18.8700,18.8800,116,154,10,76,31,104,69,161,15,35
SZ,002339,2017-01-03 10:15:30,18.8400,1,75360.0000,40,B,18.8300,18.8200,18.8100,18.8000,18.7900,18.8400,18.8500,18.8600,18.8700,18.8800,116,154,10,76,31,64,69,161,15,35
SZ,002339,2017-01-03 10:15:36,18.8400,6,120576.0000,64,B,18.8400,18.8300,18.8200,18.8100,18.8000,18.8500,18.8600,18.8700,18.8800,18.8900,36,116,154,10,76,69,161,15,35,244
SZ,002339,2017-01-03 10:15:45,18.8400,2,28260.0000,15,S,18.8400,18.8300,18.8200,18.8100,18.8000,18.8500,18.8600,18.8700,18.8800,18.8900,44,129,154,10,76,69,161,15,35,244
SZ,002339,2017-01-03 10:15:48,18.8500,2,18852.0000,10,B,18.8400,18.8300,18.8200,18.8100,18.8000,18.8500,18.8600,18.8700,18.8800,18.8900,44,129,154,10,78,59,161,15,35,244
SZ,002339,2017-01-03 10:15:51,18.8600,9,192308.0000,102,B,18.8400,18.8300,18.8200,18.8100,18.8000,18.8600,18.8700,18.8800,18.8900,18.9000,42,129,154,10,78,120,15,35,244,686
SZ,002339,2017-01-03 10:16:00,18.8500,1,3768.0000,2,S,18.8500,18.8400,18.8300,18.8200,18.8100,18.8600,18.8700,18.8800,18.8900,18.9000,3,42,129,154,10,120,15,35,244,686
SZ,002339,2017-01-03 10:16:03,18.8500,1,5656.0000,3,S,18.8400,18.8300,18.8200,18.8100,18.8000,18.8500,18.8600,18.8700,18.8800,18.8900,42,129,154,10,78,24,120,20,35,244
