市场代码,证券代码,时间,最新价,成交笔数,成交额,成交量,方向,买一价,买二价,买三价,买四价,买五价,卖一价,卖二价,卖三价,卖四价,卖五价,买一量,买二量,买三量,买四量,买五量,卖一量,卖二量,卖三量,卖四量,卖五量
SZ,002343,2017-01-03 09:30:03,45.4500,7,59256.0000,13,B,45.2100,45.1700,45.1600,44.9900,44.9200,45.4300,45.6400,45.6900,45.8300,45.8400,5,7,1,7,2,1,2,1,29,10
SZ,002343,2017-01-03 09:30:06,45.4300,1,4543.0000,1,B,45.4400,45.2500,45.2100,45.1700,45.1600,45.6400,45.6900,45.8300,45.8400,45.9000,14,4,5,7,1,2,1,29,10,2
SZ,002343,2017-01-03 09:30:12,45.6900,3,36482.0000,8,B,45.6900,45.4400,45.2500,45.2100,45.1700,45.7800,45.8300,45.8400,45.9000,45.9100,2,14,4,5,7,4,31,10,2,2
SZ,002343,2017-01-03 09:30:15,45.6900,1,9138.0000,2,S,45.4400,45.2500,45.2100,45.1700,45.1600,45.7800,45.8300,45.8400,45.9000,45.9100,14,4,5,7,1,4,31,10,2,2
SZ,002343,2017-01-03 09:30:33,45.4400,1,22720.0000,5,S,45.4400,45.2500,45.2100,45.1700,45.1600,45.7000,45.7300,45.7800,45.8300,45.8400,9,4,5,7,1,3,1,4,29,10
SZ,002343,2017-01-03 09:30:57,45.4400,1,9088.0000,2,S,45.4400,45.2500,45.2100,45.1700,45.1600,45.5600,45.6900,45.7000,45.7300,45.7800,11,4,5,7,1,5,6,5,7,4
SZ,002343,2017-01-03 09:31:00,45.4400,2,49984.0000,11,S,45.2500,45.2100,45.1700,45.1600,44.9900,45.5100,45.5600,45.6800,45.6900,45.7000,4,5,7,1,7,1,5,4,6,5
SZ,002343,2017-01-03 09:31:33,45.2500,2,31685.0000,7,S,45.2500,45.2100,45.2000,45.1700,45.1600,45.3900,45.4400,45.5000,45.6500,45.6800,7,5,7,7,1,1,52,20,2,4
SZ,002343,2017-01-03 09:31:39,45.2500,2,18100.0000,4,S,45.2500,45.2100,45.2000,45.1700,45.1600,45.3900,45.4400,45.5000,45.6500,45.6800,3,5,7,7,1,1,52,20,2,4
SZ,002343,2017-01-03 09:31:51,45.2500,1,13575.0000,3,S,45.2100,45.2000,45.1800,45.1700,45.1600,45.2500,45.3900,45.4000,45.4400,45.5000,5,7,2,7,1,1,1,1,50,20
SZ,002343,2017-01-03 09:31:54,45.2500,2,27130.0000,6,B,45.2500,45.2000,45.1800,45.1700,45.1600,45.3900,45.4000,45.4400,45.5000,45.6100,10,7,2,7,1,1,1,50,20,3
SZ,002343,2017-01-03 09:32:03,45.2500,1,45250.0000,10,S,45.2000,45.1800,45.1700,45.1600,44.9900,45.2500,45.3500,45.4000,45.4400,45.5000,7,2,7,1,7,41,1,1,50,20
SZ,002343,2017-01-03 09:32:06,45.2000,1,31640.0000,7,S,45.1800,45.1700,45.1600,44.9900,44.9200,45.2000,45.2500,45.3500,45.4000,45.4400,2,7,1,7,2,17,47,1,1,50
SZ,002343,2017-01-03 09:32:09,45.2000,4,54227.0000,12,B,45.1700,45.1600,44.9900,44.9200,44.9100,45.2000,45.2500,45.4000,45.4400,45.5000,4,1,7,2,9,10,47,1,50,20
SZ,002343,2017-01-03 09:32:15,45.1700,1,9034.0000,2,S,45.1700,45.1600,44.9900,44.9200,44.9100,45.2000,45.2500,45.4000,45.4400,45.5000,2,1,7,2,9,10,47,1,50,20
SZ,002343,2017-01-03 09:32:21,45.2000,2,45200.0000,10,B,45.1700,45.1600,45.0100,44.9900,44.9200,45.2500,45.4000,45.4400,45.5000,45.6100,2,1,2,7,2,47,1,50,20,3
SZ,002343,2017-01-03 09:32:27,45.1700,2,9034.0000,2,S,45.1600,45.0100,44.9900,44.9200,44.9100,45.1700,45.2500,45.4000,45.4400,45.5000,1,2,7,2,3,1,47,1,50,20
SZ,002343,2017-01-03 09:32:30,45.1600,1,4516.0000,1,S,45.0100,44.9900,44.9200,44.9100,44.9000,45.1600,45.1700,45.2500,45.4000,45.4400,2,7,2,3,12,3,1,47,1,50
SZ,002343,2017-01-03 09:32:45,45.0200,1,4502.0000,1,S,45.0200,45.0100,44.9900,44.9200,44.9100,45.1600,45.2000,45.2500,45.4000,45.4400,1,2,7,2,3,3,50,45,1,50
SZ,002343,2017-01-03 09:32:54,45.1600,1,13548.0000,3,B,45.0200,45.0100,44.9900,44.9200,44.9100,45.1600,45.2000,45.2500,45.4000,45.4400,1,2,7,2,3,1,50,5,1,50
SZ,002343,2017-01-03 09:32:57,44.9900,3,44997.0000,10,S,44.9200,44.9100,44.9000,44.8200,44.8100,45.1600,45.2000,45.2500,45.4000,45.4400,2,3,12,3,5,1,50,5,1,50
SZ,002343,2017-01-03 09:33:12,45.0200,1,4502.0000,1,B,44.9300,44.9200,44.9100,44.9000,44.8200,45.1600,45.2000,45.2500,45.4000,45.4400,2,2,3,12,3,1,50,5,1,50
SZ,002343,2017-01-03 09:33:15,44.9200,3,31446.0000,7,S,44.9100,44.9000,44.8200,44.8100,44.8000,45.1600,45.2000,45.2500,45.4000,45.4400,3,12,3,5,9,1,50,5,1,50
SZ,002343,2017-01-03 09:33:36,45.1600,2,9032.0000,2,B,45.0200,44.9800,44.9200,44.9100,44.9000,45.1600,45.2000,45.2500,45.4000,45.4400,2,4,1,13,14,1,50,5,1,50
SZ,002343,2017-01-03 09:33:42,45.1600,1,4516.0000,1,B,45.0200,44.9800,44.9200,44.9100,44.9000,45.2000,45.2500,45.4000,45.4400,45.4900,2,4,1,13,15,50,5,1,50,2
SZ,002343,2017-01-03 09:34:48,45.0700,1,9014.0000,2,S,45.0700,45.0600,45.0500,45.0300,45.0200,45.1900,45.2000,45.2500,45.2700,45.3500,10,4,4,2,2,5,63,5,2,3
SZ,002343,2017-01-03 09:35:30,45.0900,1,9018.0000,2,S,45.1000,45.0900,45.0700,45.0600,45.0500,45.1900,45.2000,45.2500,45.3500,45.4000,1,1,10,4,4,5,63,5,4,1
SZ,002343,2017-01-03 09:35:48,45.1900,1,13557.0000,3,B,45.1100,45.1000,45.0900,45.0700,45.0600,45.1900,45.2000,45.2500,45.3500,45.4000,5,1,1,10,3,22,63,25,4,4
SZ,002343,2017-01-03 09:36:24,45.1800,1,22590.0000,5,B,45.1200,45.1100,45.1000,45.0900,45.0700,45.1900,45.2000,45.2500,45.3000,45.3500,50,5,1,1,10,23,63,20,20,24
SZ,002343,2017-01-03 09:36:30,45.1200,2,36103.0000,8,S,45.1200,45.1100,45.1000,45.0900,45.0700,45.1900,45.2000,45.2500,45.3000,45.3500,43,5,1,1,10,22,63,20,20,24
SZ,002343,2017-01-03 09:36:33,45.1200,1,194016.0000,43,S,45.1100,45.1000,45.0900,45.0700,45.0600,45.1200,45.1400,45.1800,45.1900,45.2000,5,1,1,10,3,7,19,1,22,63
SZ,002343,2017-01-03 09:36:36,45.0900,3,31574.0000,7,S,45.0700,45.0600,45.0500,45.0300,45.0200,45.0800,45.1200,45.1400,45.1800,45.1900,10,3,4,2,2,26,7,19,1,22
SZ,002343,2017-01-03 09:36:39,45.0700,3,58593.0000,13,S,45.0600,45.0500,45.0300,45.0200,45.0100,45.0700,45.1200,45.1800,45.1900,45.2000,3,4,2,2,2,15,9,1,22,63
SZ,002343,2017-01-03 09:36:42,45.0500,2,18023.0000,4,S,45.0500,45.0300,45.0200,45.0100,45.0000,45.0700,45.1200,45.1800,45.1900,45.2000,3,2,2,2,8,15,9,1,22,63
SZ,002343,2017-01-03 09:36:48,45.0500,2,13515.0000,3,S,45.0300,45.0200,45.0100,45.0000,44.9500,45.0500,45.0700,45.1200,45.1800,45.1900,2,2,2,8,2,50,15,9,1,22
SZ,002343,2017-01-03 09:37:03,45.0500,5,247758.0000,55,B,45.0000,44.9500,44.9300,44.9200,44.9100,45.0500,45.1200,45.1800,45.1900,45.2000,6,5,5,3,10,1,9,1,21,63
SZ,002343,2017-01-03 09:37:06,45.0000,1,27000.0000,6,S,44.9500,44.9300,44.9200,44.9100,44.9000,45.0000,45.0500,45.1200,45.1800,45.1900,5,5,3,10,15,21,1,9,1,21
SZ,002343,2017-01-03 09:37:24,45.0000,2,49500.0000,11,B,44.9500,44.9400,44.9300,44.9200,44.9100,45.0000,45.0500,45.1200,45.1800,45.1900,10,1,5,3,10,116,1,7,1,21
SZ,002343,2017-01-03 09:37:27,44.9500,2,17980.0000,4,S,44.9500,44.9400,44.9300,44.9200,44.9100,45.0000,45.0500,45.1200,45.1800,45.1900,6,1,5,3,10,116,1,7,1,20
SZ,002343,2017-01-03 09:37:30,44.9600,1,4496.0000,1,B,44.9600,44.9500,44.9400,44.9300,44.9200,45.0000,45.0500,45.1200,45.1800,45.1900,4,6,1,5,3,116,1,7,1,20
SZ,002343,2017-01-03 09:37:39,44.9500,3,26974.0000,6,S,44.9500,44.9400,44.9300,44.9200,44.9100,45.0000,45.0500,45.1200,45.1800,45.1900,4,1,5,3,12,110,1,7,1,20
SZ,002343,2017-01-03 09:37:48,44.9500,2,8990.0000,2,S,44.9500,44.9400,44.9300,44.9200,44.9100,45.0000,45.1200,45.1800,45.1900,45.2000,2,6,5,3,12,111,7,1,20,63
SZ,002343,2017-01-03 09:37:51,44.9500,1,8990.0000,2,S,44.9400,44.9300,44.9200,44.9100,44.9000,44.9500,45.0000,45.1200,45.1800,45.1900,6,5,13,12,15,4,111,7,1,20
SZ,002343,2017-01-03 09:37:57,44.9000,13,229067.0000,51,S,44.8200,44.8100,44.8000,44.7800,44.7500,44.9000,44.9500,45.0000,45.1200,45.1300,3,5,27,22,25,49,4,111,7,1
SZ,002343,2017-01-03 09:38:00,44.9000,1,4490.0000,1,B,44.8200,44.8100,44.8000,44.7800,44.7500,44.8500,44.9000,44.9500,45.0000,45.1200,3,5,27,22,25,10,48,4,101,7
SZ,002343,2017-01-03 09:38:03,44.8100,2,17927.0000,4,S,44.8100,44.8000,44.7800,44.7500,44.7200,44.8500,44.9000,44.9500,45.0000,45.1200,4,27,22,25,3,10,48,4,101,7
SZ,002343,2017-01-03 09:38:18,44.8100,2,8964.0000,2,S,44.8100,44.8000,44.7800,44.7500,44.7200,44.8500,44.9000,44.9500,45.0000,45.1200,8,27,22,5,3,10,48,4,101,7
SZ,002343,2017-01-03 09:38:24,44.8100,3,44818.0000,10,S,44.8100,44.8000,44.7800,44.7500,44.7200,44.9000,44.9500,45.0000,45.1200,45.1300,10,27,22,5,3,48,4,101,7,1
SZ,002343,2017-01-03 09:38:27,44.8100,1,17924.0000,4,S,44.8100,44.8000,44.7800,44.7500,44.7200,44.8500,44.9000,44.9500,45.0000,45.1200,6,27,22,5,3,23,48,4,101,7
SZ,002343,2017-01-03 09:38:36,44.9000,3,233360.0000,52,B,44.8200,44.8100,44.8000,44.7800,44.7500,44.9000,44.9500,45.0000,45.1200,45.1300,2,6,15,22,5,20,4,100,7,1
SZ,002343,2017-01-03 09:38:54,44.9000,1,4490.0000,1,B,44.8300,44.8200,44.8100,44.8000,44.7800,44.9000,44.9500,45.0000,45.1200,45.1300,2,3,17,15,22,19,4,100,7,1
SZ,002343,2017-01-03 09:39:06,44.9000,1,44900.0000,10,B,44.8300,44.8200,44.8100,44.8000,44.7800,44.9000,45.0000,45.1200,45.1300,45.1700,12,4,22,15,22,9,100,7,1,3
SZ,002343,2017-01-03 09:39:09,44.9000,1,8980.0000,2,B,44.8300,44.8200,44.8100,44.8000,44.7800,44.9000,45.0000,45.1200,45.1300,45.1700,12,4,22,15,22,7,100,7,1,3
SZ,002343,2017-01-03 09:39:15,44.9000,2,44900.0000,10,B,44.8400,44.8300,44.8200,44.8100,44.8000,44.9000,45.0000,45.1200,45.1300,45.1700,4,12,4,22,15,40,100,7,1,3
SZ,002343,2017-01-03 09:39:21,44.8500,2,13455.0000,3,B,44.8400,44.8300,44.8200,44.8100,44.8000,44.8500,44.9000,45.0000,45.1200,45.1300,4,12,4,10,15,20,40,100,7,1
SZ,002343,2017-01-03 09:39:24,44.8200,7,89660.0000,20,S,44.8100,44.8000,44.7800,44.7500,44.7200,44.8500,44.9000,45.0000,45.1200,45.1300,10,15,22,5,3,20,40,100,7,1
SZ,002343,2017-01-03 09:39:33,44.8500,2,17940.0000,4,B,44.8200,44.8100,44.8000,44.7800,44.7500,44.8500,44.9000,45.0000,45.1200,45.1300,2,10,15,22,5,16,40,100,7,1
SZ,002343,2017-01-03 09:39:36,44.8500,4,62752.0000,14,B,44.8100,44.8000,44.7800,44.7500,44.7200,44.8500,44.9000,45.0000,45.1200,45.1300,2,15,22,5,3,12,40,100,7,1
SZ,002343,2017-01-03 09:39:39,44.8500,1,44850.0000,10,B,44.8200,44.8100,44.8000,44.7800,44.7500,44.8500,44.9000,45.0000,45.1200,45.1300,6,2,15,22,5,2,40,100,7,1
SZ,002343,2017-01-03 09:40:12,44.8500,1,53820.0000,12,S,44.8200,44.8100,44.8000,44.7800,44.7500,44.8500,44.9000,45.0000,45.1200,45.1300,6,12,24,22,5,13,40,102,7,1
SZ,002343,2017-01-03 09:40:21,44.8500,1,44850.0000,10,B,44.8200,44.8100,44.8000,44.7800,44.7500,44.8500,44.9000,45.0000,45.1200,45.1300,6,12,24,22,5,3,2,100,7,1
SZ,002343,2017-01-03 09:40:24,44.8200,2,17931.0000,4,S,44.8200,44.8100,44.8000,44.7800,44.7500,44.8500,44.9000,45.0000,45.1200,45.1300,5,12,24,22,5,3,2,100,7,1
SZ,002343,2017-01-03 09:40:27,44.8500,1,13455.0000,3,B,44.8500,44.8200,44.8100,44.8000,44.7800,44.9000,45.0000,45.1200,45.1300,45.1700,2,5,12,24,22,2,106,7,1,3
SZ,002343,2017-01-03 09:40:30,44.8500,1,8970.0000,2,S,44.8200,44.8100,44.8000,44.7800,44.7500,44.8500,44.9000,45.0000,45.1200,45.1300,5,12,24,70,5,38,2,106,7,1
SZ,002343,2017-01-03 09:40:39,44.8200,1,22410.0000,5,S,44.8200,44.8100,44.8000,44.7800,44.7500,44.8500,44.9000,45.0000,45.1200,45.1300,2,12,24,70,5,38,2,106,7,1
SZ,002343,2017-01-03 09:40:42,44.8500,1,22425.0000,5,B,44.8200,44.8100,44.8000,44.7800,44.7500,44.8500,44.9000,45.0000,45.1200,45.1300,2,12,24,70,5,33,2,106,7,1
SZ,002343,2017-01-03 09:40:45,44.8200,1,4482.0000,1,S,44.8200,44.8100,44.8000,44.7800,44.7500,44.8500,45.0000,45.1200,45.1300,45.1700,1,12,24,70,5,35,100,7,1,3
SZ,002343,2017-01-03 09:40:48,44.8200,1,4482.0000,1,S,44.8100,44.8000,44.7800,44.7500,44.7200,44.8200,44.8500,45.0000,45.1200,45.1300,12,24,70,5,3,1,35,100,7,1
SZ,002343,2017-01-03 09:40:51,44.8500,2,44847.0000,10,B,44.8100,44.8000,44.7800,44.7500,44.7200,44.8500,45.0000,45.1200,45.1300,45.1700,12,24,70,8,3,26,100,7,1,3
SZ,002343,2017-01-03 09:41:15,44.8300,2,31391.0000,7,S,44.8300,44.8200,44.8100,44.8000,44.7800,44.8500,45.0000,45.1200,45.1300,45.1700,1,5,12,24,70,19,100,7,1,3
SZ,002343,2017-01-03 09:41:21,44.8500,2,85215.0000,19,B,44.8500,44.8300,44.8200,44.8100,44.8000,45.0000,45.1200,45.1300,45.1700,45.1800,4,6,5,12,24,100,7,1,3,21
SZ,002343,2017-01-03 09:42:03,44.8500,1,17940.0000,4,S,44.8300,44.8200,44.8100,44.8000,44.7800,45.0000,45.1200,45.1300,45.1700,45.1800,6,8,22,24,70,100,7,1,3,21
SZ,002343,2017-01-03 09:42:57,45.0000,1,4500.0000,1,B,44.9000,44.8600,44.8500,44.8300,44.8200,45.0000,45.1200,45.1300,45.1700,45.1800,1,18,23,6,3,99,7,1,3,22
SZ,002343,2017-01-03 09:43:09,45.0000,1,4500.0000,1,B,44.9000,44.8600,44.8500,44.8300,44.8200,44.9900,45.0000,45.1200,45.1300,45.1700,1,18,23,6,3,5,98,7,1,3
SZ,002343,2017-01-03 09:43:18,44.9900,2,17996.0000,4,B,44.9000,44.8600,44.8500,44.8300,44.8200,44.9900,45.0000,45.1200,45.1300,45.1700,13,18,23,6,3,1,98,7,1,3
SZ,002343,2017-01-03 09:43:30,45.0000,2,8999.0000,2,B,44.9900,44.9000,44.8600,44.8500,44.8300,45.0000,45.1200,45.1300,45.1700,45.1800,1,13,18,33,6,97,7,1,3,22
SZ,002343,2017-01-03 09:43:42,45.0000,1,4500.0000,1,B,44.9900,44.9100,44.9000,44.8600,44.8500,45.0000,45.1200,45.1300,45.1700,45.1800,1,3,13,18,33,96,7,1,3,22
SZ,002343,2017-01-03 09:43:45,44.9900,2,13499.0000,3,S,44.9100,44.9000,44.8600,44.8500,44.8300,44.9900,45.0000,45.1200,45.1300,45.1700,3,13,18,33,6,6,94,7,1,3
SZ,002343,2017-01-03 09:43:51,44.9900,1,4499.0000,1,B,44.9100,44.9000,44.8600,44.8500,44.8300,44.9900,45.0000,45.1200,45.1300,45.1700,3,13,18,33,6,5,94,7,1,3
SZ,002343,2017-01-03 09:43:54,44.9900,1,22495.0000,5,B,44.9900,44.9100,44.9000,44.8600,44.8500,45.0000,45.1200,45.1300,45.1700,45.1800,1,3,13,18,33,94,7,1,3,22
SZ,002343,2017-01-03 09:44:00,45.0000,1,4500.0000,1,B,44.9900,44.9100,44.9000,44.8600,44.8500,45.0000,45.1200,45.1300,45.1700,45.1800,1,3,13,18,33,93,7,1,3,22
SZ,002343,2017-01-03 09:44:03,45.0000,2,274500.0000,61,B,44.9900,44.9100,44.9000,44.8600,44.8500,45.0000,45.1200,45.1300,45.1700,45.1800,1,3,13,18,33,32,7,1,3,22
SZ,002343,2017-01-03 09:44:06,44.9900,1,4499.0000,1,S,44.9100,44.9000,44.8600,44.8500,44.8300,44.9600,45.0000,45.1200,45.1300,45.1700,3,13,18,33,6,42,32,7,1,3
SZ,002343,2017-01-03 09:44:09,44.9100,1,13473.0000,3,S,44.9000,44.8600,44.8500,44.8300,44.8200,44.9100,44.9600,45.0000,45.1200,45.1300,13,18,33,6,3,40,6,32,7,1
SZ,002343,2017-01-03 09:44:12,44.9000,3,67352.0000,15,S,44.8600,44.8500,44.8300,44.8200,44.8100,44.8700,44.9100,44.9600,45.0000,45.1200,18,33,6,3,22,24,6,6,32,7
SZ,002343,2017-01-03 09:44:15,44.8600,2,35889.0000,8,S,44.8600,44.8500,44.8300,44.8200,44.8100,44.8700,44.9100,45.0000,45.1200,45.1300,11,33,6,3,22,23,1,32,7,1
SZ,002343,2017-01-03 09:44:18,44.8500,5,89711.0000,20,S,44.8500,44.8300,44.8200,44.8100,44.8000,44.8700,44.9100,45.0000,45.1200,45.1300,24,6,3,22,32,23,1,32,7,1
SZ,002343,2017-01-03 09:44:24,44.8500,4,67275.0000,15,S,44.8300,44.8200,44.8100,44.8000,44.7800,44.8500,44.8700,44.9100,45.0000,45.1200,6,3,22,32,72,85,23,1,32,7
SZ,002343,2017-01-03 09:44:30,44.8300,2,8966.0000,2,S,44.8300,44.8200,44.8100,44.8000,44.7800,44.8500,44.8700,44.9100,45.0000,45.1200,4,5,22,32,72,85,17,1,32,7
SZ,002343,2017-01-03 09:44:33,44.8300,1,17932.0000,4,S,44.8200,44.8100,44.8000,44.7800,44.7600,44.8500,44.8700,44.9100,45.0000,45.1200,5,22,31,72,2,90,17,1,32,7
SZ,002343,2017-01-03 09:44:36,44.8500,3,76243.0000,17,B,44.8200,44.8100,44.8000,44.7800,44.7600,44.8500,44.8700,44.9100,45.0000,45.1200,5,22,38,72,2,74,17,1,32,7
SZ,002343,2017-01-03 09:44:39,44.8500,5,269085.0000,60,B,44.8100,44.8000,44.7800,44.7600,44.7500,44.8500,44.8700,44.9100,45.0000,45.1200,22,38,72,2,8,19,17,1,32,7
SZ,002343,2017-01-03 09:44:42,44.8000,7,165788.0000,37,S,44.8000,44.7800,44.7600,44.7500,44.7200,44.8500,44.9100,45.0000,45.1200,45.1300,26,72,2,8,3,19,1,32,7,1
SZ,002343,2017-01-03 09:44:48,44.8500,1,4485.0000,1,B,44.8000,44.7800,44.7600,44.7500,44.7200,44.8500,44.9100,45.0000,45.1200,45.1300,26,72,2,8,3,18,1,32,7,1
SZ,002343,2017-01-03 09:44:57,44.8500,1,26910.0000,6,B,44.8000,44.7800,44.7600,44.7500,44.7200,44.8500,44.9100,45.0000,45.1200,45.1300,20,72,2,8,3,12,1,32,7,1
SZ,002343,2017-01-03 09:45:00,44.8000,10,125445.0000,28,S,44.7800,44.7600,44.7500,44.7200,44.7000,44.8000,44.8500,44.9100,45.0000,45.1200,72,2,8,3,22,8,6,1,32,7
SZ,002343,2017-01-03 09:45:03,44.7800,1,17912.0000,4,S,44.7800,44.7600,44.7500,44.7200,44.7000,44.8000,44.8500,44.9100,45.0000,45.1200,68,2,8,3,22,6,6,1,32,7
SZ,002343,2017-01-03 09:45:06,44.8000,3,26880.0000,6,B,44.7800,44.7600,44.7500,44.7200,44.7000,44.8500,44.9100,45.0000,45.1200,45.1300,68,2,8,3,22,6,1,32,7,1
SZ,002343,2017-01-03 09:45:09,44.8500,1,4485.0000,1,B,44.8000,44.7800,44.7600,44.7500,44.7200,44.8500,44.9100,45.0000,45.1200,45.1300,103,68,2,8,3,5,1,32,7,1
SZ,002343,2017-01-03 09:45:21,44.8500,1,4485.0000,1,B,44.8100,44.8000,44.7800,44.7600,44.7500,44.8500,44.9100,45.0000,45.1000,45.1200,13,103,68,2,8,4,1,32,2,7
SZ,002343,2017-01-03 09:45:27,44.8500,1,4485.0000,1,B,44.8100,44.8000,44.7800,44.7600,44.7500,44.8500,44.9100,45.0000,45.1000,45.1200,13,103,68,2,8,3,1,32,2,7
SZ,002343,2017-01-03 09:45:33,44.8500,2,13455.0000,3,S,44.8200,44.8100,44.8000,44.7800,44.7600,44.9100,45.0000,45.1000,45.1200,45.1300,5,13,103,68,2,1,32,2,7,1
SZ,002343,2017-01-03 09:45:42,44.8300,2,26900.0000,6,S,44.8200,44.8100,44.8000,44.7800,44.7600,44.8300,44.8500,44.9100,45.0000,45.1000,5,13,103,68,2,5,27,1,32,2
SZ,002343,2017-01-03 09:45:45,44.8300,6,112038.0000,25,B,44.8300,44.8000,44.7800,44.7600,44.7500,44.8500,44.9100,45.0000,45.1000,45.1200,2,101,68,2,8,27,1,32,2,7
SZ,002343,2017-01-03 09:45:54,44.8500,1,4485.0000,1,B,44.8300,44.8100,44.8000,44.7800,44.7600,44.8500,44.9100,45.0000,45.1000,45.1200,5,6,101,68,2,26,1,32,2,7
SZ,002343,2017-01-03 09:45:57,44.8300,3,26900.0000,6,S,44.8100,44.8000,44.7800,44.7600,44.7500,44.8300,44.8500,44.9100,45.0000,45.1000,6,101,68,2,8,57,25,1,32,2
SZ,002343,2017-01-03 09:46:00,44.8300,1,8966.0000,2,B,44.8100,44.8000,44.7800,44.7600,44.7500,44.8300,44.8500,44.9100,45.0000,45.1000,6,101,68,2,8,55,25,1,32,2
SZ,002343,2017-01-03 09:46:03,44.8300,1,8966.0000,2,B,44.8100,44.8000,44.7800,44.7600,44.7500,44.8300,44.8500,44.9100,45.0000,45.1000,9,101,68,2,8,53,25,1,32,2
SZ,002343,2017-01-03 09:46:06,44.8300,4,35864.0000,8,B,44.8100,44.8000,44.7800,44.7600,44.7500,44.8300,44.8500,44.9100,45.0000,45.1000,9,101,68,2,8,45,25,1,32,2
SZ,002343,2017-01-03 09:46:15,44.8300,1,4483.0000,1,B,44.8100,44.8000,44.7800,44.7600,44.7500,44.8300,44.8500,44.9100,45.0000,45.1000,9,101,68,2,8,44,25,1,32,2
SZ,002343,2017-01-03 09:46:27,44.8300,2,13449.0000,3,B,44.8100,44.8000,44.7800,44.7600,44.7500,44.8300,44.8500,44.9100,45.0000,45.1000,15,121,68,2,8,41,25,1,32,2
SZ,002343,2017-01-03 09:46:30,44.8300,1,26898.0000,6,B,44.8100,44.8000,44.7800,44.7600,44.7500,44.8300,44.8500,44.9100,45.0000,45.1000,15,121,68,2,8,35,25,1,32,2
SZ,002343,2017-01-03 09:46:33,44.8100,2,17924.0000,4,S,44.8100,44.8000,44.7800,44.7600,44.7500,44.8300,44.8500,44.9100,45.0000,45.1000,11,121,68,2,8,35,25,1,32,2
SZ,002343,2017-01-03 09:46:36,44.8500,2,269030.0000,60,B,44.8500,44.8100,44.8000,44.7800,44.7600,44.9100,45.0000,45.1000,45.1200,45.1300,1,11,121,68,2,1,32,2,7,1
SZ,002343,2017-01-03 09:46:48,44.8600,1,4486.0000,1,B,44.8500,44.8300,44.8100,44.8000,44.7800,44.8600,44.9100,45.0000,45.1000,45.1200,1,1,15,121,68,31,1,32,2,7
SZ,002343,2017-01-03 09:46:51,44.8600,1,8972.0000,2,B,44.8500,44.8300,44.8100,44.8000,44.7800,44.8600,44.9100,45.0000,45.1000,45.1200,1,1,15,121,68,29,1,32,2,7
SZ,002343,2017-01-03 09:46:57,44.8300,3,17940.0000,4,S,44.8100,44.8000,44.7800,44.7600,44.7500,44.8200,44.9100,45.0000,45.1000,45.1200,15,121,68,2,10,19,1,32,2,7
SZ,002343,2017-01-03 09:47:00,44.8000,7,125457.0000,28,S,44.8000,44.7800,44.7600,44.7500,44.7200,44.9100,45.0000,45.1000,45.1200,45.1300,109,68,2,10,3,1,32,2,7,1
SZ,002343,2017-01-03 09:47:12,44.9100,1,4491.0000,1,B,44.8600,44.8300,44.8200,44.8000,44.7800,45.0000,45.1000,45.1200,45.1300,45.1700,2,8,12,111,68,32,2,7,1,3
SZ,002343,2017-01-03 09:47:18,45.0000,1,9000.0000,2,B,44.8600,44.8300,44.8200,44.8000,44.7800,45.0000,45.1000,45.1200,45.1300,45.1700,2,8,12,111,68,30,2,7,1,3
SZ,002343,2017-01-03 09:47:21,45.0000,1,4500.0000,1,B,44.8600,44.8300,44.8200,44.8000,44.7800,45.0000,45.1000,45.1200,45.1300,45.1700,2,8,12,111,68,29,2,7,1,3
SZ,002343,2017-01-03 09:47:33,45.0000,1,4500.0000,1,B,44.8600,44.8300,44.8200,44.8100,44.8000,45.0000,45.1000,45.1200,45.1300,45.1700,2,18,16,7,111,28,2,7,1,3
SZ,002343,2017-01-03 09:47:42,45.0000,1,4500.0000,1,B,44.8600,44.8300,44.8200,44.8100,44.8000,45.0000,45.1000,45.1200,45.1300,45.1700,2,18,16,7,115,27,2,7,1,3
SZ,002343,2017-01-03 09:47:45,45.0000,2,17972.0000,4,B,44.8300,44.8200,44.8100,44.8000,44.7800,45.0000,45.1000,45.1200,45.1300,45.1700,18,16,7,113,68,25,2,7,1,3
SZ,002343,2017-01-03 09:47:54,45.0000,1,4500.0000,1,B,44.8400,44.8300,44.8200,44.8100,44.8000,45.0000,45.1000,45.1200,45.1300,45.1700,14,18,16,10,115,24,2,7,1,13
SZ,002343,2017-01-03 09:48:03,44.8400,1,17936.0000,4,S,44.8400,44.8300,44.8200,44.8100,44.8000,45.0000,45.1000,45.1200,45.1300,45.1700,12,18,16,12,115,24,2,7,1,13
SZ,002343,2017-01-03 09:48:06,45.0000,1,4500.0000,1,B,44.8400,44.8300,44.8200,44.8100,44.8000,45.0000,45.1000,45.1200,45.1300,45.1700,12,18,16,12,115,23,2,7,1,13
SZ,002343,2017-01-03 09:48:12,45.0000,1,9000.0000,2,B,44.8400,44.8300,44.8200,44.8100,44.8000,45.0000,45.1000,45.1200,45.1300,45.1700,12,8,16,12,115,21,2,7,1,13
SZ,002343,2017-01-03 09:48:15,45.0000,1,4500.0000,1,B,44.8400,44.8300,44.8200,44.8100,44.8000,45.0000,45.1000,45.1200,45.1300,45.1700,12,8,16,12,115,20,2,7,1,13
SZ,002343,2017-01-03 09:48:21,45.0000,1,4500.0000,1,B,44.8500,44.8400,44.8300,44.8200,44.8100,45.0000,45.1000,45.1200,45.1300,45.1700,2,12,8,16,12,19,2,7,1,13
SZ,002343,2017-01-03 09:48:27,45.0000,1,4500.0000,1,B,44.8700,44.8500,44.8400,44.8300,44.8200,45.0000,45.1000,45.1200,45.1300,45.1700,2,2,12,8,16,18,2,7,1,13
SZ,002343,2017-01-03 09:48:30,45.0000,1,45000.0000,10,B,44.8700,44.8500,44.8400,44.8300,44.8200,45.0000,45.1000,45.1200,45.1300,45.1700,2,2,12,8,16,8,2,7,1,13
SZ,002343,2017-01-03 09:48:39,45.0000,2,13500.0000,3,B,44.8700,44.8500,44.8400,44.8300,44.8200,45.0000,45.1000,45.1200,45.1300,45.1700,2,2,12,18,16,5,2,7,1,13
SZ,002343,2017-01-03 09:48:42,45.0000,1,22500.0000,5,B,45.0000,44.8700,44.8500,44.8400,44.8300,45.1000,45.1200,45.1300,45.1700,45.1800,48,2,2,12,18,2,7,1,13,23
SZ,002343,2017-01-03 09:48:48,45.1000,1,4510.0000,1,B,45.0000,44.8700,44.8500,44.8400,44.8300,45.1000,45.1200,45.1300,45.1700,45.1800,48,2,2,5,18,1,7,1,13,23
SZ,002343,2017-01-03 09:49:00,45.1000,1,4510.0000,1,B,45.0000,44.8700,44.8400,44.8300,44.8200,45.1000,45.1200,45.1300,45.1700,45.1800,48,2,2,18,16,10,7,1,10,23
SZ,002343,2017-01-03 09:49:06,45.1000,1,9020.0000,2,B,45.0100,45.0000,44.8700,44.8400,44.8300,45.1000,45.1200,45.1300,45.1700,45.1800,23,48,2,2,18,8,7,1,10,23
SZ,002343,2017-01-03 09:49:09,45.1000,2,54100.0000,12,B,45.1000,45.0100,45.0000,44.8700,44.8400,45.1200,45.1300,45.1700,45.1800,45.1900,20,30,48,2,2,7,1,10,23,20
SZ,002343,2017-01-03 09:49:12,45.1000,1,90200.0000,20,S,45.0100,45.0000,44.8700,44.8400,44.8300,45.1200,45.1300,45.1700,45.1800,45.1900,30,48,2,2,18,7,1,10,23,20
SZ,002343,2017-01-03 09:49:21,45.1000,1,4510.0000,1,B,45.0100,45.0000,44.8700,44.8400,44.8300,45.1000,45.1200,45.1300,45.1700,45.1800,20,48,2,2,8,19,7,1,10,23
SZ,002343,2017-01-03 09:49:33,45.1000,2,13529.0000,3,B,45.0200,45.0100,45.0000,44.8700,44.8400,45.1000,45.1200,45.1300,45.1700,45.1800,10,20,48,2,2,17,7,1,10,23
SZ,002343,2017-01-03 09:49:45,45.0200,6,31522.0000,7,S,45.0200,45.0100,44.8700,44.8400,44.8300,45.1000,45.1200,45.1300,45.1700,45.1800,4,20,2,2,10,6,7,1,10,23
SZ,002343,2017-01-03 09:49:54,45.1000,1,4510.0000,1,B,45.0200,45.0100,44.8700,44.8400,44.8300,45.1000,45.1200,45.1300,45.1700,45.1800,4,20,2,2,10,5,7,1,10,23
SZ,002343,2017-01-03 09:50:00,45.1000,1,9020.0000,2,B,45.0200,45.0100,44.8700,44.8400,44.8300,45.1000,45.1200,45.1300,45.1700,45.1800,4,20,2,2,10,3,7,1,10,23
SZ,002343,2017-01-03 09:50:06,45.1000,2,13530.0000,3,B,45.1000,45.0200,45.0100,44.8700,44.8400,45.1200,45.1300,45.1700,45.1800,45.1900,13,4,20,2,2,7,1,10,23,20
SZ,002343,2017-01-03 09:50:15,45.1000,4,22550.0000,5,S,45.1000,45.0200,45.0100,44.8700,44.8400,45.1200,45.1300,45.1700,45.1800,45.1900,8,4,20,2,2,7,1,10,23,20
SZ,002343,2017-01-03 09:50:18,45.1200,2,31584.0000,7,B,45.1200,45.1000,45.0200,45.0100,44.8700,45.1300,45.1700,45.1800,45.1900,45.2000,27,8,4,20,2,1,10,23,20,169
SZ,002343,2017-01-03 09:50:27,45.1700,2,9030.0000,2,B,45.1300,45.1200,45.1000,45.0200,45.0100,45.1700,45.1800,45.1900,45.2000,45.2500,1,27,8,4,20,9,23,20,169,43
SZ,002343,2017-01-03 09:50:36,45.1300,1,4513.0000,1,S,45.1200,45.1000,45.0200,45.0100,44.8700,45.1700,45.1800,45.1900,45.2000,45.2500,27,8,4,20,2,9,23,20,169,43
SZ,002343,2017-01-03 09:50:39,45.1700,2,27102.0000,6,B,45.1200,45.1000,45.0200,45.0100,44.8400,45.1700,45.1800,45.1900,45.2000,45.2500,27,8,4,20,2,3,23,20,169,43
SZ,002343,2017-01-03 09:50:45,45.1200,4,63168.0000,14,S,45.1200,45.1000,45.0200,44.8400,44.8300,45.1700,45.1800,45.1900,45.2000,45.2500,13,8,4,2,10,3,23,20,169,43
SZ,002343,2017-01-03 09:50:48,45.1200,1,18048.0000,4,S,45.1200,45.1000,45.0200,44.8400,44.8300,45.1700,45.1800,45.1900,45.2000,45.2500,9,8,4,2,10,3,23,20,169,43
SZ,002343,2017-01-03 09:50:51,45.1700,1,4517.0000,1,B,45.1200,45.1000,45.0200,44.8400,44.8300,45.1600,45.1700,45.1800,45.1900,45.2000,9,8,4,2,10,8,2,23,20,169
SZ,002343,2017-01-03 09:50:54,45.1600,1,9032.0000,2,B,45.1200,45.1000,45.0200,44.8400,44.8300,45.1600,45.1700,45.1800,45.1900,45.2000,9,8,4,2,10,6,2,23,20,169
SZ,002343,2017-01-03 09:50:57,45.1200,1,40608.0000,9,S,45.1000,45.0200,44.8400,44.8300,44.8200,45.1100,45.1200,45.1600,45.1700,45.1800,8,4,2,10,17,10,1,6,2,23
SZ,002343,2017-01-03 09:51:00,45.1100,1,4511.0000,1,B,45.1000,45.0200,44.8400,44.8300,44.8200,45.1100,45.1200,45.1600,45.1700,45.1800,8,4,2,10,17,9,1,6,2,23
SZ,002343,2017-01-03 09:51:06,45.1000,1,36080.0000,8,S,45.0200,44.8400,44.8300,44.8200,44.8100,45.1100,45.1200,45.1600,45.1700,45.1800,4,2,10,17,16,9,1,6,2,23
SZ,002343,2017-01-03 09:51:09,45.1100,1,9022.0000,2,B,45.0200,44.8400,44.8300,44.8200,44.8100,45.1100,45.1600,45.1700,45.1800,45.1900,4,12,10,17,16,7,6,2,23,20
SZ,002343,2017-01-03 09:51:12,45.1100,1,4511.0000,1,B,45.0200,44.8400,44.8300,44.8200,44.8100,45.1100,45.1600,45.1700,45.1800,45.1900,4,12,10,17,16,6,6,2,23,20
SZ,002343,2017-01-03 09:51:15,45.0200,2,9004.0000,2,S,45.0200,44.8400,44.8300,44.8200,44.8100,45.1100,45.1600,45.1700,45.1800,45.1900,2,12,10,17,16,6,6,2,23,20
SZ,002343,2017-01-03 09:51:21,45.1000,3,27062.0000,6,S,45.0200,44.8400,44.8300,44.8200,44.8100,45.1000,45.1100,45.1600,45.1700,45.1800,2,12,10,17,16,2,4,6,2,23
SZ,002343,2017-01-03 09:51:24,45.1000,1,4510.0000,1,B,45.0200,44.8400,44.8300,44.8200,44.8100,45.1000,45.1100,45.1600,45.1700,45.1800,2,12,10,17,16,1,4,6,2,23
SZ,002343,2017-01-03 09:51:33,45.1000,1,4510.0000,1,B,45.1000,45.0300,45.0200,44.8400,44.8300,45.1100,45.1600,45.1700,45.1800,45.1900,9,20,2,12,10,4,6,11,23,20
SZ,002343,2017-01-03 09:51:42,45.1000,2,13532.0000,3,S,45.1000,45.0300,45.0200,44.8400,44.8300,45.1100,45.1600,45.1700,45.1800,45.1900,8,20,2,12,10,2,6,11,23,20
SZ,002343,2017-01-03 09:51:45,45.1100,5,27061.0000,6,B,45.1000,45.0300,45.0200,44.8500,44.8400,45.1100,45.1600,45.1700,45.1800,45.1900,3,20,2,2,12,1,6,11,23,20
SZ,002343,2017-01-03 09:51:48,45.1100,1,4511.0000,1,B,45.1100,45.1000,45.0300,45.0200,44.9000,45.1600,45.1700,45.1800,45.1900,45.2000,1,3,20,2,18,6,11,23,20,169
SZ,002343,2017-01-03 09:51:57,45.1600,1,4516.0000,1,B,45.1100,45.1000,45.0300,44.9000,44.8500,45.1600,45.1700,45.1800,45.1900,45.2000,1,3,20,18,2,5,11,23,20,169
SZ,002343,2017-01-03 09:52:09,45.1600,1,4516.0000,1,B,45.1100,45.1000,45.0400,45.0300,44.9000,45.1600,45.1700,45.1800,45.1900,45.2000,1,3,2,20,18,4,11,23,20,169
SZ,002343,2017-01-03 09:52:15,45.1600,1,9032.0000,2,B,45.1100,45.1000,45.0400,45.0300,44.9000,45.1600,45.1700,45.1800,45.1900,45.2000,1,3,2,20,18,4,11,23,20,169
SZ,002343,2017-01-03 09:52:18,45.1600,1,4516.0000,1,B,45.1100,45.1000,45.0400,45.0300,44.9000,45.1600,45.1700,45.1800,45.1900,45.2000,1,3,2,20,18,5,11,23,20,169
SZ,002343,2017-01-03 09:52:30,45.1600,1,4516.0000,1,B,45.1100,45.1000,45.0400,45.0300,44.9000,45.1600,45.1700,45.1800,45.1900,45.2000,1,3,2,20,18,9,11,23,20,169
SZ,002343,2017-01-03 09:52:36,45.1000,2,18041.0000,4,S,45.0400,45.0300,44.9000,44.8500,44.8400,45.1000,45.1100,45.1600,45.1700,45.1800,2,20,18,2,23,12,100,22,11,23
SZ,002343,2017-01-03 09:52:42,45.1000,2,13530.0000,3,B,45.0400,44.9000,44.8500,44.8400,44.8300,45.1000,45.1100,45.1600,45.1700,45.1800,2,18,2,23,10,9,100,22,11,23
SZ,002343,2017-01-03 09:52:51,45.0500,1,4505.0000,1,B,45.0400,44.9000,44.8500,44.8400,44.8300,45.0500,45.1000,45.1100,45.1600,45.1700,2,18,2,23,10,3,9,100,22,11
SZ,002343,2017-01-03 09:53:03,45.0500,1,4505.0000,1,B,45.0400,44.9000,44.8500,44.8400,44.8300,45.0500,45.1000,45.1100,45.1600,45.1700,2,18,2,23,10,1,9,100,10,11
SZ,002343,2017-01-03 09:53:06,45.0500,1,4505.0000,1,B,45.0500,45.0400,44.9000,44.8500,44.8400,45.1000,45.1100,45.1600,45.1700,45.1800,19,2,23,4,23,9,100,10,11,23
SZ,002343,2017-01-03 09:53:09,45.1000,1,9020.0000,2,B,45.0500,45.0400,44.9000,44.8500,44.8400,45.1000,45.1100,45.1600,45.1700,45.1800,19,2,23,4,23,7,100,10,11,23
SZ,002343,2017-01-03 09:53:15,45.0500,5,54065.0000,12,S,45.0500,45.0400,44.9000,44.8500,44.8400,45.1000,45.1100,45.1600,45.1700,45.1800,8,2,23,4,23,6,100,10,11,23
SZ,002343,2017-01-03 09:53:24,45.1000,1,4510.0000,1,B,45.0500,45.0400,44.9000,44.8500,44.8400,45.1000,45.1100,45.1600,45.1700,45.1800,8,2,23,2,23,38,100,10,11,23
SZ,002343,2017-01-03 09:53:36,45.1000,2,13530.0000,3,B,45.0500,45.0400,44.9000,44.8500,44.8400,45.1000,45.1100,45.1600,45.1700,45.1800,8,2,23,2,23,35,100,10,11,23
SZ,002343,2017-01-03 09:53:45,45.0500,3,18020.0000,4,S,45.0500,45.0400,44.9000,44.8500,44.8400,45.1000,45.1100,45.1600,45.1700,45.1800,4,2,23,2,23,35,100,10,11,23
SZ,002343,2017-01-03 09:53:48,45.0500,2,22530.0000,5,S,45.0400,44.9000,44.8500,44.8400,44.8300,45.0500,45.1000,45.1100,45.1600,45.1700,2,23,2,23,10,15,34,100,10,31
SZ,002343,2017-01-03 09:53:51,45.0500,2,31533.0000,7,B,44.9000,44.8500,44.8400,44.8300,44.8200,45.0500,45.1000,45.1100,45.1600,45.1700,23,2,23,10,13,10,34,100,10,31
SZ,002343,2017-01-03 09:54:03,45.0500,2,18020.0000,4,B,44.9000,44.8500,44.8400,44.8300,44.8200,45.0500,45.1000,45.1100,45.1600,45.1700,23,2,23,10,13,19,34,100,30,31
SZ,002343,2017-01-03 09:54:09,45.0500,1,4505.0000,1,B,44.9100,44.9000,44.8500,44.8400,44.8300,45.0500,45.1000,45.1100,45.1600,45.1700,10,23,2,23,10,18,34,100,30,31
SZ,002343,2017-01-03 09:54:15,44.9100,4,22455.0000,5,S,44.9100,44.9000,44.8500,44.8400,44.8300,45.0500,45.1000,45.1100,45.1600,45.1700,5,23,2,23,10,18,34,100,30,31
SZ,002343,2017-01-03 09:54:21,45.0300,1,4503.0000,1,B,44.9100,44.9000,44.8500,44.8400,44.8300,45.0300,45.0500,45.1000,45.1100,45.1600,5,23,2,23,10,2,18,34,100,30
SZ,002343,2017-01-03 09:54:30,45.0500,2,13511.0000,3,B,44.9100,44.9000,44.8500,44.8400,44.8300,45.0500,45.1000,45.1100,45.1600,45.1700,5,23,2,12,10,17,34,100,30,31
SZ,002343,2017-01-03 09:54:42,45.0500,2,13515.0000,3,B,44.9300,44.9100,44.9000,44.8500,44.8400,45.0500,45.1000,45.1100,45.1600,45.1700,1,5,23,2,12,14,34,100,30,31
SZ,002343,2017-01-03 09:54:45,44.9000,4,130218.0000,29,S,44.8500,44.8400,44.8300,44.8200,44.8100,44.9000,44.9300,45.0000,45.0500,45.1000,2,12,10,13,26,171,1,4,14,34
SZ,002343,2017-01-03 09:54:48,44.8500,1,8970.0000,2,S,44.8400,44.8300,44.8200,44.8100,44.8000,44.8500,44.9300,45.0000,45.0500,45.1000,12,10,13,26,129,3,1,4,14,34
SZ,002343,2017-01-03 09:54:51,44.8500,1,13455.0000,3,B,44.9100,44.8400,44.8300,44.8200,44.8100,44.9300,45.0000,45.0500,45.1000,45.1600,7,12,10,13,26,1,4,14,34,30
SZ,002343,2017-01-03 09:54:54,44.9300,1,4493.0000,1,B,44.9100,44.8600,44.8400,44.8300,44.8200,45.0000,45.0500,45.1000,45.1600,45.1700,7,18,12,10,13,4,14,34,28,31
SZ,002343,2017-01-03 09:54:57,45.0000,1,9000.0000,2,B,44.9100,44.8600,44.8400,44.8300,44.8200,45.0000,45.0500,45.1000,45.1600,45.1700,7,18,12,10,13,2,14,34,28,31
SZ,002343,2017-01-03 09:55:03,45.0000,1,4500.0000,1,B,44.9100,44.8600,44.8400,44.8300,44.8200,45.0000,45.0500,45.1000,45.1600,45.1700,7,18,12,10,13,1,14,34,28,31
SZ,002343,2017-01-03 09:55:15,44.9100,4,17973.0000,4,S,44.9100,44.8400,44.8300,44.8200,44.8100,45.0500,45.1000,45.1600,45.1700,45.1800,4,12,10,13,26,14,34,28,31,23
SZ,002343,2017-01-03 09:55:24,45.0500,2,9010.0000,2,B,44.9100,44.8400,44.8300,44.8200,44.8100,45.0500,45.1000,45.1600,45.1700,45.1800,4,12,10,13,26,12,34,28,47,23
SZ,002343,2017-01-03 09:55:27,45.0500,1,4505.0000,1,B,44.9100,44.8600,44.8400,44.8300,44.8200,45.0500,45.1000,45.1600,45.1700,45.1800,4,18,12,10,13,11,34,28,47,23
SZ,002343,2017-01-03 09:55:36,45.0500,1,4505.0000,1,B,44.9100,44.8600,44.8400,44.8300,44.8200,45.0500,45.1000,45.1600,45.1700,45.1800,4,18,12,10,13,10,34,28,47,23
SZ,002343,2017-01-03 09:55:45,44.9100,3,17964.0000,4,S,44.8600,44.8400,44.8300,44.8200,44.8100,44.9100,45.0000,45.0500,45.1000,45.1600,18,12,10,13,26,12,19,10,34,28
SZ,002343,2017-01-03 09:55:48,44.8600,2,85239.0000,19,S,44.8400,44.8300,44.8200,44.8100,44.8000,44.8600,44.9100,45.0000,45.0500,45.1000,12,10,13,26,134,2,11,19,10,34
SZ,002343,2017-01-03 09:55:51,44.8600,1,8972.0000,2,B,44.8500,44.8400,44.8300,44.8200,44.8100,44.9100,45.0000,45.0500,45.1000,45.1600,2,12,10,13,26,11,19,10,34,28
SZ,002343,2017-01-03 09:56:00,44.9100,1,4491.0000,1,B,44.8500,44.8400,44.8300,44.8200,44.8100,44.9100,45.0000,45.0500,45.1000,45.1600,2,12,10,13,25,10,19,10,34,28
SZ,002343,2017-01-03 09:56:03,44.8400,3,47532.0000,11,S,44.8400,44.8300,44.8200,44.8100,44.8000,44.9100,45.0000,45.0500,45.1000,45.1600,3,10,13,25,136,10,19,10,34,28
SZ,002343,2017-01-03 09:56:09,44.9100,1,4491.0000,1,B,44.8500,44.8400,44.8300,44.8200,44.8100,45.0000,45.0500,45.1000,45.1600,45.1700,9,3,10,13,25,19,10,34,28,47
SZ,002343,2017-01-03 09:56:15,44.8500,3,13455.0000,3,S,44.8500,44.8400,44.8300,44.8200,44.8100,45.0000,45.0500,45.1000,45.1600,45.1700,6,13,10,13,26,4,10,34,28,47
SZ,002343,2017-01-03 09:56:18,45.0000,2,13485.0000,3,B,44.9100,44.8500,44.8400,44.8300,44.8200,45.0000,45.0500,45.1000,45.1600,45.1700,1,5,13,10,13,2,10,34,28,47
SZ,002343,2017-01-03 09:56:21,45.0000,1,4500.0000,1,B,44.9100,44.8500,44.8400,44.8300,44.8200,45.0000,45.0500,45.1000,45.1600,45.1700,1,5,13,10,13,1,10,34,28,47
SZ,002343,2017-01-03 09:56:24,44.8000,16,524511.0000,117,S,44.8600,44.8400,44.8000,44.7900,44.7800,45.0000,45.0500,45.1000,45.1600,45.1700,10,5,80,1,52,1,10,34,28,47
SZ,002343,2017-01-03 09:56:33,44.9500,1,4495.0000,1,B,44.8600,44.8500,44.8000,44.7900,44.7800,44.9500,45.0000,45.0400,45.0500,45.1000,10,8,80,1,52,5,1,10,10,34
SZ,002343,2017-01-03 09:56:42,44.9500,1,4495.0000,1,B,44.8600,44.8500,44.8100,44.8000,44.7900,45.0000,45.0400,45.0500,45.1000,45.1600,10,8,5,80,1,1,10,10,21,28
SZ,002343,2017-01-03 09:56:45,44.8600,5,31410.0000,7,S,44.8600,44.8500,44.8100,44.8000,44.7900,44.9900,45.0400,45.0500,45.1000,45.1600,5,8,5,86,1,1,10,10,21,28
SZ,002343,2017-01-03 09:56:54,44.9900,1,4499.0000,1,B,44.9500,44.8600,44.8500,44.8100,44.8000,45.0400,45.0500,45.1000,45.1600,45.1700,6,5,8,5,87,10,10,21,28,47
SZ,002343,2017-01-03 09:56:57,44.8000,17,499058.0000,111,S,44.7900,44.7800,44.7600,44.7500,44.7200,44.8000,44.9900,45.0400,45.0500,45.1000,1,52,2,17,3,69,42,10,10,21
SZ,002343,2017-01-03 09:57:00,44.7600,7,246287.0000,55,S,44.7500,44.7200,44.7000,44.6900,44.6500,44.7600,44.8000,44.9600,45.0400,45.0500,17,3,43,1,25,33,69,100,10,10
SZ,002343,2017-01-03 09:57:03,44.7500,4,76075.0000,17,S,44.7200,44.7000,44.6900,44.6500,44.6300,44.7500,44.7600,44.8000,44.9600,45.0400,3,43,1,25,6,18,33,69,100,10
SZ,002343,2017-01-03 09:57:06,44.7500,4,26836.0000,6,B,44.7000,44.6900,44.6500,44.6300,44.6000,44.7500,44.7600,44.8000,44.9600,45.0400,42,1,25,6,25,16,33,69,100,10
SZ,002343,2017-01-03 09:57:09,44.7500,2,67125.0000,15,B,44.7000,44.6900,44.6500,44.6300,44.6000,44.7500,44.7600,44.8000,44.9600,45.0400,42,1,25,6,25,1,33,69,100,10
SZ,002343,2017-01-03 09:57:12,44.7600,2,13427.0000,3,B,44.7500,44.7000,44.6900,44.6500,44.6300,44.7600,44.8000,44.9600,44.9900,45.0400,2,42,1,25,9,31,69,100,1,10
SZ,002343,2017-01-03 09:57:15,44.7600,1,4476.0000,1,B,44.7500,44.7000,44.6900,44.6500,44.6300,44.7600,44.8000,44.9600,44.9900,45.0400,2,42,1,25,9,30,69,100,1,10
SZ,002343,2017-01-03 09:57:18,44.7500,2,8950.0000,2,S,44.7500,44.7000,44.6900,44.6500,44.6300,44.7600,44.8000,44.9600,44.9900,45.0400,5,42,1,25,9,30,69,100,1,10
SZ,002343,2017-01-03 09:57:27,44.7600,2,22380.0000,5,B,44.7500,44.7000,44.6900,44.6500,44.6300,44.7600,44.8000,44.9600,44.9900,45.0400,10,47,1,25,9,25,69,100,1,10
SZ,002343,2017-01-03 09:57:30,44.7600,1,4476.0000,1,B,44.7500,44.7000,44.6900,44.6500,44.6300,44.7600,44.8000,44.9600,44.9900,45.0400,10,47,1,25,9,24,69,100,1,10
SZ,002343,2017-01-03 09:57:33,44.7600,1,4476.0000,1,B,44.7500,44.7100,44.7000,44.6900,44.6500,44.7600,44.8000,44.9600,44.9900,45.0400,11,40,47,1,25,23,69,100,1,10
SZ,002343,2017-01-03 09:57:36,44.7500,3,49225.0000,11,S,44.7100,44.7000,44.6900,44.6500,44.6300,44.7500,44.7600,44.8000,44.9600,44.9900,40,47,1,25,9,2,23,69,100,1
SZ,002343,2017-01-03 09:57:39,44.7500,2,8950.0000,2,B,44.7500,44.7100,44.7000,44.6900,44.6500,44.7600,44.8000,44.9600,44.9900,45.0400,1,40,47,1,25,23,69,100,1,10
SZ,002343,2017-01-03 09:57:42,44.7600,4,138640.0000,31,B,44.7100,44.7000,44.6900,44.6500,44.6300,44.7600,44.8000,44.9600,44.9900,45.0400,17,47,1,25,9,16,69,100,1,10
SZ,002343,2017-01-03 09:57:45,44.7200,1,17888.0000,4,S,44.7200,44.7100,44.7000,44.6900,44.6500,44.7500,44.7600,44.8000,44.9600,44.9900,46,17,47,1,25,2,16,69,100,1
SZ,002343,2017-01-03 09:57:48,44.7200,4,35776.0000,8,S,44.7200,44.7100,44.7000,44.6900,44.6600,44.7500,44.7600,44.8000,44.9600,44.9900,38,17,47,1,5,2,16,69,100,1
SZ,002343,2017-01-03 09:57:51,44.7500,2,8950.0000,2,B,44.7500,44.7300,44.7200,44.7100,44.7000,44.7600,44.8000,44.9600,44.9900,45.0400,1,4,38,17,47,16,69,100,1,10
SZ,002343,2017-01-03 09:57:54,44.7500,1,4475.0000,1,S,44.7300,44.7200,44.7100,44.7000,44.6900,44.7500,44.7600,44.8000,44.9600,44.9900,4,38,17,47,1,49,16,69,100,1
SZ,002343,2017-01-03 09:57:57,44.7500,1,31325.0000,7,B,44.7300,44.7200,44.7100,44.7000,44.6900,44.7500,44.7600,44.8000,44.9600,44.9900,4,38,17,47,1,42,16,69,100,1
SZ,002343,2017-01-03 09:58:00,44.7500,1,4475.0000,1,B,44.7300,44.7200,44.7100,44.7000,44.6900,44.7500,44.7600,44.8000,44.9600,44.9900,4,38,17,47,1,41,16,69,100,1
SZ,002343,2017-01-03 09:58:06,44.7500,1,8950.0000,2,B,44.7300,44.7200,44.7100,44.7000,44.6900,44.7500,44.7600,44.8000,44.9600,44.9900,4,38,17,47,1,39,16,69,100,1
SZ,002343,2017-01-03 09:58:12,44.7500,1,4475.0000,1,B,44.7300,44.7200,44.7100,44.7000,44.6900,44.7500,44.7600,44.8000,44.9600,44.9900,9,38,17,47,1,38,16,69,100,1
SZ,002343,2017-01-03 09:58:18,44.7300,4,31311.0000,7,S,44.7300,44.7200,44.7100,44.7000,44.6900,44.7500,44.7600,44.8000,44.9600,44.9900,2,38,17,47,1,38,16,69,100,1
SZ,002343,2017-01-03 09:58:21,44.7500,1,4475.0000,1,B,44.7300,44.7200,44.7100,44.7000,44.6900,44.7500,44.7600,44.8000,44.9600,44.9900,3,38,17,47,1,37,16,69,100,1
SZ,002343,2017-01-03 09:58:24,44.7500,1,4475.0000,1,B,44.7300,44.7200,44.7100,44.7000,44.6900,44.7500,44.7600,44.8000,44.9600,44.9900,5,38,17,47,1,36,16,69,100,1
SZ,002343,2017-01-03 09:58:27,44.7500,1,8950.0000,2,B,44.7300,44.7200,44.7100,44.7000,44.6900,44.7500,44.7600,44.8000,44.9600,44.9900,5,38,17,47,1,34,16,69,100,1
SZ,002343,2017-01-03 09:58:33,44.7500,6,62628.0000,14,B,44.7300,44.7200,44.7100,44.7000,44.6900,44.7500,44.7600,44.8000,44.9600,44.9900,4,49,17,47,1,31,16,69,100,1
SZ,002343,2017-01-03 09:58:36,44.7300,2,13419.0000,3,S,44.7300,44.7200,44.7100,44.7000,44.6900,44.7500,44.7600,44.8000,44.9600,44.9900,4,49,17,47,1,31,16,69,100,1
SZ,002343,2017-01-03 09:58:39,44.7300,3,58149.0000,13,S,44.7300,44.7200,44.7100,44.7000,44.6900,44.7500,44.7600,44.8000,44.9600,44.9900,1,49,17,47,1,32,16,69,100,1
SZ,002343,2017-01-03 09:58:42,44.7200,3,22362.0000,5,S,44.7200,44.7100,44.7000,44.6900,44.6600,44.7500,44.7600,44.8000,44.9600,44.9900,46,17,47,1,5,32,16,69,100,1
SZ,002343,2017-01-03 09:58:45,44.7200,2,8947.0000,2,S,44.7300,44.7200,44.7100,44.7000,44.6900,44.7500,44.7600,44.8000,44.9600,44.9900,3,45,17,47,1,31,16,69,100,1
SZ,002343,2017-01-03 09:58:48,44.7200,5,102859.0000,23,S,44.7300,44.7200,44.7100,44.7000,44.6900,44.7500,44.7600,44.8000,44.9600,44.9900,2,25,17,47,1,31,16,69,100,1
SZ,002343,2017-01-03 09:58:51,44.7200,3,40250.0000,9,S,44.7200,44.7100,44.7000,44.6900,44.6600,44.7500,44.7600,44.8000,44.9600,44.9900,23,17,47,1,5,31,16,69,100,1
SZ,002343,2017-01-03 09:58:54,44.7200,1,4472.0000,1,S,44.7200,44.7100,44.7000,44.6900,44.6600,44.7500,44.7600,44.8000,44.9600,44.9900,22,17,42,1,5,31,16,69,100,1
SZ,002343,2017-01-03 09:58:57,44.7500,1,4475.0000,1,B,44.7200,44.7100,44.7000,44.6900,44.6600,44.7500,44.7600,44.8000,44.9600,44.9900,22,17,42,1,5,30,16,69,100,1
SZ,002343,2017-01-03 09:59:00,44.7500,2,13422.0000,3,B,44.7200,44.7100,44.7000,44.6900,44.6600,44.7500,44.7600,44.8000,44.9600,44.9900,21,17,42,1,5,28,16,69,100,1
SZ,002343,2017-01-03 09:59:06,44.7300,1,4473.0000,1,B,44.7200,44.7100,44.7000,44.6900,44.6600,44.7500,44.7600,44.8000,44.9600,44.9900,21,17,43,1,7,28,16,69,100,1
SZ,002343,2017-01-03 09:59:09,44.7200,1,4472.0000,1,S,44.7200,44.7100,44.7000,44.6900,44.6600,44.7500,44.7600,44.8000,44.9600,44.9900,20,17,43,1,7,28,16,69,100,1
SZ,002343,2017-01-03 09:59:15,44.7500,1,4475.0000,1,B,44.7200,44.7100,44.7000,44.6900,44.6600,44.7500,44.7600,44.8000,44.9600,44.9900,20,17,43,1,7,27,16,69,100,1
SZ,002343,2017-01-03 09:59:18,44.7500,5,49195.0000,11,B,44.7200,44.7100,44.7000,44.6900,44.6600,44.7500,44.7600,44.8000,44.9600,44.9900,10,17,43,1,7,26,16,69,100,1
SZ,002343,2017-01-03 09:59:21,44.7200,2,22360.0000,5,S,44.7200,44.7100,44.7000,44.6900,44.6600,44.7500,44.7600,44.8000,44.9600,44.9900,5,37,43,1,7,26,16,69,100,1
SZ,002343,2017-01-03 09:59:27,44.7500,1,8950.0000,2,B,44.7300,44.7200,44.7100,44.7000,44.6900,44.7500,44.7600,44.8000,44.9600,44.9900,2,5,37,43,1,24,16,69,100,1
SZ,002343,2017-01-03 09:59:30,44.7500,1,4475.0000,1,B,44.7300,44.7200,44.7100,44.7000,44.6900,44.7500,44.7600,44.8000,44.9600,44.9900,2,5,37,43,1,23,16,69,100,1
SZ,002343,2017-01-03 09:59:33,44.7300,1,4473.0000,1,S,44.7300,44.7200,44.7100,44.7000,44.6900,44.7500,44.7600,44.8000,44.9600,44.9900,1,5,37,40,1,23,16,69,100,1
SZ,002343,2017-01-03 09:59:39,44.7500,1,4475.0000,1,B,44.7300,44.7200,44.7100,44.7000,44.6900,44.7500,44.7600,44.8000,44.9600,44.9900,1,5,37,40,1,22,16,69,100,1
SZ,002343,2017-01-03 09:59:48,44.7300,1,4473.0000,1,S,44.7200,44.7100,44.7000,44.6900,44.6700,44.7500,44.7600,44.8000,44.9600,44.9900,31,37,42,1,2,22,16,69,100,1
SZ,002343,2017-01-03 09:59:51,44.7500,1,4475.0000,1,B,44.7200,44.7100,44.7000,44.6900,44.6700,44.7500,44.7600,44.8000,44.9600,44.9900,31,37,42,1,2,21,16,69,100,1
SZ,002343,2017-01-03 09:59:54,44.7200,2,13422.0000,3,S,44.7200,44.7100,44.7000,44.6900,44.6700,44.7500,44.7600,44.8000,44.9600,44.9900,30,37,42,1,2,19,16,69,100,1
SZ,002343,2017-01-03 10:00:00,44.7200,6,138632.0000,31,S,44.7300,44.7100,44.7000,44.6900,44.6700,44.7500,44.8000,44.9600,44.9900,45.0400,4,37,42,1,2,18,69,100,1,10
SZ,002343,2017-01-03 10:00:03,44.7500,1,4475.0000,1,B,44.7300,44.7100,44.7000,44.6900,44.6700,44.7500,44.8000,44.9600,44.9900,45.0400,6,37,42,1,2,17,69,100,1,10
SZ,002343,2017-01-03 10:00:06,44.7000,16,424705.0000,95,S,44.6900,44.6700,44.6600,44.6500,44.6300,44.7000,44.7500,44.8000,44.9600,44.9900,1,2,7,35,9,5,17,69,100,1
SZ,002343,2017-01-03 10:00:09,44.7000,1,4470.0000,1,B,44.6900,44.6700,44.6600,44.6500,44.6400,44.7000,44.7500,44.8000,44.9600,44.9900,1,2,7,35,3,4,17,69,100,1
SZ,002343,2017-01-03 10:00:12,44.7000,1,4470.0000,1,B,44.6900,44.6700,44.6600,44.6500,44.6400,44.7000,44.7500,44.8000,44.9600,44.9900,1,2,7,35,3,3,17,69,100,1
SZ,002343,2017-01-03 10:00:15,44.7000,1,8940.0000,2,B,44.6900,44.6700,44.6600,44.6500,44.6400,44.7000,44.7500,44.8000,44.9600,44.9900,1,2,7,35,3,1,17,69,100,1
SZ,002343,2017-01-03 10:00:18,44.6900,1,4469.0000,1,S,44.6700,44.6600,44.6500,44.6400,44.6300,44.7000,44.7500,44.8000,44.9600,44.9900,2,7,35,3,9,1,17,69,100,1
SZ,002343,2017-01-03 10:00:21,44.7000,1,4470.0000,1,B,44.7000,44.6700,44.6600,44.6500,44.6400,44.7500,44.8000,44.9600,44.9900,45.0400,1,2,7,35,3,17,69,100,1,10
SZ,002343,2017-01-03 10:00:24,44.7500,1,4475.0000,1,B,44.7000,44.6700,44.6600,44.6500,44.6400,44.7500,44.8000,44.9600,44.9900,45.0400,1,2,7,35,3,16,69,100,1,10
SZ,002343,2017-01-03 10:00:36,44.7500,1,4475.0000,1,B,44.7000,44.6700,44.6600,44.6500,44.6400,44.7500,44.8000,44.9600,44.9900,45.0400,6,2,7,35,3,15,69,100,1,10
SZ,002343,2017-01-03 10:00:45,44.7500,1,4475.0000,1,B,44.7000,44.6700,44.6600,44.6500,44.6400,44.7500,44.8000,44.9500,44.9600,45.0400,26,5,9,35,3,14,69,14,100,10
SZ,002343,2017-01-03 10:00:48,44.7000,2,13420.0000,3,S,44.7000,44.6700,44.6600,44.6500,44.6400,44.7500,44.8000,44.9500,44.9600,45.0400,25,5,9,35,3,16,69,14,100,10
SZ,002343,2017-01-03 10:00:57,44.7500,1,4475.0000,1,B,44.7100,44.7000,44.6900,44.6700,44.6600,44.7500,44.8000,44.9500,44.9600,45.0400,5,25,1,5,11,15,73,14,100,10
SZ,002343,2017-01-03 10:01:06,44.7500,1,22375.0000,5,B,44.7100,44.7000,44.6900,44.6700,44.6600,44.7500,44.8000,44.9500,44.9600,45.0400,6,25,1,5,11,10,73,14,100,10
SZ,002343,2017-01-03 10:01:09,44.7500,1,4475.0000,1,B,44.7100,44.7000,44.6900,44.6700,44.6600,44.7500,44.8000,44.9500,44.9600,45.0400,6,25,1,5,11,9,73,14,100,10
SZ,002343,2017-01-03 10:01:15,44.7500,1,8950.0000,2,B,44.7100,44.7000,44.6900,44.6700,44.6600,44.7500,44.8000,44.9500,44.9600,45.0400,6,25,1,5,11,8,73,14,100,10
SZ,002343,2017-01-03 10:01:18,44.7100,5,22359.0000,5,S,44.7100,44.7000,44.6900,44.6700,44.6600,44.7500,44.8000,44.9500,44.9600,45.0400,2,25,1,5,11,3,73,14,100,10
SZ,002343,2017-01-03 10:01:21,44.7500,6,26837.0000,6,B,44.7000,44.6900,44.6700,44.6600,44.6500,44.8000,44.9500,44.9600,45.0400,45.0500,24,1,5,11,35,73,14,100,10,10
SZ,002343,2017-01-03 10:01:30,44.8000,2,26880.0000,6,B,44.7500,44.7000,44.6900,44.6700,44.6600,44.8000,44.9500,44.9600,45.0400,45.0500,20,24,1,5,11,67,14,100,10,10
SZ,002343,2017-01-03 10:01:36,44.7500,2,8950.0000,2,S,44.7500,44.7000,44.6900,44.6700,44.6600,44.8000,44.9500,44.9600,45.0400,45.0500,18,24,1,5,11,63,14,100,10,10
SZ,002343,2017-01-03 10:01:42,44.8000,2,13440.0000,3,B,44.7500,44.7000,44.6900,44.6700,44.6600,44.8000,44.9500,44.9600,45.0400,45.0500,18,26,1,5,11,64,14,100,10,10
SZ,002343,2017-01-03 10:01:48,44.7500,4,35800.0000,8,S,44.7500,44.7000,44.6900,44.6700,44.6600,44.8000,44.9500,44.9600,45.0400,45.0500,10,26,1,5,11,64,14,100,10,10
SZ,002343,2017-01-03 10:01:51,44.8000,1,4480.0000,1,B,44.7500,44.7100,44.7000,44.6900,44.6700,44.8000,44.9500,44.9600,45.0400,45.0500,10,11,26,1,5,63,14,100,10,10
SZ,002343,2017-01-03 10:02:03,44.8000,1,4480.0000,1,B,44.7500,44.7100,44.7000,44.6900,44.6700,44.8000,44.9000,44.9500,44.9600,45.0400,12,11,26,1,5,62,70,14,100,10
SZ,002343,2017-01-03 10:02:06,44.7500,1,4475.0000,1,S,44.7500,44.7100,44.7000,44.6900,44.6700,44.8000,44.9000,44.9500,44.9600,45.0400,11,11,26,1,5,61,70,14,100,10
SZ,002343,2017-01-03 10:02:09,44.8000,1,8960.0000,2,B,44.7500,44.7100,44.7000,44.6900,44.6700,44.8000,44.9000,44.9500,44.9600,45.0400,11,11,26,1,5,59,70,14,100,10
SZ,002343,2017-01-03 10:02:12,44.8000,1,4480.0000,1,B,44.7500,44.7100,44.7000,44.6900,44.6700,44.8000,44.9000,44.9500,44.9600,45.0400,11,11,26,1,5,58,70,14,100,10
SZ,002343,2017-01-03 10:02:18,44.7500,4,35800.0000,8,S,44.7500,44.7100,44.7000,44.6900,44.6700,44.8000,44.9000,44.9500,44.9600,45.0500,6,11,26,1,5,58,70,14,100,10
SZ,002343,2017-01-03 10:02:21,44.7500,2,8950.0000,2,S,44.7500,44.7100,44.7000,44.6900,44.6700,44.8000,44.9000,44.9500,44.9600,45.0500,4,11,26,1,5,58,70,7,100,10
SZ,002343,2017-01-03 10:02:24,44.8000,1,4480.0000,1,B,44.7500,44.7100,44.7000,44.6900,44.6700,44.8000,44.9000,44.9600,45.0500,45.1000,4,11,26,1,5,57,70,100,10,23
SZ,002343,2017-01-03 10:02:27,44.7500,3,17900.0000,4,S,44.7100,44.7000,44.6900,44.6700,44.6600,44.7500,44.8000,44.9000,44.9600,45.0500,11,26,1,5,11,11,57,70,100,10
SZ,002343,2017-01-03 10:02:36,44.7500,3,17896.0000,4,B,44.7100,44.7000,44.6900,44.6700,44.6600,44.7500,44.8000,44.9000,44.9600,45.0500,10,27,1,5,11,12,54,70,100,10
SZ,002343,2017-01-03 10:02:42,44.7500,1,4475.0000,1,B,44.7100,44.7000,44.6900,44.6700,44.6600,44.7500,44.7900,44.8000,44.9000,44.9600,10,32,1,5,11,11,3,54,70,100
SZ,002343,2017-01-03 10:02:48,44.7100,4,17888.0000,4,S,44.7100,44.7000,44.6900,44.6700,44.6600,44.7500,44.7900,44.8000,44.9000,44.9600,9,32,1,5,11,10,3,54,70,100
SZ,002343,2017-01-03 10:02:57,44.7500,1,4475.0000,1,B,44.7100,44.7000,44.6900,44.6700,44.6600,44.7500,44.7900,44.8000,44.9000,44.9600,9,32,1,5,11,9,3,54,70,100
SZ,002343,2017-01-03 10:03:03,44.7500,2,17900.0000,4,B,44.7100,44.7000,44.6900,44.6700,44.6600,44.7500,44.7900,44.8000,44.9000,44.9600,13,33,1,5,11,5,3,54,70,100
SZ,002343,2017-01-03 10:03:09,44.7500,1,4475.0000,1,B,44.7100,44.7000,44.6900,44.6700,44.6600,44.7500,44.7900,44.8000,44.9000,44.9600,13,33,1,5,11,7,3,54,70,100
SZ,002343,2017-01-03 10:03:18,44.7500,5,35772.0000,8,B,44.7100,44.7000,44.6900,44.6700,44.6600,44.7500,44.7900,44.8000,44.9000,44.9600,6,31,1,5,11,6,3,54,70,100
SZ,002343,2017-01-03 10:03:30,44.7500,2,13425.0000,3,B,44.7100,44.7000,44.6900,44.6700,44.6600,44.7500,44.7900,44.8000,44.9000,44.9600,6,41,1,5,11,3,3,54,70,100
SZ,002343,2017-01-03 10:03:42,44.7500,1,4475.0000,1,B,44.7100,44.7000,44.6900,44.6700,44.6600,44.7500,44.7900,44.8000,44.9000,44.9600,6,41,1,5,11,2,3,54,70,100
SZ,002343,2017-01-03 10:03:48,44.7100,6,49181.0000,11,S,44.7100,44.7000,44.6900,44.6700,44.6600,44.7500,44.7900,44.8000,44.9000,44.9600,10,41,1,5,11,2,3,54,70,100
SZ,002343,2017-01-03 10:03:51,44.7900,2,13429.0000,3,B,44.7500,44.7100,44.7000,44.6900,44.6700,44.7900,44.8000,44.9000,44.9600,45.0500,13,10,41,1,5,2,54,70,100,10
SZ,002343,2017-01-03 10:03:57,44.7900,1,8958.0000,2,B,44.7500,44.7100,44.7000,44.6900,44.6700,44.8000,44.9000,44.9600,45.0500,45.1000,13,10,41,1,5,54,70,100,10,23
SZ,002343,2017-01-03 10:04:03,44.8000,1,4480.0000,1,B,44.7900,44.7500,44.7100,44.7000,44.6900,44.8000,44.9000,44.9600,45.0500,45.1000,5,13,10,41,1,53,70,100,10,23
SZ,002343,2017-01-03 10:04:15,44.8000,1,4480.0000,1,B,44.7900,44.7500,44.7100,44.7000,44.6900,44.8000,44.9000,44.9600,45.0500,45.1000,5,13,10,41,1,52,70,100,10,23
SZ,002343,2017-01-03 10:04:18,44.7900,2,8958.0000,2,S,44.7900,44.7500,44.7100,44.7000,44.6900,44.8000,44.9000,44.9600,45.0500,45.1000,3,13,10,41,1,52,70,100,10,23
SZ,002343,2017-01-03 10:04:21,44.7900,1,13437.0000,3,S,44.7500,44.7100,44.7000,44.6900,44.6700,44.8000,44.9000,44.9600,45.0500,45.1000,13,10,40,1,5,52,70,100,10,23
SZ,002343,2017-01-03 10:04:24,44.8000,2,13440.0000,3,B,44.7500,44.7100,44.7000,44.6900,44.6700,44.8000,44.9000,44.9600,45.0500,45.1000,13,10,40,1,5,52,70,100,10,23
SZ,002343,2017-01-03 10:04:36,44.8000,1,4480.0000,1,B,44.7500,44.7100,44.7000,44.6900,44.6700,44.8000,44.9000,44.9600,45.0500,45.1000,13,10,40,1,5,51,70,100,10,23
SZ,002343,2017-01-03 10:04:48,44.7600,2,8956.0000,2,S,44.7600,44.7500,44.7100,44.7000,44.6900,44.8000,44.9000,44.9600,45.0500,45.1000,2,13,15,40,1,50,70,100,10,23
SZ,002343,2017-01-03 10:04:51,44.8000,1,8960.0000,2,B,44.7600,44.7500,44.7100,44.7000,44.6900,44.8000,44.9000,44.9600,45.0500,45.1000,2,13,15,40,1,48,70,100,10,23
SZ,002343,2017-01-03 10:04:54,44.7500,2,67127.0000,15,S,44.7100,44.7000,44.6900,44.6700,44.6600,44.8000,44.9000,44.9600,45.0500,45.1000,15,40,1,5,6,48,70,100,10,23
SZ,002343,2017-01-03 10:04:57,44.8000,1,4480.0000,1,B,44.7100,44.7000,44.6900,44.6700,44.6600,44.8000,44.9000,44.9600,45.0500,45.1000,15,50,1,5,6,63,70,100,10,23
SZ,002343,2017-01-03 10:05:00,44.8000,1,4480.0000,1,B,44.7500,44.7100,44.7000,44.6900,44.6700,44.8000,44.9000,44.9600,45.0500,45.1000,1,15,50,1,2,62,70,100,10,23
SZ,002343,2017-01-03 10:05:03,44.7100,2,13417.0000,3,S,44.7100,44.7000,44.6900,44.6700,44.6600,44.8000,44.9000,44.9600,45.0500,45.1000,13,50,1,2,6,62,70,100,10,23
SZ,002343,2017-01-03 10:05:09,44.7500,1,4475.0000,1,B,44.7100,44.7000,44.6900,44.6700,44.6600,44.8000,44.9000,44.9600,45.0500,45.1000,13,50,1,2,6,59,70,100,10,23
SZ,002343,2017-01-03 10:05:18,44.7100,2,17902.0000,4,S,44.7100,44.7000,44.6900,44.6700,44.6600,44.8000,44.9000,44.9600,45.0500,45.1000,16,50,1,2,6,45,70,100,10,23
SZ,002343,2017-01-03 10:05:21,44.7500,4,40243.0000,9,B,44.7200,44.7100,44.7000,44.6900,44.6700,44.7500,44.8000,44.9000,44.9600,45.0500,3,8,50,1,2,1,45,70,100,10
SZ,002343,2017-01-03 10:05:33,44.7500,1,4475.0000,1,B,44.7200,44.7100,44.7000,44.6900,44.6700,44.8000,44.9000,44.9600,45.0500,45.1000,3,8,50,1,2,45,70,100,10,23
SZ,002343,2017-01-03 10:05:42,44.7500,1,4475.0000,1,B,44.7200,44.7100,44.7000,44.6900,44.6600,44.8000,44.9000,44.9600,45.0500,45.1000,3,8,50,1,6,41,70,100,10,23
SZ,002343,2017-01-03 10:05:45,44.8000,1,8960.0000,2,B,44.7200,44.7100,44.7000,44.6900,44.6600,44.8000,44.9000,44.9600,45.0500,45.1000,3,8,50,1,6,39,70,100,10,23
SZ,002343,2017-01-03 10:05:54,44.8000,1,4480.0000,1,B,44.7200,44.7100,44.7000,44.6900,44.6600,44.8000,44.9000,44.9600,45.0500,45.1000,6,8,50,1,6,38,70,100,10,23
SZ,002343,2017-01-03 10:06:06,44.8000,1,4480.0000,1,B,44.7200,44.7100,44.7000,44.6900,44.6600,44.8000,44.9000,44.9600,45.0500,45.1000,11,8,50,1,6,37,70,100,10,23
SZ,002343,2017-01-03 10:06:12,44.8000,1,8960.0000,2,B,44.7200,44.7100,44.7000,44.6900,44.6600,44.8000,44.9000,44.9600,45.0500,45.1000,11,8,50,1,6,35,70,100,10,23
SZ,002343,2017-01-03 10:06:15,44.8000,1,4480.0000,1,B,44.7200,44.7100,44.7000,44.6900,44.6600,44.8000,44.9000,44.9600,45.0500,45.1000,11,14,50,1,6,34,70,100,10,23
SZ,002343,2017-01-03 10:06:21,44.7200,4,31304.0000,7,S,44.7200,44.7100,44.7000,44.6900,44.6600,44.8000,44.9000,44.9600,45.0500,45.1000,4,14,50,1,6,34,70,100,10,23
SZ,002343,2017-01-03 10:06:24,44.8000,1,22400.0000,5,B,44.7200,44.7100,44.7000,44.6900,44.6600,44.8000,44.9000,44.9600,45.0500,45.1000,4,14,50,1,6,29,70,100,10,23
SZ,002343,2017-01-03 10:06:27,44.8000,1,4480.0000,1,B,44.7200,44.7100,44.7000,44.6900,44.6600,44.8000,44.9000,44.9600,45.0500,45.1000,4,14,50,1,6,28,70,100,10,23
SZ,002343,2017-01-03 10:06:39,44.8000,1,8960.0000,2,B,44.7200,44.7100,44.7000,44.6900,44.6600,44.8000,44.9000,44.9600,45.0500,45.1000,5,14,50,1,6,26,70,100,10,23
SZ,002343,2017-01-03 10:06:51,44.7200,2,26872.0000,6,S,44.7200,44.7100,44.7000,44.6900,44.6600,44.8000,44.9000,44.9600,45.0500,45.1000,4,14,45,1,6,21,70,100,10,23
SZ,002343,2017-01-03 10:07:06,44.8000,1,8960.0000,2,B,44.7200,44.7100,44.7000,44.6900,44.6600,44.8000,44.9000,44.9600,45.0500,45.1000,4,14,45,1,6,19,70,100,10,23
SZ,002343,2017-01-03 10:07:15,44.8000,1,17920.0000,4,B,44.7200,44.7100,44.7000,44.6900,44.6600,44.8000,44.9000,44.9600,45.0500,45.1000,4,14,45,1,6,15,70,100,10,23
SZ,002343,2017-01-03 10:07:21,44.7300,3,13419.0000,3,S,44.7300,44.7200,44.7100,44.7000,44.6900,44.7500,44.8000,44.9000,44.9600,45.0500,2,4,14,45,1,15,15,70,100,10
SZ,002343,2017-01-03 10:07:30,44.7500,1,44750.0000,10,B,44.7300,44.7200,44.7100,44.7000,44.6900,44.7500,44.8000,44.9000,44.9600,45.0500,3,4,14,45,1,5,15,70,100,10
SZ,002343,2017-01-03 10:07:33,44.7300,3,22369.0000,5,S,44.7200,44.7100,44.7000,44.6900,44.6800,44.7500,44.8000,44.9000,44.9600,45.0500,34,14,45,2,4,3,15,70,100,10
SZ,002343,2017-01-03 10:07:51,44.7200,5,80496.0000,18,S,44.7200,44.7100,44.7000,44.6900,44.6800,44.7500,44.8000,44.9000,44.9600,45.0500,16,14,45,2,4,3,15,70,100,10
SZ,002343,2017-01-03 10:08:00,44.7500,1,8950.0000,2,B,44.7200,44.7100,44.7000,44.6900,44.6800,44.7500,44.8000,44.9000,44.9600,45.0500,16,14,45,2,4,1,15,70,100,10
SZ,002343,2017-01-03 10:08:21,44.7500,1,4475.0000,1,B,44.7300,44.7200,44.7100,44.7000,44.6900,44.8000,44.9000,44.9600,45.0500,45.1000,3,16,14,45,2,15,70,100,10,23
SZ,002343,2017-01-03 10:08:27,44.8000,1,8960.0000,2,B,44.7300,44.7200,44.7100,44.7000,44.6900,44.8000,44.9000,44.9600,45.0500,45.1000,3,16,14,45,2,13,70,100,10,23
SZ,002343,2017-01-03 10:08:51,44.7300,2,8946.0000,2,S,44.7300,44.7200,44.7100,44.7000,44.6900,44.8000,44.9000,44.9600,45.0500,45.1000,1,16,14,45,2,13,70,100,10,23
SZ,002343,2017-01-03 10:08:54,44.8000,1,8960.0000,2,B,44.7300,44.7200,44.7100,44.7000,44.6900,44.8000,44.9000,44.9600,45.0500,45.1000,1,16,14,45,2,11,70,100,10,23
SZ,002343,2017-01-03 10:09:12,44.7500,1,8950.0000,2,S,44.7500,44.7300,44.7200,44.7100,44.7000,44.8000,44.9000,44.9600,45.0500,45.1000,3,1,16,14,45,11,70,100,10,23
SZ,002343,2017-01-03 10:09:18,44.7500,1,13425.0000,3,S,44.7300,44.7200,44.7100,44.7000,44.6900,44.8000,44.9000,44.9600,45.0500,45.1000,1,16,14,45,1,11,70,100,10,23
SZ,002343,2017-01-03 10:09:21,44.7300,2,13433.0000,3,S,44.7200,44.7100,44.7000,44.6900,44.6800,44.8000,44.9000,44.9600,45.0500,45.1000,16,14,45,1,4,9,70,100,10,23
SZ,002343,2017-01-03 10:09:48,44.8000,1,8960.0000,2,B,44.7500,44.7200,44.7100,44.7000,44.6900,44.8000,44.9000,44.9600,45.0500,45.1000,1,16,14,45,1,7,70,100,10,23
SZ,002343,2017-01-03 10:10:15,44.8000,1,8960.0000,2,B,44.7500,44.7200,44.7100,44.7000,44.6900,44.8000,44.9000,44.9600,45.0500,45.1000,1,16,14,50,1,5,70,100,10,23
SZ,002343,2017-01-03 10:10:42,44.8000,1,8960.0000,2,B,44.7500,44.7200,44.7100,44.7000,44.6900,44.8000,44.9000,44.9600,45.0500,45.1000,1,16,14,55,1,3,70,100,10,23
SZ,002343,2017-01-03 10:10:51,44.7500,1,4475.0000,1,S,44.7200,44.7100,44.7000,44.6900,44.6800,44.8000,44.9000,44.9600,45.0500,45.1000,16,14,55,1,4,3,70,100,10,23
SZ,002343,2017-01-03 10:10:57,44.7500,1,4475.0000,1,B,44.7300,44.7200,44.7100,44.7000,44.6900,44.7500,44.8000,44.9000,44.9600,45.0500,2,16,14,64,1,14,3,70,100,10
SZ,002343,2017-01-03 10:11:09,44.7500,1,8950.0000,2,B,44.7300,44.7200,44.7100,44.7000,44.6900,44.7500,44.8000,44.9000,44.9600,45.0500,2,18,14,64,1,12,3,70,100,10
SZ,002343,2017-01-03 10:11:12,44.7200,2,13418.0000,3,S,44.7200,44.7100,44.7000,44.6900,44.6800,44.7500,44.8000,44.9000,44.9600,45.0500,17,14,64,1,4,12,74,70,100,10
SZ,002343,2017-01-03 10:11:21,44.7200,4,40248.0000,9,S,44.7200,44.7100,44.7000,44.6900,44.6800,44.7500,44.8000,44.9000,44.9600,45.0500,8,14,68,1,4,10,79,70,100,10
SZ,002343,2017-01-03 10:11:24,44.7500,1,8950.0000,2,B,44.7200,44.7100,44.7000,44.6900,44.6800,44.7500,44.8000,44.9000,44.9600,45.0500,8,14,68,1,4,8,79,70,100,10
SZ,002343,2017-01-03 10:11:36,44.7200,2,35782.0000,8,S,44.7100,44.7000,44.6900,44.6800,44.6600,44.7500,44.8000,44.9000,44.9600,45.0500,14,68,1,4,6,1,74,70,100,10
SZ,002343,2017-01-03 10:11:51,44.7100,5,31297.0000,7,S,44.7100,44.7000,44.6900,44.6800,44.6600,44.7500,44.8000,44.9000,44.9600,45.0500,7,68,1,4,6,11,74,70,100,10
SZ,002343,2017-01-03 10:12:00,44.7000,11,335257.0000,75,S,44.6900,44.6800,44.6600,44.6500,44.6300,44.7000,44.7500,44.8000,44.9000,44.9600,1,4,6,27,9,25,11,74,70,100
SZ,002343,2017-01-03 10:12:03,44.6600,6,58077.0000,13,S,44.6500,44.6300,44.6200,44.6100,44.6000,44.6600,44.7000,44.7100,44.7500,44.8000,27,9,9,14,31,13,23,100,16,74
SZ,002343,2017-01-03 10:12:06,44.6500,4,84835.0000,19,S,44.6500,44.6300,44.6200,44.6100,44.6000,44.6600,44.7000,44.7100,44.7500,44.8000,8,9,9,14,31,13,23,100,16,74
SZ,002343,2017-01-03 10:12:09,44.6500,2,13395.0000,3,S,44.6500,44.6300,44.6200,44.6100,44.6000,44.6600,44.7000,44.7100,44.7500,44.8000,5,9,9,14,31,13,23,100,16,74
SZ,002343,2017-01-03 10:12:12,44.6500,3,22325.0000,5,S,44.6300,44.6200,44.6100,44.6000,44.5800,44.6600,44.7000,44.7100,44.7500,44.8000,9,9,14,31,4,13,23,100,16,74
SZ,002343,2017-01-03 10:12:15,44.6300,2,40167.0000,9,S,44.6200,44.6100,44.6000,44.5800,44.5500,44.6600,44.7000,44.7100,44.7500,44.8000,9,14,31,4,3,13,23,100,16,74
SZ,002343,2017-01-03 10:12:18,44.6100,3,53541.0000,12,S,44.6100,44.6000,44.5800,44.5500,44.5300,44.6600,44.7000,44.7100,44.7500,44.8000,11,31,4,3,16,13,23,100,11,74
SZ,002343,2017-01-03 10:12:21,44.6100,3,49071.0000,11,S,44.6000,44.5800,44.5500,44.5300,44.5100,44.6200,44.6600,44.7000,44.7100,44.7500,31,4,3,16,19,4,13,23,100,11
SZ,002343,2017-01-03 10:12:24,44.6000,5,84740.0000,19,S,44.6000,44.5800,44.5500,44.5300,44.5100,44.6200,44.6600,44.7000,44.7100,44.7500,12,4,3,16,19,4,13,23,100,11
SZ,002343,2017-01-03 10:12:27,44.6000,4,53520.0000,12,S,44.5800,44.5500,44.5300,44.5100,44.5000,44.6200,44.6500,44.6600,44.7000,44.7100,4,3,16,19,174,4,15,13,23,100
SZ,002343,2017-01-03 10:12:30,44.5800,3,22298.0000,5,S,44.6100,44.5800,44.5500,44.5300,44.5100,44.6200,44.6500,44.6600,44.7000,44.7100,10,1,3,16,19,2,15,13,23,100
SZ,002343,2017-01-03 10:12:33,44.6100,1,44610.0000,10,S,44.5800,44.5500,44.5300,44.5100,44.5000,44.6000,44.6200,44.6500,44.6600,44.7000,1,6,16,19,174,5,2,15,13,23
SZ,002343,2017-01-03 10:12:39,44.6200,4,35684.0000,8,B,44.6200,44.5800,44.5500,44.5300,44.5100,44.6500,44.6600,44.7000,44.7100,44.7500,3,1,3,16,19,15,13,23,100,11
SZ,002343,2017-01-03 10:12:42,44.6200,1,13386.0000,3,S,44.5800,44.5500,44.5300,44.5100,44.5000,44.6000,44.6500,44.6600,44.7000,44.7100,1,3,16,19,174,12,15,13,23,100
SZ,002343,2017-01-03 10:12:45,44.6000,2,53520.0000,12,B,44.5800,44.5500,44.5300,44.5100,44.5000,44.6500,44.6600,44.7000,44.7100,44.7500,1,3,16,29,174,15,13,23,100,11
SZ,002343,2017-01-03 10:12:51,44.6000,3,13380.0000,3,S,44.5800,44.5500,44.5300,44.5100,44.5000,44.6500,44.6600,44.7000,44.7100,44.7500,1,8,16,29,174,15,13,23,100,10
SZ,002343,2017-01-03 10:12:54,44.6400,1,8928.0000,2,B,44.6000,44.5800,44.5600,44.5500,44.5300,44.6400,44.6500,44.6600,44.7000,44.7100,10,1,2,8,16,2,15,13,23,100
SZ,002343,2017-01-03 10:12:57,44.6400,3,13392.0000,3,B,44.6000,44.5800,44.5600,44.5500,44.5300,44.6400,44.6500,44.6600,44.7000,44.7100,10,1,2,8,16,9,15,13,23,100
SZ,002343,2017-01-03 10:13:00,44.6400,1,4464.0000,1,B,44.6000,44.5800,44.5600,44.5500,44.5300,44.6400,44.6500,44.6600,44.7000,44.7100,10,1,2,8,16,8,15,13,23,100
SZ,002343,2017-01-03 10:13:03,44.6400,1,4464.0000,1,B,44.6100,44.6000,44.5800,44.5600,44.5500,44.6400,44.6500,44.6600,44.7000,44.7100,1,10,58,2,8,7,15,13,23,100
SZ,002343,2017-01-03 10:13:06,44.6400,3,22309.0000,5,B,44.6000,44.5800,44.5600,44.5500,44.5300,44.6400,44.6500,44.6600,44.7000,44.7100,8,58,2,8,16,5,15,13,23,100
SZ,002343,2017-01-03 10:13:18,44.6000,2,35684.0000,8,S,44.6000,44.5800,44.5600,44.5500,44.5300,44.6400,44.6500,44.6600,44.7000,44.7100,2,58,2,8,16,9,15,13,23,100
SZ,002343,2017-01-03 10:13:21,44.6400,1,8928.0000,2,B,44.6000,44.5800,44.5600,44.5500,44.5300,44.6400,44.6500,44.6600,44.7000,44.7100,2,63,2,8,16,7,15,13,23,100
SZ,002343,2017-01-03 10:13:33,44.6000,3,13380.0000,3,S,44.6000,44.5900,44.5800,44.5600,44.5500,44.6300,44.6400,44.6500,44.7000,44.7100,2,5,63,2,8,10,7,15,23,100
SZ,002343,2017-01-03 10:13:36,44.5900,2,13379.0000,3,S,44.5900,44.5800,44.5600,44.5500,44.5300,44.6300,44.6400,44.6500,44.7000,44.7100,4,63,2,5,16,10,7,15,23,100
SZ,002343,2017-01-03 10:13:39,44.6300,2,8923.0000,2,B,44.5900,44.5800,44.5600,44.5500,44.5300,44.6300,44.6400,44.6500,44.7000,44.7100,4,63,2,5,16,9,7,15,23,100
SZ,002343,2017-01-03 10:13:48,44.6300,1,8926.0000,2,B,44.6000,44.5900,44.5800,44.5600,44.5500,44.6300,44.6400,44.6500,44.7000,44.7100,5,4,63,2,5,7,7,15,23,100
SZ,002343,2017-01-03 10:13:51,44.6000,2,22300.0000,5,S,44.5900,44.5800,44.5600,44.5500,44.5400,44.6000,44.6300,44.6400,44.6500,44.7000,4,63,2,5,3,2,7,7,15,23
SZ,002343,2017-01-03 10:13:54,44.6300,3,17846.0000,4,B,44.5900,44.5800,44.5600,44.5500,44.5400,44.6300,44.6400,44.6500,44.7000,44.7100,4,63,2,5,3,5,7,15,23,100
SZ,002343,2017-01-03 10:14:00,44.6000,1,4460.0000,1,B,44.5900,44.5800,44.5600,44.5500,44.5400,44.6000,44.6300,44.6400,44.6500,44.7000,47,63,2,5,3,19,5,7,15,23
SZ,002343,2017-01-03 10:14:03,44.6000,1,22300.0000,5,B,44.5900,44.5800,44.5600,44.5500,44.5400,44.6000,44.6300,44.6400,44.6500,44.7000,47,63,2,5,3,14,5,7,15,23
SZ,002343,2017-01-03 10:14:06,44.6000,1,22300.0000,5,B,44.5900,44.5800,44.5600,44.5500,44.5400,44.6000,44.6300,44.6400,44.6500,44.7000,47,63,2,3,3,9,5,7,15,23
SZ,002343,2017-01-03 10:14:09,44.5900,4,66885.0000,15,S,44.5900,44.5800,44.5600,44.5500,44.5400,44.6000,44.6300,44.6400,44.6500,44.7000,32,63,2,3,3,9,5,7,15,23
SZ,002343,2017-01-03 10:14:15,44.6000,1,8920.0000,2,B,44.5900,44.5800,44.5600,44.5500,44.5400,44.6000,44.6300,44.6400,44.6500,44.7000,33,63,2,3,3,7,5,7,15,23
SZ,002343,2017-01-03 10:14:21,44.5900,5,115934.0000,26,S,44.5900,44.5800,44.5600,44.5500,44.5400,44.6000,44.6300,44.6400,44.6500,44.7000,7,63,2,3,3,7,5,7,15,23
SZ,002343,2017-01-03 10:14:24,44.6000,3,31216.0000,7,B,44.5900,44.5800,44.5600,44.5500,44.5400,44.6000,44.6300,44.6400,44.6500,44.7000,8,63,2,3,3,4,5,7,15,23
SZ,002343,2017-01-03 10:14:27,44.5900,4,35675.0000,8,S,44.5900,44.5800,44.5600,44.5500,44.5400,44.6000,44.6300,44.6400,44.6500,44.7000,3,63,2,4,3,1,5,7,15,23
SZ,002343,2017-01-03 10:14:33,44.6000,1,4460.0000,1,B,44.6000,44.5900,44.5800,44.5600,44.5500,44.6300,44.6400,44.6500,44.7000,44.7100,13,3,63,2,4,5,7,15,23,100
SZ,002343,2017-01-03 10:14:42,44.6300,3,22306.0000,5,B,44.6000,44.5900,44.5800,44.5500,44.5400,44.6300,44.6400,44.6500,44.7000,44.7100,12,3,63,4,3,3,7,15,23,100
SZ,002343,2017-01-03 10:14:45,44.5800,4,71355.0000,16,S,44.5800,44.5500,44.5400,44.5300,44.5200,44.6300,44.6400,44.6500,44.7000,44.7100,62,4,3,16,20,3,7,15,23,100
SZ,002343,2017-01-03 10:14:51,44.5800,4,138198.0000,31,S,44.5900,44.5800,44.5500,44.5400,44.5300,44.6300,44.6400,44.6500,44.7000,44.7100,3,31,4,3,16,3,7,15,23,100
SZ,002343,2017-01-03 10:14:54,44.5900,1,13377.0000,3,S,44.5800,44.5500,44.5400,44.5300,44.5200,44.6300,44.6400,44.6500,44.7000,44.7100,31,4,3,16,20,3,7,15,23,100
SZ,002343,2017-01-03 10:14:57,44.5800,1,22290.0000,5,S,44.5800,44.5500,44.5400,44.5300,44.5200,44.6300,44.6400,44.6500,44.7000,44.7100,26,4,4,16,20,3,7,15,23,100
SZ,002343,2017-01-03 10:15:09,44.6300,1,8926.0000,2,B,44.5800,44.5500,44.5400,44.5300,44.5200,44.6300,44.6400,44.6500,44.7000,44.7100,28,1,4,16,20,1,7,15,23,100
SZ,002343,2017-01-03 10:15:18,44.6300,1,4463.0000,1,B,44.6300,44.6000,44.5800,44.5500,44.5400,44.6400,44.6500,44.7000,44.7100,44.7500,2,2,28,1,4,7,15,23,100,10
SZ,002343,2017-01-03 10:15:21,44.6300,1,4463.0000,1,S,44.6300,44.5800,44.5500,44.5400,44.5300,44.6400,44.6500,44.7000,44.7100,44.7500,1,28,1,4,16,7,15,23,100,10
SZ,002343,2017-01-03 10:15:36,44.6400,1,8928.0000,2,B,44.6300,44.5800,44.5400,44.5300,44.5200,44.6400,44.6500,44.7000,44.7100,44.7500,4,24,9,16,23,5,15,23,100,10
SZ,002343,2017-01-03 10:15:42,44.6400,1,13392.0000,3,B,44.6300,44.5800,44.5400,44.5300,44.5200,44.6400,44.6500,44.7000,44.7100,44.7500,4,31,9,16,23,2,15,23,100,10
SZ,002343,2017-01-03 10:15:45,44.6300,2,17852.0000,4,S,44.5900,44.5800,44.5400,44.5300,44.5200,44.6000,44.6400,44.6500,44.7000,44.7100,82,31,9,16,23,11,2,15,23,100
SZ,002343,2017-01-03 10:15:51,44.5900,4,182819.0000,41,S,44.5900,44.5800,44.5400,44.5300,44.5200,44.6000,44.6400,44.6500,44.7000,44.7100,41,31,9,26,23,11,2,15,23,100
SZ,002343,2017-01-03 10:15:54,44.5900,2,102557.0000,23,S,44.5900,44.5800,44.5400,44.5300,44.5200,44.6000,44.6400,44.6500,44.7000,44.7100,18,30,9,26,23,11,2,15,23,100
SZ,002343,2017-01-03 10:15:57,44.6000,1,8920.0000,2,B,44.5900,44.5800,44.5400,44.5300,44.5200,44.6000,44.6400,44.6500,44.7000,44.7100,18,30,9,26,23,9,2,15,23,100
SZ,002343,2017-01-03 10:16:03,44.6000,2,17838.0000,4,B,44.5900,44.5800,44.5400,44.5300,44.5200,44.6000,44.6400,44.6500,44.7000,44.7100,16,31,9,26,23,7,2,15,23,100
SZ,002343,2017-01-03 10:16:09,44.6000,2,71351.0000,16,B,44.6000,44.5900,44.5800,44.5400,44.5300,44.6400,44.6500,44.7000,44.7100,44.7500,13,7,31,9,26,2,15,26,100,10
SZ,002343,2017-01-03 10:16:18,44.6000,1,4460.0000,1,S,44.6000,44.5900,44.5800,44.5400,44.5300,44.6400,44.6500,44.7000,44.7100,44.7500,14,57,31,9,26,2,15,26,100,10
SZ,002343,2017-01-03 10:16:21,44.6000,3,31220.0000,7,S,44.6000,44.5900,44.5800,44.5400,44.5300,44.6400,44.6500,44.7000,44.7100,44.7500,7,57,31,9,26,2,15,26,100,10
SZ,002343,2017-01-03 10:16:24,44.6000,2,17840.0000,4,S,44.6000,44.5900,44.5800,44.5400,44.5300,44.6400,44.6500,44.7000,44.7100,44.7500,3,57,31,9,26,2,15,26,100,10
SZ,002343,2017-01-03 10:16:30,44.6400,4,35685.0000,8,B,44.5900,44.5800,44.5400,44.5300,44.5200,44.6500,44.7000,44.7100,44.7500,44.8000,54,31,9,26,23,15,26,100,10,74
SZ,002343,2017-01-03 10:16:45,44.5900,3,89182.0000,20,S,44.5900,44.5800,44.5400,44.5300,44.5200,44.6500,44.7000,44.7100,44.7500,44.8000,36,26,9,26,23,15,26,100,10,74
SZ,002343,2017-01-03 10:16:51,44.5900,4,80262.0000,18,S,44.5900,44.5800,44.5400,44.5300,44.5200,44.6500,44.7000,44.7100,44.7500,44.8000,18,25,9,26,23,15,26,100,10,74
SZ,002343,2017-01-03 10:16:57,44.6000,1,8920.0000,2,B,44.5900,44.5800,44.5400,44.5300,44.5200,44.6000,44.6500,44.7000,44.7100,44.7500,18,25,9,26,23,16,15,26,100,10
SZ,002343,2017-01-03 10:17:00,44.6000,1,44600.0000,10,B,44.5900,44.5800,44.5400,44.5300,44.5200,44.6000,44.6500,44.7000,44.7100,44.7500,19,25,9,26,23,6,15,26,100,10
SZ,002343,2017-01-03 10:17:03,44.5900,1,13377.0000,3,S,44.5900,44.5800,44.5400,44.5300,44.5200,44.6000,44.6500,44.7000,44.7100,44.7500,16,25,6,26,23,6,15,26,100,10
SZ,002343,2017-01-03 10:17:09,44.6000,1,8920.0000,2,B,44.5900,44.5800,44.5400,44.5300,44.5200,44.6000,44.6500,44.7000,44.7100,44.7500,16,25,6,26,23,4,15,26,100,10
SZ,002343,2017-01-03 10:17:12,44.6000,1,13380.0000,3,B,44.5900,44.5800,44.5400,44.5300,44.5200,44.6000,44.6500,44.7000,44.7100,44.7500,16,25,6,26,23,1,15,26,100,10
SZ,002343,2017-01-03 10:17:15,44.6000,1,4460.0000,1,B,44.6000,44.5900,44.5800,44.5400,44.5300,44.6500,44.7000,44.7100,44.7500,44.8000,3,16,25,6,26,15,26,100,10,74
SZ,002343,2017-01-03 10:17:21,44.6000,1,4460.0000,1,S,44.6000,44.5900,44.5800,44.5400,44.5300,44.6500,44.7000,44.7100,44.7500,44.8000,13,16,25,6,26,15,26,100,10,74
SZ,002343,2017-01-03 10:17:24,44.6500,1,8930.0000,2,B,44.6000,44.5900,44.5800,44.5400,44.5300,44.6500,44.7000,44.7100,44.7500,44.8000,13,16,25,6,26,13,26,100,10,74
SZ,002343,2017-01-03 10:17:42,44.6000,5,84740.0000,19,S,44.5900,44.5800,44.5400,44.5300,44.5200,44.6000,44.6400,44.6500,44.7000,44.7100,16,4,6,26,23,31,10,13,26,100
SZ,002343,2017-01-03 10:17:45,44.5000,45,1397667.0000,314,S,44.4800,44.4700,44.4400,44.4100,44.4000,44.5000,44.6000,44.6400,44.6500,44.7000,20,7,3,6,57,89,31,10,13,26
SZ,002343,2017-01-03 10:17:48,44.4700,3,106748.0000,24,S,44.4700,44.4400,44.4100,44.4000,44.3900,44.5000,44.6000,44.6400,44.6500,44.7000,3,3,6,57,6,89,31,10,13,26
SZ,002343,2017-01-03 10:17:51,44.4500,2,22231.0000,5,S,44.4400,44.4100,44.4000,44.3900,44.3800,44.4500,44.4700,44.5000,44.6000,44.6400,3,6,57,6,26,43,1,89,31,10
SZ,002343,2017-01-03 10:17:54,44.4100,4,39978.0000,9,S,44.4000,44.3900,44.3800,44.3700,44.3600,44.4100,44.4500,44.4700,44.5000,44.6000,57,6,26,8,4,39,43,1,89,31
SZ,002343,2017-01-03 10:17:57,44.4100,6,248648.0000,56,B,44.4000,44.3900,44.3800,44.3700,44.3600,44.4100,44.4500,44.4700,44.5000,44.6000,9,6,26,8,4,31,43,1,89,31
SZ,002343,2017-01-03 10:18:00,44.3800,10,177550.0000,40,S,44.3800,44.3700,44.3600,44.3100,44.3000,44.4100,44.4500,44.4700,44.5000,44.6000,3,8,4,10,45,24,29,1,89,31
SZ,002343,2017-01-03 10:18:12,44.4000,1,22200.0000,5,B,44.3800,44.3700,44.3600,44.3100,44.3000,44.4000,44.4100,44.4500,44.4700,44.5000,8,11,4,10,45,3,24,29,1,89
SZ,002343,2017-01-03 10:18:15,44.4000,2,22194.0000,5,B,44.3800,44.3700,44.3600,44.3100,44.3000,44.4000,44.4100,44.4500,44.4700,44.5000,26,11,4,10,45,1,24,24,1,89
SZ,002343,2017-01-03 10:18:18,44.3800,4,48832.0000,11,S,44.4000,44.3800,44.3700,44.3600,44.3100,44.4100,44.4500,44.4700,44.5000,44.6000,2,21,11,4,10,20,5,1,89,31
SZ,002343,2017-01-03 10:18:24,44.4100,3,39968.0000,9,B,44.4000,44.3900,44.3800,44.3700,44.3600,44.4100,44.4500,44.5000,44.6000,44.6400,2,3,21,11,4,12,5,89,31,10
SZ,002343,2017-01-03 10:18:27,44.4100,1,8882.0000,2,B,44.4000,44.3900,44.3800,44.3700,44.3600,44.4100,44.4500,44.5000,44.6000,44.6400,3,3,21,11,4,10,5,89,31,10
SZ,002343,2017-01-03 10:18:30,44.4100,3,44410.0000,10,B,44.4100,44.4000,44.3900,44.3800,44.3700,44.4500,44.5000,44.6000,44.6400,44.7000,1,3,7,21,11,5,89,31,10,26
SZ,002343,2017-01-03 10:18:33,44.4000,4,17761.0000,4,S,44.3900,44.3800,44.3700,44.3600,44.3200,44.4000,44.5000,44.6000,44.6400,44.7000,38,21,11,4,5,6,108,31,10,26
SZ,002343,2017-01-03 10:18:39,44.4000,4,48840.0000,11,B,44.4000,44.3900,44.3800,44.3700,44.3600,44.4900,44.5000,44.6000,44.6400,44.7000,10,39,21,11,4,13,108,31,10,26
SZ,002343,2017-01-03 10:18:45,44.4900,1,8898.0000,2,B,44.4100,44.4000,44.3900,44.3800,44.3700,44.4900,44.5000,44.6000,44.6400,44.7000,7,12,39,26,11,11,108,31,10,26
SZ,002343,2017-01-03 10:18:54,44.4100,5,35528.0000,8,S,44.4200,44.4100,44.4000,44.3900,44.3800,44.4900,44.5000,44.6000,44.6400,44.7000,1,6,7,39,34,11,109,31,10,26
SZ,002343,2017-01-03 10:19:06,44.4900,1,44490.0000,10,B,44.4200,44.4100,44.4000,44.3900,44.3800,44.4900,44.5000,44.6000,44.6400,44.7000,8,16,7,38,33,1,109,31,10,26
SZ,002343,2017-01-03 10:19:12,44.4900,1,4449.0000,1,B,44.4900,44.4200,44.4100,44.4000,44.3900,44.5000,44.6000,44.6400,44.7000,44.7100,1,9,21,7,38,109,31,10,26,100
SZ,002343,2017-01-03 10:19:24,44.5000,5,160197.0000,36,B,44.4900,44.4500,44.4200,44.4100,44.4000,44.5000,44.6000,44.6400,44.7000,44.7100,5,1,9,17,16,76,31,10,26,100
SZ,002343,2017-01-03 10:19:33,44.4900,3,22245.0000,5,S,44.4500,44.4400,44.4300,44.4200,44.4100,44.4600,44.5000,44.5900,44.6000,44.6400,1,3,6,9,17,7,59,1,31,10
SZ,002343,2017-01-03 10:19:36,44.4600,2,26675.0000,6,B,44.4400,44.4300,44.4200,44.4100,44.4000,44.4600,44.5000,44.5900,44.6000,44.6400,3,17,12,17,16,2,61,1,31,10
SZ,002343,2017-01-03 10:19:39,44.4600,1,8892.0000,2,B,44.4400,44.4300,44.4200,44.4100,44.4000,44.4900,44.5000,44.5900,44.6000,44.6400,3,17,12,17,16,5,61,1,31,10
SZ,002343,2017-01-03 10:19:54,44.4800,2,8896.0000,2,S,44.4800,44.4400,44.4300,44.4200,44.4100,44.4900,44.5000,44.5900,44.6000,44.6400,2,3,17,12,19,5,76,1,31,10
SZ,002343,2017-01-03 10:20:00,44.4900,1,22245.0000,5,B,44.4900,44.4800,44.4400,44.4300,44.4200,44.5000,44.5900,44.6000,44.6400,44.7000,9,2,3,17,12,76,1,31,10,26
SZ,002343,2017-01-03 10:20:06,44.5000,2,13349.0000,3,B,44.4900,44.4800,44.4400,44.4300,44.4200,44.5000,44.5900,44.6000,44.6400,44.7000,11,2,6,17,12,74,1,31,10,26
SZ,002343,2017-01-03 10:20:12,44.4900,3,75633.0000,17,S,44.4800,44.4400,44.4300,44.4200,44.4100,44.4900,44.5000,44.5900,44.6000,44.6400,2,6,11,12,16,13,74,1,31,10
SZ,002343,2017-01-03 10:20:18,44.4900,1,4449.0000,1,B,44.4800,44.4400,44.4300,44.4200,44.4100,44.4900,44.5000,44.5900,44.6000,44.6400,2,6,11,12,16,12,74,1,31,10
SZ,002343,2017-01-03 10:20:21,44.4900,1,17796.0000,4,B,44.4800,44.4400,44.4300,44.4200,44.4100,44.4900,44.5000,44.5900,44.6000,44.6400,2,6,11,12,16,8,74,1,31,10
SZ,002343,2017-01-03 10:20:24,44.4800,1,4448.0000,1,S,44.4800,44.4400,44.4300,44.4200,44.4100,44.4900,44.5000,44.5900,44.6000,44.6400,1,6,11,12,16,8,74,1,31,10
SZ,002343,2017-01-03 10:20:33,44.4900,2,13347.0000,3,B,44.4800,44.4400,44.4300,44.4200,44.4100,44.4900,44.5000,44.5900,44.6000,44.6400,1,106,11,12,16,5,74,1,31,10
SZ,002343,2017-01-03 10:20:36,44.4800,1,4448.0000,1,S,44.4400,44.4300,44.4200,44.4100,44.4000,44.4900,44.5000,44.5900,44.6000,44.6400,106,11,12,16,10,5,70,1,31,10
SZ,002343,2017-01-03 10:20:48,44.4900,2,22245.0000,5,B,44.4900,44.4400,44.4300,44.4200,44.4100,44.5000,44.5900,44.6000,44.6400,44.7000,2,106,17,12,16,70,1,31,10,26
SZ,002343,2017-01-03 10:20:54,44.4900,1,4449.0000,1,S,44.4900,44.4500,44.4400,44.4300,44.4200,44.5000,44.5900,44.6000,44.6400,44.7000,4,3,106,17,10,70,1,31,10,26
SZ,002343,2017-01-03 10:20:57,44.5000,4,155744.0000,35,B,44.4500,44.4400,44.4300,44.4200,44.4100,44.5000,44.5900,44.6000,44.6400,44.7000,13,106,17,10,16,40,1,31,10,26
SZ,002343,2017-01-03 10:21:00,44.4500,3,66675.0000,15,S,44.4400,44.4300,44.4200,44.4100,44.4000,44.4500,44.5000,44.5900,44.6000,44.6400,106,17,10,17,11,6,40,1,31,10
SZ,002343,2017-01-03 10:21:03,44.4400,2,17776.0000,4,S,44.4400,44.4300,44.4200,44.4100,44.4000,44.4500,44.5000,44.5900,44.6000,44.6400,102,17,10,17,11,6,40,1,31,10
SZ,002343,2017-01-03 10:21:06,44.4500,1,13335.0000,3,B,44.4400,44.4300,44.4200,44.4100,44.4000,44.4500,44.5000,44.5900,44.6000,44.6400,102,17,10,17,11,3,40,1,31,10
SZ,002343,2017-01-03 10:21:15,44.4500,2,13335.0000,3,B,44.4400,44.4300,44.4200,44.4100,44.4000,44.5000,44.5900,44.6000,44.6400,44.7000,103,17,10,17,11,40,1,31,10,26
SZ,002343,2017-01-03 10:21:18,44.4400,3,93328.0000,21,S,44.4400,44.4300,44.4200,44.4100,44.4000,44.5000,44.5900,44.6000,44.6400,44.7000,84,6,10,17,11,40,1,31,10,26
SZ,002343,2017-01-03 10:21:21,44.4500,3,53340.0000,12,B,44.4400,44.4300,44.4200,44.4100,44.4000,44.4500,44.5000,44.5900,44.6000,44.6400,84,6,10,17,11,4,40,1,31,10
SZ,002343,2017-01-03 10:21:24,44.4400,4,186648.0000,42,S,44.4400,44.4300,44.4200,44.4100,44.4000,44.4500,44.5000,44.5900,44.6000,44.6400,42,6,7,17,11,4,40,1,31,10
SZ,002343,2017-01-03 10:21:27,44.4500,2,97770.0000,22,B,44.4400,44.4300,44.4200,44.4100,44.4000,44.4500,44.5000,44.5900,44.6000,44.6400,22,6,7,17,11,2,40,1,31,10
SZ,002343,2017-01-03 10:21:30,44.4500,1,8890.0000,2,B,44.4500,44.4400,44.4300,44.4200,44.4100,44.5000,44.5900,44.6000,44.6400,44.7000,8,22,6,7,17,40,1,31,10,26
SZ,002343,2017-01-03 10:21:33,44.4500,1,35560.0000,8,S,44.4400,44.4300,44.4200,44.4100,44.4000,44.4500,44.5000,44.5900,44.6000,44.6400,22,6,7,17,11,13,40,1,31,10
SZ,002343,2017-01-03 10:21:36,44.4400,2,44440.0000,10,S,44.4400,44.4300,44.4200,44.4100,44.4000,44.4500,44.5000,44.5900,44.6000,44.6400,12,6,7,17,11,13,40,1,31,10
SZ,002343,2017-01-03 10:21:39,44.4300,3,71100.0000,16,S,44.4300,44.4200,44.4100,44.4000,44.3900,44.4500,44.5000,44.5900,44.6000,44.6400,2,7,17,11,31,13,40,1,31,10
SZ,002343,2017-01-03 10:21:42,44.4500,1,13335.0000,3,B,44.4300,44.4200,44.4100,44.4000,44.3900,44.4500,44.5000,44.5900,44.6000,44.6400,2,7,17,13,31,10,40,1,31,10
SZ,002343,2017-01-03 10:21:54,44.4500,2,13333.0000,3,B,44.4300,44.4200,44.4100,44.4000,44.3900,44.4500,44.5000,44.5900,44.6000,44.6400,1,18,17,13,31,8,40,1,31,10
SZ,002343,2017-01-03 10:22:06,44.4200,3,17775.0000,4,S,44.4200,44.4100,44.4000,44.3900,44.3800,44.4500,44.5000,44.5900,44.6000,44.6400,17,17,18,31,35,3,40,2,31,10
SZ,002343,2017-01-03 10:22:18,44.4500,1,4446.0000,1,B,44.4200,44.4100,44.4000,44.3900,44.3800,44.4500,44.5000,44.5900,44.6000,44.6400,17,17,21,31,15,2,40,2,31,10
SZ,002343,2017-01-03 10:22:21,44.4500,1,8888.0000,2,B,44.4300,44.4200,44.4100,44.4000,44.3900,44.5000,44.5900,44.6000,44.6400,44.7000,13,17,17,21,31,40,2,31,10,26
SZ,002343,2017-01-03 10:22:24,44.4300,4,39988.0000,9,S,44.4300,44.4200,44.4100,44.4000,44.3900,44.5000,44.5900,44.6000,44.6400,44.7000,4,17,17,21,31,40,2,31,10,26
SZ,002343,2017-01-03 10:22:36,44.5000,1,4450.0000,1,B,44.4300,44.4200,44.4100,44.4000,44.3900,44.5000,44.5900,44.6000,44.6400,44.7000,6,19,17,21,31,39,2,31,10,26
SZ,002343,2017-01-03 10:22:48,44.5000,2,93450.0000,21,B,44.4900,44.4400,44.4300,44.4200,44.4100,44.5000,44.5900,44.6000,44.6400,44.7000,20,2,6,19,17,18,2,31,10,26
SZ,002343,2017-01-03 10:22:54,44.4900,4,40040.0000,9,S,44.4900,44.4400,44.4300,44.4200,44.4100,44.5000,44.5900,44.6000,44.6400,44.7000,11,2,6,19,17,18,2,31,10,26
SZ,002343,2017-01-03 10:23:03,44.5000,3,53400.0000,12,B,44.4900,44.4400,44.4300,44.4200,44.4100,44.5000,44.5900,44.6000,44.6400,44.7000,11,2,6,19,17,6,2,31,10,26
SZ,002343,2017-01-03 10:23:06,44.4900,1,13348.0000,3,S,44.4900,44.4400,44.4300,44.4200,44.4100,44.5000,44.5900,44.6000,44.6400,44.7000,8,2,6,19,17,6,2,31,10,26
SZ,002343,2017-01-03 10:23:12,44.5000,1,8900.0000,2,B,44.4900,44.4400,44.4300,44.4200,44.4100,44.5000,44.5900,44.6000,44.6400,44.7000,8,4,6,19,17,4,2,31,10,26
SZ,002343,2017-01-03 10:23:15,44.5000,2,21628.0000,5,B,44.5000,44.4900,44.4400,44.4300,44.4200,44.5900,44.6000,44.6400,44.7000,44.7100,0,8,4,6,19,2,31,10,26,100
SZ,002343,2017-01-03 10:23:18,44.5900,2,8916.0000,2,B,44.5900,44.5000,44.4900,44.4400,44.4300,44.6000,44.6400,44.7000,44.7100,44.7500,1,0,8,4,6,31,10,26,100,10
SZ,002343,2017-01-03 10:23:24,44.5900,1,4460.0000,1,S,44.4900,44.4400,44.4300,44.4200,44.4100,44.6000,44.6400,44.7000,44.7100,44.7500,8,4,6,19,17,31,10,26,100,10
SZ,002343,2017-01-03 10:23:39,44.6000,1,8920.0000,2,B,44.4900,44.4400,44.4300,44.4200,44.4100,44.6000,44.6400,44.7000,44.7100,44.7500,11,4,6,16,17,29,10,26,100,10
SZ,002343,2017-01-03 10:23:42,44.6000,1,8920.0000,2,B,44.4900,44.4400,44.4300,44.4200,44.4100,44.6000,44.6400,44.7000,44.7100,44.7500,11,4,6,16,17,27,10,26,100,10
SZ,002343,2017-01-03 10:23:48,44.6000,2,22300.0000,5,B,44.4900,44.4400,44.4300,44.4200,44.4100,44.6000,44.6400,44.7000,44.7100,44.7500,11,4,6,16,17,23,10,26,100,10
SZ,002343,2017-01-03 10:23:54,44.4900,4,26692.0000,6,S,44.4900,44.4400,44.4300,44.4200,44.4100,44.5500,44.6000,44.6400,44.7000,44.7100,7,5,9,16,17,15,23,10,26,100
SZ,002343,2017-01-03 10:24:09,44.5500,1,8912.0000,2,B,44.4900,44.4400,44.4300,44.4200,44.4100,44.5000,44.6000,44.6400,44.7000,44.7500,7,5,9,16,18,12,23,10,3,10
SZ,002343,2017-01-03 10:24:18,44.5000,3,53400.0000,12,B,44.5000,44.4900,44.4400,44.4300,44.4200,44.6000,44.6400,44.7000,44.7500,44.8000,1,7,5,9,16,123,10,3,10,71
SZ,002343,2017-01-03 10:24:24,44.4900,5,35592.0000,8,S,44.4400,44.4300,44.4200,44.4100,44.4000,44.4900,44.6000,44.6400,44.7000,44.7500,22,9,16,18,21,10,123,10,3,10
SZ,002343,2017-01-03 10:24:27,44.4400,2,13332.0000,3,S,44.4400,44.4300,44.4200,44.4100,44.4000,44.4900,44.5900,44.6000,44.6400,44.7000,19,9,16,18,21,10,1,123,10,3
SZ,002343,2017-01-03 10:24:36,44.4900,1,44490.0000,10,B,44.5000,44.4900,44.4500,44.4400,44.4300,44.5900,44.6000,44.6400,44.7000,44.7500,90,2,4,19,9,1,128,10,3,10
SZ,002343,2017-01-03 10:24:54,44.5000,5,418300.0000,94,S,44.5000,44.4500,44.4400,44.4300,44.4200,44.5900,44.6000,44.6400,44.7000,44.7500,97,7,19,9,16,1,128,10,3,10
SZ,002343,2017-01-03 10:25:00,44.5000,1,22250.0000,5,S,44.5000,44.4500,44.4400,44.4300,44.4200,44.5400,44.5900,44.6000,44.6400,44.7000,92,7,19,9,16,19,1,128,10,3
SZ,002343,2017-01-03 10:25:03,44.5400,1,17816.0000,4,B,44.5000,44.4500,44.4400,44.4300,44.4200,44.5400,44.5900,44.6000,44.6400,44.7000,97,10,19,9,31,15,1,128,10,3
SZ,002343,2017-01-03 10:25:21,44.5200,1,4452.0000,1,S,44.5200,44.5100,44.5000,44.4500,44.4400,44.5400,44.5900,44.6000,44.6400,44.7000,10,9,97,10,20,15,1,123,10,3
SZ,002343,2017-01-03 10:25:24,44.5200,4,26712.0000,6,S,44.5200,44.5100,44.5000,44.4500,44.4400,44.5400,44.5900,44.6000,44.6400,44.7000,4,9,97,10,20,15,1,123,10,3
SZ,002343,2017-01-03 10:25:30,44.5100,4,66776.0000,15,S,44.5000,44.4900,44.4500,44.4400,44.4300,44.5900,44.6000,44.6400,44.7000,44.7500,97,1,10,20,9,1,123,10,3,10
SZ,002343,2017-01-03 10:25:36,44.5400,1,80172.0000,18,B,44.5400,44.5000,44.4900,44.4500,44.4400,44.5900,44.6000,44.6400,44.7000,44.7500,2,97,1,10,20,1,123,10,3,10
SZ,002343,2017-01-03 10:25:48,44.5900,1,4458.0000,1,B,44.5900,44.5400,44.5100,44.5000,44.4900,44.6000,44.6400,44.7000,44.7500,44.8000,2,5,10,127,1,135,10,3,10,71
SZ,002343,2017-01-03 10:25:54,44.5900,3,13378.0000,3,S,44.5400,44.5100,44.5000,44.4900,44.4500,44.6000,44.6400,44.7000,44.7500,44.8000,5,10,127,1,10,135,10,3,10,71
SZ,002343,2017-01-03 10:25:57,44.6000,1,8920.0000,2,B,44.5400,44.5100,44.5000,44.4900,44.4500,44.5500,44.6000,44.6400,44.7000,44.7500,5,10,127,1,10,3,133,10,3,10
SZ,002343,2017-01-03 10:26:12,44.5400,2,8908.0000,2,S,44.5400,44.5100,44.5000,44.4900,44.4500,44.6000,44.6400,44.7000,44.7500,44.8000,4,15,132,1,10,133,10,3,10,71
SZ,002343,2017-01-03 10:26:24,44.5400,2,13374.0000,3,S,44.5400,44.5100,44.5000,44.4900,44.4500,44.6000,44.6400,44.7000,44.7500,44.8000,3,15,132,1,10,131,10,3,10,71
SZ,002343,2017-01-03 10:26:27,44.6000,2,446000.0000,100,B,44.5400,44.5100,44.5000,44.4900,44.4500,44.6000,44.6400,44.7000,44.7500,44.8000,3,15,132,1,10,31,10,3,10,71
SZ,002343,2017-01-03 10:26:33,44.5100,4,80126.0000,18,S,44.5000,44.4900,44.4500,44.4400,44.4300,44.5100,44.5500,44.6000,44.6400,44.7000,131,1,10,20,9,6,24,31,10,3
SZ,002343,2017-01-03 10:26:36,44.5000,2,93452.0000,21,S,44.5000,44.4900,44.4500,44.4400,44.4300,44.5100,44.5500,44.6000,44.6400,44.7000,110,1,10,20,9,6,24,31,10,3
SZ,002343,2017-01-03 10:26:51,44.5100,1,8900.0000,2,B,44.5000,44.4900,44.4500,44.4400,44.4300,44.5100,44.5500,44.6000,44.6400,44.7000,120,1,10,20,9,4,24,31,10,3
SZ,002343,2017-01-03 10:26:54,44.5000,4,249200.0000,56,S,44.5000,44.4900,44.4500,44.4400,44.4300,44.5100,44.5500,44.6000,44.6400,44.7000,64,1,10,20,9,4,24,31,10,3
SZ,002343,2017-01-03 10:26:57,44.5000,4,97900.0000,22,S,44.5000,44.4900,44.4500,44.4400,44.4300,44.5100,44.5500,44.6000,44.6400,44.7000,42,1,10,20,9,4,24,31,10,3
SZ,002343,2017-01-03 10:27:09,44.5100,1,17804.0000,4,B,44.5100,44.5000,44.4900,44.4500,44.4400,44.5500,44.6000,44.6400,44.7000,44.7500,1,46,1,10,20,24,31,10,3,10
SZ,002343,2017-01-03 10:27:18,44.5000,4,53416.0000,12,S,44.5000,44.4900,44.4500,44.4400,44.4300,44.5500,44.6000,44.6400,44.7000,44.7500,41,1,10,20,9,3,31,10,3,10
SZ,002343,2017-01-03 10:27:24,44.5000,4,80100.0000,18,S,44.5000,44.4900,44.4500,44.4400,44.4300,44.5500,44.6000,44.6400,44.7000,44.7500,24,1,10,20,9,3,31,10,3,10
SZ,002343,2017-01-03 10:27:39,44.5500,1,4456.0000,1,B,44.5000,44.4900,44.4500,44.4400,44.4300,44.5500,44.6000,44.6400,44.7000,44.7500,34,1,14,20,9,2,31,10,3,10
SZ,002343,2017-01-03 10:27:42,44.5500,1,8910.0000,2,B,44.5100,44.5000,44.4900,44.4500,44.4400,44.6000,44.6400,44.7000,44.7500,44.8000,2,41,1,14,20,31,10,3,10,71
SZ,002343,2017-01-03 10:27:45,44.6000,1,8920.0000,2,B,44.5100,44.5000,44.4900,44.4500,44.4400,44.6000,44.6400,44.7000,44.7500,44.8000,2,41,1,14,20,29,10,3,10,71
SZ,002343,2017-01-03 10:27:51,44.5100,1,4450.0000,1,S,44.5100,44.5000,44.4900,44.4500,44.4400,44.6000,44.6400,44.7000,44.7500,44.8000,1,41,1,14,20,29,10,3,10,71
SZ,002343,2017-01-03 10:27:54,44.5200,3,13356.0000,3,B,44.5100,44.5000,44.4900,44.4500,44.4400,44.6000,44.6400,44.7000,44.7500,44.8000,1,41,1,14,20,29,10,3,10,71
SZ,002343,2017-01-03 10:28:12,44.6000,1,8920.0000,2,B,44.5300,44.5200,44.5100,44.5000,44.4900,44.6000,44.6400,44.7000,44.7500,44.8000,3,10,1,41,1,27,10,3,10,71
SZ,002343,2017-01-03 10:28:24,44.5300,1,4454.0000,1,S,44.5300,44.5200,44.5100,44.5000,44.4900,44.6000,44.6400,44.7000,44.7500,44.8000,2,10,9,92,1,27,10,3,10,71
SZ,002343,2017-01-03 10:28:36,44.6000,1,4460.0000,1,B,44.5500,44.5300,44.5200,44.5100,44.5000,44.6000,44.6400,44.7000,44.7500,44.8000,4,2,10,9,94,26,10,3,10,71
SZ,002343,2017-01-03 10:28:39,44.6000,1,8920.0000,2,B,44.5500,44.5300,44.5200,44.5100,44.5000,44.6000,44.6400,44.7000,44.7500,44.8000,4,2,10,9,94,24,10,3,10,71
SZ,002343,2017-01-03 10:28:45,44.6000,1,22300.0000,5,B,44.5500,44.5300,44.5200,44.5100,44.5000,44.6000,44.6400,44.7000,44.7500,44.8000,10,5,10,9,94,19,10,3,10,71
SZ,002343,2017-01-03 10:28:54,44.5500,5,26740.0000,6,S,44.5500,44.5300,44.5200,44.5100,44.5000,44.6000,44.6400,44.7000,44.7500,44.8000,6,5,10,9,100,17,10,3,10,71
SZ,002343,2017-01-03 10:28:57,44.5500,2,26730.0000,6,S,44.5300,44.5200,44.5100,44.5000,44.4900,44.5500,44.6000,44.6400,44.7000,44.7500,5,10,9,102,1,10,17,10,3,10
SZ,002343,2017-01-03 10:29:06,44.5500,2,22276.0000,5,B,44.5300,44.5200,44.5100,44.5000,44.4900,44.5500,44.6000,44.6400,44.7000,44.7500,5,10,13,102,1,5,17,10,3,10
SZ,002343,2017-01-03 10:29:09,44.5300,4,44528.0000,10,S,44.5200,44.5100,44.5000,44.4900,44.4500,44.5300,44.5500,44.6000,44.6400,44.7000,10,13,100,1,10,4,5,17,10,3
SZ,002343,2017-01-03 10:29:21,44.5300,2,17812.0000,4,B,44.5200,44.5100,44.5000,44.4900,44.4500,44.5500,44.6000,44.6400,44.7000,44.7500,10,13,97,1,10,5,17,10,3,10
SZ,002343,2017-01-03 10:29:24,44.5200,3,17808.0000,4,S,44.5200,44.5100,44.5000,44.4900,44.4500,44.5500,44.6000,44.6400,44.7000,44.7500,6,13,97,1,10,5,17,10,3,10
SZ,002343,2017-01-03 10:29:27,44.5500,2,8908.0000,2,B,44.5300,44.5200,44.5100,44.5000,44.4900,44.5500,44.6000,44.6400,44.7000,44.7500,7,5,13,97,1,4,17,10,3,10
SZ,002343,2017-01-03 10:29:30,44.5500,1,8910.0000,2,B,44.5300,44.5200,44.5100,44.5000,44.4900,44.5500,44.6000,44.6400,44.7000,44.7500,7,5,13,97,1,2,17,10,3,10
SZ,002343,2017-01-03 10:29:36,44.5500,1,4454.0000,1,B,44.5300,44.5200,44.5100,44.5000,44.4900,44.5500,44.6000,44.6400,44.7000,44.7500,7,11,13,97,1,1,17,10,3,10
SZ,002343,2017-01-03 10:29:45,44.5500,1,4456.0000,1,B,44.5300,44.5200,44.5100,44.5000,44.4900,44.6000,44.6400,44.7000,44.7500,44.8000,7,11,13,97,1,17,10,3,10,71
SZ,002343,2017-01-03 10:29:48,44.6000,1,4460.0000,1,B,44.5300,44.5200,44.5100,44.5000,44.4900,44.6000,44.6400,44.7000,44.7500,44.8000,7,11,13,97,1,16,10,3,10,71
SZ,002343,2017-01-03 10:29:54,44.5500,3,22276.0000,5,S,44.5500,44.5200,44.5100,44.5000,44.4900,44.5900,44.6000,44.6400,44.7000,44.7500,5,11,13,102,1,24,16,10,3,10
SZ,002343,2017-01-03 10:29:57,44.5900,2,13372.0000,3,B,44.5500,44.5200,44.5100,44.5000,44.4900,44.5900,44.6000,44.6400,44.7000,44.7500,4,11,23,102,1,22,16,10,3,10
SZ,002343,2017-01-03 10:30:00,44.5900,2,8918.0000,2,B,44.5500,44.5200,44.5100,44.5000,44.4900,44.5900,44.6000,44.6400,44.7000,44.7500,4,11,23,102,1,20,16,10,3,10
SZ,002343,2017-01-03 10:30:09,44.5900,1,4458.0000,1,B,44.5500,44.5200,44.5100,44.5000,44.4900,44.5900,44.6000,44.6400,44.7000,44.7500,6,11,24,102,1,19,16,10,3,10
SZ,002343,2017-01-03 10:30:15,44.5900,2,35672.0000,8,B,44.5500,44.5300,44.5200,44.5100,44.5000,44.5900,44.6000,44.6400,44.7000,44.7500,6,4,11,24,102,11,16,10,3,10
SZ,002343,2017-01-03 10:30:21,44.5900,2,13378.0000,3,B,44.5500,44.5300,44.5200,44.5100,44.5000,44.5900,44.6000,44.6400,44.7000,44.7500,6,4,11,24,102,8,16,10,3,10
SZ,002343,2017-01-03 10:30:24,44.5900,3,26738.0000,6,B,44.5500,44.5300,44.5200,44.5100,44.5000,44.5900,44.6000,44.6400,44.7000,44.7500,2,4,11,24,102,6,16,10,3,10
SZ,002343,2017-01-03 10:30:27,44.5400,3,26732.0000,6,S,44.5300,44.5200,44.5100,44.5000,44.4900,44.5400,44.5900,44.6000,44.6400,44.7000,4,11,24,102,1,10,6,16,10,3
SZ,002343,2017-01-03 10:30:30,44.5400,1,4454.0000,1,B,44.5300,44.5200,44.5100,44.5000,44.4900,44.5400,44.5900,44.6000,44.6400,44.7000,4,11,24,108,1,9,6,16,10,3
SZ,002343,2017-01-03 10:30:33,44.5400,2,31178.0000,7,B,44.5300,44.5200,44.5100,44.5000,44.4900,44.5400,44.5900,44.6000,44.6400,44.7000,4,11,24,108,1,2,6,16,10,3
SZ,002343,2017-01-03 10:30:39,44.5400,1,8908.0000,2,B,44.5400,44.5300,44.5200,44.5100,44.5000,44.5900,44.6000,44.6400,44.7000,44.7500,8,4,11,24,108,6,16,10,3,10
SZ,002343,2017-01-03 10:30:45,44.5900,1,4460.0000,1,B,44.5400,44.5300,44.5200,44.5100,44.5000,44.5900,44.6000,44.6400,44.7000,44.7500,8,4,11,24,108,5,16,10,3,10
SZ,002343,2017-01-03 10:30:51,44.5900,1,8916.0000,2,B,44.5400,44.5300,44.5200,44.5100,44.5000,44.5900,44.6000,44.6400,44.7000,44.7500,8,4,11,27,106,3,16,10,3,10
SZ,002343,2017-01-03 10:30:54,44.5400,4,22276.0000,5,S,44.5400,44.5300,44.5200,44.5100,44.5000,44.5900,44.6000,44.6400,44.7000,44.7500,4,4,11,27,106,2,16,10,3,10
SZ,002343,2017-01-03 10:30:57,44.5400,1,4454.0000,1,S,44.5400,44.5300,44.5200,44.5100,44.5000,44.5900,44.6000,44.6400,44.7000,44.7500,3,4,11,27,106,2,16,10,3,10
SZ,002343,2017-01-03 10:31:06,44.5900,1,4458.0000,1,B,44.5400,44.5300,44.5200,44.5100,44.5000,44.5900,44.6000,44.6400,44.7000,44.7500,23,10,11,27,103,1,16,10,3,10
SZ,002343,2017-01-03 10:31:18,44.5900,1,4460.0000,1,B,44.5900,44.5400,44.5300,44.5200,44.5100,44.6000,44.6400,44.7000,44.7500,44.8000,2,33,5,11,27,16,10,3,10,71
SZ,002343,2017-01-03 10:31:27,44.6000,2,8920.0000,2,B,44.5900,44.5600,44.5500,44.5400,44.5300,44.6000,44.6400,44.7000,44.7500,44.8000,2,5,1,33,5,14,10,3,10,71
SZ,002343,2017-01-03 10:31:39,44.6000,1,4460.0000,1,B,44.5900,44.5600,44.5500,44.5400,44.5300,44.6000,44.6400,44.7000,44.7500,44.8000,2,10,1,33,5,13,10,3,10,71
SZ,002343,2017-01-03 10:31:45,44.6000,2,8920.0000,2,B,44.5900,44.5600,44.5400,44.5300,44.5200,44.6000,44.6400,44.7000,44.7500,44.8000,2,10,33,5,11,11,10,3,10,71
SZ,002343,2017-01-03 10:31:48,44.6000,1,8920.0000,2,B,44.5900,44.5600,44.5400,44.5300,44.5200,44.6000,44.6400,44.7000,44.7500,44.8000,2,10,33,5,11,9,10,3,10,71
SZ,002343,2017-01-03 10:31:51,44.6000,1,4460.0000,1,B,44.5900,44.5600,44.5400,44.5300,44.5200,44.6000,44.6400,44.7000,44.7500,44.8000,2,10,33,5,11,8,10,3,10,71
SZ,002343,2017-01-03 10:31:54,44.5900,2,8918.0000,2,S,44.5600,44.5400,44.5300,44.5200,44.5100,44.6000,44.6400,44.7000,44.7500,44.8000,10,33,5,11,31,8,10,3,10,71
SZ,002343,2017-01-03 10:31:57,44.6000,2,8918.0000,2,B,44.5600,44.5400,44.5300,44.5200,44.5100,44.6000,44.6400,44.7000,44.7500,44.8000,10,33,5,11,31,7,10,3,10,71
SZ,002343,2017-01-03 10:32:00,44.6000,1,4460.0000,1,B,44.5600,44.5400,44.5300,44.5200,44.5100,44.6000,44.6400,44.7000,44.7500,44.8000,10,33,5,11,31,6,10,3,10,71
SZ,002343,2017-01-03 10:32:06,44.6000,1,17840.0000,4,B,44.5600,44.5400,44.5300,44.5200,44.5100,44.6000,44.6400,44.7000,44.7500,44.8000,10,33,5,11,31,2,10,3,10,71
SZ,002343,2017-01-03 10:32:12,44.6000,2,8920.0000,2,B,44.6000,44.5700,44.5600,44.5400,44.5300,44.6400,44.7000,44.7500,44.8000,44.9000,1,28,10,33,5,10,3,10,71,5
SZ,002343,2017-01-03 10:32:24,44.6400,1,4464.0000,1,B,44.6000,44.5700,44.5600,44.5400,44.5300,44.6400,44.7000,44.7500,44.8000,44.9000,1,28,14,33,5,9,3,10,71,5
SZ,002343,2017-01-03 10:32:27,44.6000,1,4460.0000,1,S,44.5700,44.5600,44.5400,44.5300,44.5200,44.5900,44.6400,44.7500,44.8000,44.9000,28,14,33,5,11,2,9,10,71,5
SZ,002343,2017-01-03 10:32:30,44.5900,1,8920.0000,2,B,44.6000,44.5700,44.5600,44.5400,44.5300,44.6400,44.7500,44.8000,44.9000,44.9800,48,28,14,33,5,9,10,71,5,14
SZ,002343,2017-01-03 10:32:33,44.6400,1,4464.0000,1,B,44.6000,44.5700,44.5600,44.5400,44.5300,44.6400,44.7500,44.8000,44.9000,44.9800,48,28,9,33,5,108,10,71,5,14
SZ,002343,2017-01-03 10:32:39,44.6400,1,8928.0000,2,B,44.6000,44.5700,44.5600,44.5400,44.5300,44.6400,44.7500,44.8000,44.9000,44.9800,48,28,9,33,5,111,10,71,5,14
SZ,002343,2017-01-03 10:32:45,44.6400,1,4464.0000,1,B,44.6000,44.5700,44.5600,44.5400,44.5300,44.6400,44.7500,44.8000,44.9000,44.9800,48,28,9,33,5,110,10,71,5,14
SZ,002343,2017-01-03 10:32:54,44.6400,1,17856.0000,4,B,44.6000,44.5700,44.5600,44.5400,44.5300,44.6400,44.7500,44.8000,44.9000,44.9800,48,28,9,33,5,106,10,71,5,14
SZ,002343,2017-01-03 10:32:57,44.6400,6,115968.0000,26,B,44.6000,44.5700,44.5600,44.5400,44.5300,44.6400,44.7500,44.8000,44.9000,44.9800,24,28,9,33,5,104,10,71,5,14
SZ,002343,2017-01-03 10:33:00,44.6000,1,89200.0000,20,S,44.6000,44.5700,44.5600,44.5400,44.5300,44.6400,44.7500,44.8000,44.9000,44.9800,4,28,9,33,5,104,10,71,5,14
SZ,002343,2017-01-03 10:33:03,44.6000,1,13380.0000,3,S,44.6000,44.5700,44.5600,44.5400,44.5300,44.6400,44.7500,44.8000,44.9000,44.9800,6,28,9,33,5,104,10,71,5,14
SZ,002343,2017-01-03 10:33:06,44.6400,3,26784.0000,6,B,44.6000,44.5700,44.5600,44.5400,44.5300,44.6400,44.7500,44.8000,44.9000,44.9800,6,28,9,33,5,98,10,71,5,14
SZ,002343,2017-01-03 10:33:15,44.6000,2,13380.0000,3,S,44.6000,44.5700,44.5600,44.5400,44.5300,44.6400,44.7500,44.8000,44.9000,44.9800,22,28,9,33,5,102,10,71,5,14
SZ,002343,2017-01-03 10:33:18,44.6400,1,4464.0000,1,B,44.6000,44.5900,44.5700,44.5600,44.5400,44.6400,44.7500,44.8000,44.9000,44.9800,52,5,28,9,33,101,10,71,5,14
SZ,002343,2017-01-03 10:33:27,44.6000,7,115960.0000,26,S,44.6000,44.5900,44.5700,44.5600,44.5400,44.6400,44.7500,44.8000,44.9000,44.9800,27,5,28,9,33,101,10,71,5,14
SZ,002343,2017-01-03 10:33:30,44.6400,1,4464.0000,1,B,44.6000,44.5900,44.5700,44.5600,44.5400,44.6400,44.7500,44.8000,44.9000,44.9800,27,5,28,9,33,100,10,71,5,14
SZ,002343,2017-01-03 10:33:33,44.6400,2,75828.0000,17,B,44.6000,44.5900,44.5700,44.5600,44.5400,44.6400,44.7500,44.8000,44.9000,44.9800,12,5,28,9,33,98,10,114,5,14
SZ,002343,2017-01-03 10:33:36,44.6000,1,13380.0000,3,S,44.6000,44.5900,44.5700,44.5600,44.5400,44.6400,44.7500,44.8000,44.9000,44.9800,9,5,28,9,33,117,10,114,5,14
SZ,002343,2017-01-03 10:33:39,44.6400,1,4464.0000,1,B,44.6000,44.5900,44.5700,44.5600,44.5400,44.6400,44.7500,44.8000,44.9000,44.9800,9,5,28,9,33,116,10,114,5,14
SZ,002343,2017-01-03 10:33:57,44.6000,4,22300.0000,5,S,44.6000,44.5900,44.5700,44.5600,44.5400,44.6400,44.7500,44.8000,44.9000,44.9800,7,5,28,9,33,116,10,71,5,14
SZ,002343,2017-01-03 10:34:00,44.6400,1,8928.0000,2,B,44.6000,44.5900,44.5700,44.5600,44.5400,44.6400,44.7500,44.8000,44.9000,44.9800,7,5,28,9,33,114,10,71,5,14
SZ,002343,2017-01-03 10:34:03,44.6400,1,4464.0000,1,B,44.6000,44.5900,44.5700,44.5600,44.5400,44.6400,44.7500,44.8000,44.9000,44.9800,7,5,28,9,33,94,10,71,5,14
SZ,002343,2017-01-03 10:34:06,44.6000,1,17840.0000,4,S,44.6000,44.5900,44.5700,44.5600,44.5400,44.6400,44.7500,44.8000,44.9000,44.9800,3,5,28,9,33,113,10,71,5,14
SZ,002343,2017-01-03 10:34:09,44.6400,1,4464.0000,1,B,44.6000,44.5900,44.5700,44.5600,44.5400,44.6400,44.7500,44.8000,44.9000,44.9800,3,5,28,9,33,112,10,71,5,14
SZ,002343,2017-01-03 10:34:12,44.6400,1,4464.0000,1,B,44.6000,44.5900,44.5700,44.5600,44.5400,44.6400,44.7500,44.8000,44.9000,44.9800,3,5,28,9,33,111,10,71,5,14
SZ,002343,2017-01-03 10:34:21,44.6000,1,4460.0000,1,S,44.6000,44.5900,44.5700,44.5600,44.5400,44.6400,44.7500,44.8000,44.9000,44.9800,2,5,28,9,33,111,10,71,5,19
SZ,002343,2017-01-03 10:34:24,44.6400,1,4464.0000,1,B,44.6000,44.5900,44.5700,44.5600,44.5400,44.6400,44.7500,44.8000,44.9000,44.9800,2,5,28,9,33,110,10,71,5,19
SZ,002343,2017-01-03 10:34:27,44.6400,1,8928.0000,2,B,44.6000,44.5900,44.5700,44.5600,44.5400,44.6400,44.7500,44.8000,44.9000,44.9800,2,5,28,9,33,108,10,71,5,19
SZ,002343,2017-01-03 10:34:30,44.6400,1,17856.0000,4,B,44.6000,44.5900,44.5700,44.5600,44.5400,44.6400,44.7500,44.8000,44.9000,44.9800,2,5,28,9,33,104,10,71,5,19
SZ,002343,2017-01-03 10:34:33,44.5900,3,13380.0000,3,S,44.5900,44.5700,44.5600,44.5400,44.5300,44.6400,44.7500,44.8000,44.9000,44.9800,4,28,9,33,1,85,10,71,5,19
SZ,002343,2017-01-03 10:34:36,44.6400,1,4464.0000,1,B,44.5900,44.5700,44.5600,44.5400,44.5300,44.6400,44.7500,44.8000,44.9000,44.9800,4,28,9,33,1,104,10,71,5,19
SZ,002343,2017-01-03 10:34:45,44.6400,1,4464.0000,1,B,44.5900,44.5700,44.5600,44.5400,44.5300,44.6400,44.7500,44.8000,44.9000,44.9800,4,28,9,33,1,103,10,71,5,19
SZ,002343,2017-01-03 10:34:54,44.6400,1,8928.0000,2,B,44.5900,44.5700,44.5600,44.5400,44.5300,44.6400,44.7500,44.8000,44.9000,44.9800,4,28,9,34,1,101,10,71,5,19
SZ,002343,2017-01-03 10:34:57,44.6400,4,17840.0000,4,B,44.5900,44.5700,44.5600,44.5400,44.5300,44.6400,44.7500,44.8000,44.9000,44.9800,1,28,9,34,1,100,10,71,5,19
SZ,002343,2017-01-03 10:35:06,44.5900,1,4460.0000,1,S,44.5700,44.5600,44.5400,44.5300,44.5200,44.5900,44.6400,44.7500,44.8000,44.9000,28,9,34,1,6,3,75,10,71,5
SZ,002343,2017-01-03 10:35:09,44.5900,1,4458.0000,1,B,44.5700,44.5600,44.5400,44.5300,44.5200,44.5900,44.6400,44.7500,44.8000,44.9000,28,9,34,1,6,2,75,10,71,5
SZ,002343,2017-01-03 10:35:15,44.5700,1,4458.0000,1,S,44.5700,44.5600,44.5400,44.5300,44.5200,44.5900,44.6400,44.7500,44.8000,44.9000,27,9,34,1,6,2,75,10,71,5
SZ,002343,2017-01-03 10:35:18,44.5700,3,13374.0000,3,S,44.5700,44.5600,44.5400,44.5300,44.5200,44.6400,44.7500,44.8000,44.9000,44.9800,26,9,34,1,6,75,10,71,5,19
SZ,002343,2017-01-03 10:35:21,44.6400,1,8928.0000,2,B,44.5700,44.5600,44.5400,44.5300,44.5200,44.6400,44.7500,44.8000,44.9000,44.9800,26,9,34,1,6,77,10,71,5,19
SZ,002343,2017-01-03 10:35:27,44.5700,5,62406.0000,14,S,44.5700,44.5600,44.5400,44.5300,44.5200,44.6400,44.7500,44.8000,44.9000,44.9800,13,9,34,1,6,76,10,71,5,19
SZ,002343,2017-01-03 10:35:30,44.6400,3,22320.0000,5,B,44.5700,44.5600,44.5400,44.5300,44.5200,44.6400,44.7500,44.8000,44.9000,44.9800,13,9,34,1,6,71,10,71,5,19
SZ,002343,2017-01-03 10:35:42,44.6400,1,4464.0000,1,B,44.6000,44.5700,44.5600,44.5400,44.5300,44.6400,44.7500,44.8000,44.9000,44.9800,150,13,9,34,1,70,10,71,5,19
SZ,002343,2017-01-03 10:35:45,44.6400,1,4464.0000,1,B,44.6000,44.5700,44.5600,44.5400,44.5300,44.6400,44.7500,44.8000,44.9000,44.9800,150,13,9,34,1,69,10,71,5,19
SZ,002343,2017-01-03 10:35:48,44.6400,1,8928.0000,2,B,44.6000,44.5700,44.5600,44.5400,44.5300,44.6400,44.7500,44.8000,44.9000,44.9800,150,13,9,34,1,67,10,71,5,19
SZ,002343,2017-01-03 10:35:51,44.6400,2,13384.0000,3,B,44.6000,44.5700,44.5600,44.5400,44.5300,44.6400,44.7500,44.8000,44.9000,44.9800,148,13,9,34,1,65,10,71,5,19
SZ,002343,2017-01-03 10:35:54,44.6000,4,446000.0000,100,S,44.6000,44.5700,44.5600,44.5400,44.5300,44.6400,44.7500,44.8000,44.9000,44.9800,48,13,9,34,1,65,10,71,5,19
SZ,002343,2017-01-03 10:35:57,44.6000,3,214080.0000,48,S,44.5700,44.5600,44.5400,44.5300,44.5200,44.5900,44.6000,44.6400,44.7500,44.8000,13,9,34,1,6,41,28,65,10,71
SZ,002343,2017-01-03 10:36:00,44.5400,8,213848.0000,48,S,44.5400,44.5300,44.5200,44.5100,44.5000,44.5900,44.6000,44.6400,44.7500,44.8000,8,1,6,30,108,41,28,65,10,71
SZ,002343,2017-01-03 10:36:03,44.5400,3,40086.0000,9,S,44.5300,44.5200,44.5100,44.5000,44.4900,44.5400,44.5900,44.6000,44.6400,44.7500,1,6,30,108,1,13,41,28,65,10
SZ,002343,2017-01-03 10:36:06,44.5400,3,22266.0000,5,B,44.5200,44.5100,44.5000,44.4900,44.4500,44.5400,44.5900,44.6000,44.6400,44.7500,4,30,108,1,11,11,41,28,62,10
SZ,002343,2017-01-03 10:36:12,44.5400,1,8908.0000,2,B,44.5200,44.5100,44.5000,44.4900,44.4500,44.5400,44.5900,44.6000,44.6400,44.7500,8,30,108,1,11,9,41,28,62,10
SZ,002343,2017-01-03 10:36:15,44.5400,2,13360.0000,3,B,44.5200,44.5100,44.5000,44.4900,44.4500,44.5400,44.5900,44.6000,44.6400,44.7500,8,30,108,1,11,6,41,28,62,10
SZ,002343,2017-01-03 10:36:21,44.5200,2,26712.0000,6,S,44.5200,44.5100,44.5000,44.4900,44.4500,44.5400,44.5900,44.6000,44.6400,44.7500,2,30,108,1,11,6,5,34,62,10
SZ,002343,2017-01-03 10:36:24,44.5400,2,8908.0000,2,B,44.5200,44.5100,44.5000,44.4900,44.4500,44.5400,44.5900,44.6000,44.6400,44.7500,2,30,108,1,11,4,5,34,62,10
SZ,002343,2017-01-03 10:36:36,44.5200,2,8908.0000,2,S,44.5900,44.5200,44.5100,44.5000,44.4900,44.6400,44.7500,44.8000,44.9000,44.9800,1,1,30,112,1,71,10,71,5,19
