市场代码,证券代码,时间,最新价,成交笔数,成交额,成交量,方向,买一价,买二价,买三价,买四价,买五价,卖一价,卖二价,卖三价,卖四价,卖五价,买一量,买二量,买三量,买四量,买五量,卖一量,卖二量,卖三量,卖四量,卖五量
SZ,002334,2017-01-03 09:25:03,8.0900,6,27506.0000,34,S,8.0900,8.0800,8.0700,8.0600,8.0500,8.1000,8.1100,8.1300,8.1400,8.1500,2,23,30,9,43,41,167,24,77,169
SZ,002334,2017-01-03 09:30:03,8.1100,11,98848.0000,122,B,8.0900,8.0800,8.0700,8.0600,8.0500,8.1100,8.1200,8.1300,8.1400,8.1500,32,23,49,15,231,129,30,24,177,179
SZ,002334,2017-01-03 09:30:06,8.0900,1,16180.0000,20,S,8.0900,8.0800,8.0700,8.0600,8.0500,8.1100,8.1200,8.1300,8.1400,8.1500,17,23,54,71,231,129,30,24,187,179
SZ,002334,2017-01-03 09:30:48,8.1100,1,40550.0000,50,B,8.1000,8.0900,8.0800,8.0700,8.0600,8.1100,8.1200,8.1300,8.1400,8.1500,10,17,23,64,71,159,33,24,187,183
SZ,002334,2017-01-03 09:30:51,8.1100,1,11354.0000,14,B,8.1000,8.0900,8.0800,8.0700,8.0600,8.1100,8.1200,8.1300,8.1400,8.1500,10,17,23,64,71,145,33,24,187,183
SZ,002334,2017-01-03 09:30:57,8.0900,3,15381.0000,19,S,8.0900,8.0800,8.0700,8.0600,8.0500,8.1100,8.1200,8.1300,8.1400,8.1500,8,23,64,71,233,145,33,24,187,183
SZ,002334,2017-01-03 09:31:06,8.0900,2,4854.0000,6,S,8.0900,8.0800,8.0700,8.0600,8.0500,8.1100,8.1200,8.1300,8.1400,8.1500,2,23,45,71,233,145,33,24,187,183
SZ,002334,2017-01-03 09:31:12,8.0900,1,1618.0000,2,S,8.0800,8.0700,8.0600,8.0500,8.0400,8.1100,8.1200,8.1300,8.1400,8.1500,23,45,91,243,36,145,33,24,187,183
SZ,002334,2017-01-03 09:32:00,8.0900,1,4854.0000,6,S,8.0800,8.0700,8.0600,8.0500,8.0400,8.0900,8.1000,8.1100,8.1200,8.1300,23,45,91,246,21,4,15,292,41,24
SZ,002334,2017-01-03 09:32:09,8.0800,2,4043.0000,5,S,8.0800,8.0700,8.0600,8.0500,8.0400,8.0900,8.1000,8.1100,8.1200,8.1300,21,45,204,275,21,1,122,292,41,24
SZ,002334,2017-01-03 09:32:15,8.0900,1,809.0000,1,B,8.0900,8.0800,8.0700,8.0600,8.0500,8.1000,8.1100,8.1200,8.1300,8.1400,36,26,50,204,275,122,292,41,24,187
SZ,002334,2017-01-03 09:32:18,8.0900,1,1618.0000,2,S,8.0900,8.0800,8.0700,8.0600,8.0500,8.1000,8.1100,8.1200,8.1300,8.1400,34,26,50,204,275,122,292,41,24,187
SZ,002334,2017-01-03 09:32:24,8.0900,1,809.0000,1,S,8.0900,8.0800,8.0700,8.0600,8.0500,8.1000,8.1100,8.1200,8.1300,8.1400,33,26,50,204,275,122,292,41,24,187
SZ,002334,2017-01-03 09:32:39,8.0900,1,26697.0000,33,S,8.0800,8.0700,8.0600,8.0500,8.0400,8.0900,8.1000,8.1100,8.1200,8.1300,35,50,204,278,208,47,129,292,41,24
SZ,002334,2017-01-03 09:32:48,8.0800,2,8080.0000,10,S,8.0800,8.0700,8.0600,8.0500,8.0400,8.0900,8.1000,8.1100,8.1200,8.1300,25,50,204,278,208,47,129,292,41,24
SZ,002334,2017-01-03 09:32:57,8.0800,1,2424.0000,3,S,8.0800,8.0700,8.0600,8.0500,8.0400,8.0900,8.1000,8.1100,8.1200,8.1300,32,50,204,268,268,47,129,292,41,24
SZ,002334,2017-01-03 09:33:00,8.0900,1,4854.0000,6,B,8.0800,8.0700,8.0600,8.0500,8.0400,8.0900,8.1000,8.1100,8.1200,8.1300,132,50,204,268,268,41,129,292,41,24
SZ,002334,2017-01-03 09:33:03,8.0900,1,8090.0000,10,B,8.0800,8.0700,8.0600,8.0500,8.0400,8.0900,8.1000,8.1100,8.1200,8.1300,132,50,204,268,268,31,129,292,41,24
SZ,002334,2017-01-03 09:33:06,8.0900,2,5661.0000,7,B,8.0800,8.0700,8.0600,8.0500,8.0400,8.0900,8.1000,8.1100,8.1200,8.1300,130,50,204,268,268,26,129,292,41,24
SZ,002334,2017-01-03 09:33:12,8.0900,2,8893.0000,11,B,8.0800,8.0700,8.0600,8.0500,8.0400,8.0900,8.1000,8.1100,8.1200,8.1300,124,50,204,268,268,21,129,292,41,24
SZ,002334,2017-01-03 09:33:15,8.0900,1,8090.0000,10,B,8.0800,8.0700,8.0600,8.0500,8.0400,8.0900,8.1000,8.1100,8.1200,8.1300,124,50,204,268,268,11,32,292,41,24
SZ,002334,2017-01-03 09:33:21,8.0800,2,4848.0000,6,S,8.0800,8.0700,8.0600,8.0500,8.0400,8.0900,8.1000,8.1100,8.1200,8.1300,118,50,204,268,296,11,32,292,41,24
SZ,002334,2017-01-03 09:33:30,8.0900,2,10515.0000,13,B,8.0900,8.0800,8.0700,8.0600,8.0500,8.1000,8.1100,8.1200,8.1300,8.1400,19,222,50,204,271,62,292,41,14,187
SZ,002334,2017-01-03 09:33:36,8.0900,1,3236.0000,4,S,8.0900,8.0800,8.0700,8.0600,8.0500,8.1000,8.1100,8.1200,8.1300,8.1400,15,227,50,204,271,62,292,41,14,187
SZ,002334,2017-01-03 09:33:45,8.0900,1,809.0000,1,S,8.0900,8.0800,8.0700,8.0600,8.0500,8.1000,8.1100,8.1200,8.1300,8.1400,14,287,50,204,221,62,292,41,14,187
SZ,002334,2017-01-03 09:33:54,8.1000,3,21060.0000,26,B,8.0900,8.0800,8.0700,8.0600,8.0500,8.1000,8.1100,8.1200,8.1300,8.1400,14,237,50,204,221,36,292,41,14,187
SZ,002334,2017-01-03 09:33:57,8.0900,1,11326.0000,14,S,8.0800,8.0700,8.0600,8.0500,8.0400,8.0900,8.1000,8.1100,8.1200,8.1300,237,50,204,221,303,54,36,292,41,14
SZ,002334,2017-01-03 09:34:00,8.0800,2,6464.0000,8,S,8.0800,8.0700,8.0600,8.0500,8.0400,8.0900,8.1000,8.1100,8.1200,8.1300,229,50,204,221,303,54,46,292,41,14
SZ,002334,2017-01-03 09:34:09,8.0800,1,4848.0000,6,S,8.0800,8.0700,8.0600,8.0500,8.0400,8.0900,8.1000,8.1100,8.1200,8.1300,223,50,204,221,303,54,46,292,41,14
SZ,002334,2017-01-03 09:34:12,8.0900,2,8899.0000,11,B,8.0800,8.0700,8.0600,8.0500,8.0400,8.0900,8.1000,8.1100,8.1200,8.1300,223,50,204,221,303,43,46,292,41,14
SZ,002334,2017-01-03 09:34:15,8.0900,1,12944.0000,16,B,8.0800,8.0700,8.0600,8.0500,8.0400,8.0900,8.1000,8.1100,8.1200,8.1300,223,50,204,221,303,27,46,292,41,14
SZ,002334,2017-01-03 09:34:18,8.0800,1,1616.0000,2,S,8.0800,8.0700,8.0600,8.0500,8.0400,8.0900,8.1000,8.1100,8.1200,8.1300,221,50,204,221,303,27,46,292,41,14
SZ,002334,2017-01-03 09:34:33,8.0900,2,34787.0000,43,B,8.0900,8.0800,8.0700,8.0600,8.0500,8.1000,8.1100,8.1200,8.1300,8.1400,40,237,67,204,221,46,292,41,14,187
SZ,002334,2017-01-03 09:35:21,8.1000,1,3240.0000,4,B,8.0900,8.0800,8.0700,8.0600,8.0500,8.1000,8.1100,8.1200,8.1300,8.1400,48,321,67,204,211,49,297,41,123,187
SZ,002334,2017-01-03 09:35:27,8.1000,2,2430.0000,3,B,8.0900,8.0800,8.0700,8.0600,8.0500,8.1000,8.1100,8.1200,8.1300,8.1400,48,321,67,204,211,46,297,41,123,187
SZ,002334,2017-01-03 09:35:39,8.0900,1,809.0000,1,S,8.0900,8.0800,8.0700,8.0600,8.0500,8.1000,8.1100,8.1200,8.1300,8.1400,47,331,67,204,211,46,322,41,123,187
SZ,002334,2017-01-03 09:35:42,8.1000,1,2430.0000,3,B,8.0900,8.0800,8.0700,8.0600,8.0500,8.1000,8.1100,8.1200,8.1300,8.1400,53,331,67,204,211,43,322,41,123,187
SZ,002334,2017-01-03 09:36:03,8.1000,1,2430.0000,3,B,8.0900,8.0800,8.0700,8.0600,8.0500,8.1000,8.1100,8.1200,8.1300,8.1400,56,331,67,204,211,60,322,41,123,187
SZ,002334,2017-01-03 09:36:48,8.1000,1,4050.0000,5,B,8.0900,8.0800,8.0700,8.0600,8.0500,8.1000,8.1100,8.1200,8.1300,8.1400,92,331,67,204,211,65,322,71,123,187
SZ,002334,2017-01-03 09:37:03,8.1000,4,40500.0000,50,B,8.0900,8.0800,8.0700,8.0600,8.0500,8.1000,8.1100,8.1200,8.1300,8.1400,254,331,67,91,213,15,322,71,123,187
SZ,002334,2017-01-03 09:37:21,8.1000,2,7290.0000,9,B,8.0900,8.0800,8.0700,8.0600,8.0500,8.1000,8.1100,8.1200,8.1300,8.1400,254,331,67,91,213,764,322,71,123,187
SZ,002334,2017-01-03 09:37:30,8.1000,1,4050.0000,5,B,8.0900,8.0800,8.0700,8.0600,8.0500,8.1000,8.1100,8.1200,8.1300,8.1400,254,326,67,91,213,759,322,71,123,187
SZ,002334,2017-01-03 09:37:45,8.1000,2,4050.0000,5,B,8.0900,8.0800,8.0700,8.0600,8.0500,8.1000,8.1100,8.1200,8.1300,8.1400,240,326,67,91,213,754,322,71,123,187
SZ,002334,2017-01-03 09:37:48,8.0900,9,194160.0000,240,S,8.0800,8.0700,8.0600,8.0500,8.0400,8.0900,8.1000,8.1100,8.1200,8.1300,326,67,91,213,303,23,754,322,71,123
SZ,002334,2017-01-03 09:38:21,8.0800,2,54944.0000,68,S,8.0800,8.0700,8.0600,8.0500,8.0400,8.0900,8.1000,8.1100,8.1200,8.1300,258,67,91,214,303,33,754,257,68,123
SZ,002334,2017-01-03 09:38:33,8.0900,1,4045.0000,5,B,8.0800,8.0700,8.0600,8.0500,8.0400,8.0900,8.1000,8.1100,8.1200,8.1300,260,67,91,214,303,28,754,257,68,123
SZ,002334,2017-01-03 09:38:39,8.0900,2,22652.0000,28,B,8.0900,8.0800,8.0700,8.0600,8.0500,8.1000,8.1100,8.1200,8.1300,8.1400,22,260,67,91,214,754,257,68,123,187
SZ,002334,2017-01-03 09:38:51,8.0900,2,17798.0000,22,S,8.0800,8.0700,8.0600,8.0500,8.0400,8.0900,8.1000,8.1100,8.1200,8.1300,260,67,91,214,303,22,754,257,68,123
SZ,002334,2017-01-03 09:39:00,8.0900,1,16180.0000,20,B,8.0800,8.0700,8.0600,8.0500,8.0400,8.0900,8.1000,8.1100,8.1200,8.1300,260,67,91,214,303,2,754,257,68,123
SZ,002334,2017-01-03 09:39:09,8.0900,1,1618.0000,2,B,8.0900,8.0800,8.0700,8.0600,8.0500,8.1000,8.1100,8.1200,8.1300,8.1400,128,260,67,91,224,754,257,68,123,187
SZ,002334,2017-01-03 09:39:12,8.0900,2,1618.0000,2,S,8.0900,8.0800,8.0700,8.0600,8.0500,8.1000,8.1100,8.1200,8.1300,8.1400,126,260,67,91,224,754,257,68,123,187
SZ,002334,2017-01-03 09:39:48,8.0900,1,19416.0000,24,S,8.0900,8.0800,8.0700,8.0600,8.0500,8.1000,8.1100,8.1200,8.1300,8.1400,152,293,67,91,224,754,257,68,123,187
SZ,002334,2017-01-03 09:39:51,8.1000,1,2430.0000,3,B,8.0900,8.0800,8.0700,8.0600,8.0500,8.1000,8.1100,8.1200,8.1300,8.1400,152,293,67,91,224,751,257,68,123,187
SZ,002334,2017-01-03 09:40:00,8.1000,1,1620.0000,2,B,8.0900,8.0800,8.0700,8.0600,8.0500,8.1000,8.1100,8.1200,8.1300,8.1400,152,293,67,91,224,752,257,68,123,187
SZ,002334,2017-01-03 09:40:03,8.0900,1,3236.0000,4,S,8.0900,8.0800,8.0700,8.0600,8.0500,8.1000,8.1100,8.1200,8.1300,8.1400,148,293,67,91,224,752,257,68,123,187
SZ,002334,2017-01-03 09:40:06,8.0900,1,17798.0000,22,S,8.0900,8.0800,8.0700,8.0600,8.0500,8.1000,8.1100,8.1200,8.1300,8.1400,126,293,67,91,234,752,257,68,123,187
SZ,002334,2017-01-03 09:40:18,8.1000,4,609120.0000,752,B,8.1000,8.0900,8.0800,8.0700,8.0600,8.1100,8.1200,8.1300,8.1400,8.1500,248,126,293,67,91,257,73,123,187,501
SZ,002334,2017-01-03 09:40:27,8.1100,5,227057.0000,280,B,8.1100,8.1000,8.0900,8.0800,8.0700,8.1200,8.1300,8.1400,8.1500,8.1600,123,225,126,298,67,73,123,187,501,14
SZ,002334,2017-01-03 09:40:30,8.1200,1,13804.0000,17,B,8.1100,8.1000,8.0900,8.0800,8.0700,8.1200,8.1300,8.1400,8.1500,8.1600,123,225,126,298,67,56,123,187,501,14
SZ,002334,2017-01-03 09:40:42,8.1100,1,2433.0000,3,S,8.1100,8.1000,8.0900,8.0800,8.0700,8.1200,8.1300,8.1400,8.1500,8.1600,120,225,136,317,67,56,123,187,491,14
SZ,002334,2017-01-03 09:41:00,8.1200,3,40600.0000,50,B,8.1100,8.1000,8.0900,8.0800,8.0700,8.1200,8.1300,8.1400,8.1500,8.1600,125,225,136,317,57,6,109,187,491,14
SZ,002334,2017-01-03 09:41:03,8.1100,1,81100.0000,100,S,8.1100,8.1000,8.0900,8.0800,8.0700,8.1200,8.1300,8.1400,8.1500,8.1600,25,225,136,317,57,11,109,187,491,14
SZ,002334,2017-01-03 09:41:12,8.1200,4,9744.0000,12,B,8.1200,8.1100,8.1000,8.0900,8.0800,8.1300,8.1400,8.1500,8.1600,8.1700,174,231,225,136,315,109,201,491,14,50
SZ,002334,2017-01-03 09:41:15,8.1200,1,3248.0000,4,S,8.1200,8.1100,8.1000,8.0900,8.0800,8.1300,8.1400,8.1500,8.1600,8.1700,170,231,225,136,315,109,213,491,14,50
SZ,002334,2017-01-03 09:41:24,8.1200,1,3248.0000,4,S,8.1200,8.1100,8.1000,8.0900,8.0800,8.1300,8.1400,8.1500,8.1600,8.1700,169,231,245,136,315,109,213,491,14,50
SZ,002334,2017-01-03 09:41:33,8.1200,1,812.0000,1,S,8.1200,8.1100,8.1000,8.0900,8.0800,8.1300,8.1400,8.1500,8.1600,8.1700,181,231,245,136,305,109,213,501,14,50
SZ,002334,2017-01-03 09:41:39,8.1500,14,325569.0000,400,B,8.1200,8.1100,8.1000,8.0900,8.0800,8.1500,8.1600,8.1700,8.1800,8.1900,181,231,245,136,305,432,14,60,68,517
SZ,002334,2017-01-03 09:42:00,8.1400,4,25229.0000,31,B,8.1300,8.1200,8.1100,8.1000,8.0900,8.1400,8.1500,8.1600,8.1700,8.1800,63,181,231,245,136,48,487,14,60,104
SZ,002334,2017-01-03 09:42:12,8.1300,4,77235.0000,95,S,8.1200,8.1100,8.1000,8.0900,8.0800,8.1300,8.1400,8.1500,8.1600,8.1700,181,231,245,136,305,5,178,497,14,94
SZ,002334,2017-01-03 09:42:24,8.1300,1,4065.0000,5,B,8.1300,8.1200,8.1100,8.1000,8.0900,8.1400,8.1500,8.1600,8.1700,8.1800,25,181,231,245,136,178,503,114,94,124
SZ,002334,2017-01-03 09:42:27,8.1400,6,130240.0000,160,B,8.1300,8.1200,8.1100,8.1000,8.0900,8.1400,8.1500,8.1600,8.1700,8.1800,25,181,231,245,136,18,503,114,94,124
SZ,002334,2017-01-03 09:42:30,8.1300,1,8130.0000,10,S,8.1300,8.1200,8.1100,8.1000,8.0900,8.1400,8.1500,8.1600,8.1700,8.1800,15,181,231,250,136,18,503,114,94,124
SZ,002334,2017-01-03 09:42:42,8.1400,1,4070.0000,5,B,8.1300,8.1200,8.1100,8.1000,8.0900,8.1400,8.1500,8.1600,8.1700,8.1800,28,189,255,250,136,21,497,144,114,124
SZ,002334,2017-01-03 09:42:51,8.1400,1,8140.0000,10,B,8.1300,8.1200,8.1100,8.1000,8.0900,8.1400,8.1500,8.1600,8.1700,8.1800,28,199,255,307,136,11,497,144,114,124
SZ,002334,2017-01-03 09:42:57,8.1400,2,4070.0000,5,B,8.1300,8.1200,8.1100,8.1000,8.0900,8.1400,8.1500,8.1600,8.1700,8.1800,15,199,255,307,136,36,497,144,114,124
SZ,002334,2017-01-03 09:43:00,8.1400,5,13024.0000,16,B,8.1300,8.1200,8.1100,8.1000,8.0900,8.1400,8.1500,8.1600,8.1700,8.1800,15,199,255,307,166,20,497,144,114,124
SZ,002334,2017-01-03 09:43:03,8.1400,1,16280.0000,20,B,8.1400,8.1300,8.1200,8.1100,8.1000,8.1500,8.1600,8.1700,8.1800,8.1900,9,15,199,255,307,497,144,114,124,503
SZ,002334,2017-01-03 09:43:06,8.1400,1,7326.0000,9,S,8.1300,8.1200,8.1100,8.1000,8.0900,8.1400,8.1500,8.1600,8.1700,8.1800,15,199,255,307,166,19,497,144,114,124
SZ,002334,2017-01-03 09:43:12,8.1400,1,15466.0000,19,B,8.1400,8.1300,8.1200,8.1100,8.1000,8.1500,8.1600,8.1700,8.1800,8.1900,1,15,199,255,307,497,144,114,124,503
SZ,002334,2017-01-03 09:43:24,8.1400,1,814.0000,1,S,8.1400,8.1300,8.1200,8.1100,8.1000,8.1500,8.1600,8.1700,8.1800,8.1900,98,21,199,255,307,512,154,114,124,503
SZ,002334,2017-01-03 09:43:27,8.1500,5,130390.0000,160,B,8.1400,8.1300,8.1200,8.1100,8.1000,8.1500,8.1600,8.1700,8.1800,8.1900,88,21,199,255,307,362,154,114,124,518
SZ,002334,2017-01-03 09:43:33,8.1400,2,71632.0000,88,S,8.1300,8.1200,8.1100,8.1000,8.0900,8.1400,8.1500,8.1600,8.1700,8.1800,21,199,255,307,166,3,362,154,114,124
SZ,002334,2017-01-03 09:43:36,8.1500,4,18742.0000,23,B,8.1400,8.1300,8.1200,8.1100,8.1000,8.1500,8.1600,8.1700,8.1800,8.1900,2,21,189,249,307,342,154,114,124,518
SZ,002334,2017-01-03 09:43:42,8.1400,2,9768.0000,12,S,8.1300,8.1200,8.1100,8.1000,8.0900,8.1400,8.1500,8.1600,8.1700,8.1800,21,189,249,307,166,123,342,154,114,124
SZ,002334,2017-01-03 09:43:45,8.1400,2,4070.0000,5,B,8.1300,8.1200,8.1100,8.1000,8.0900,8.1400,8.1500,8.1600,8.1700,8.1800,21,189,249,307,166,118,342,154,114,124
SZ,002334,2017-01-03 09:43:51,8.1300,3,24399.0000,30,S,8.1200,8.1100,8.1000,8.0900,8.0800,8.1300,8.1400,8.1500,8.1600,8.1700,189,249,310,166,276,16,119,342,154,114
SZ,002334,2017-01-03 09:43:54,8.1500,5,135139.0000,166,B,8.1300,8.1200,8.1100,8.1000,8.0900,8.1500,8.1600,8.1700,8.1800,8.1900,89,189,249,310,166,311,154,114,124,488
SZ,002334,2017-01-03 09:44:12,8.1300,1,813.0000,1,S,8.1300,8.1200,8.1100,8.1000,8.0900,8.1500,8.1600,8.1700,8.1800,8.1900,118,195,249,310,166,321,154,114,324,488
SZ,002334,2017-01-03 09:44:33,8.1400,1,24420.0000,30,S,8.1400,8.1300,8.1200,8.1100,8.1000,8.1500,8.1600,8.1700,8.1800,8.1900,120,129,199,249,310,331,159,114,324,488
SZ,002334,2017-01-03 09:44:51,8.1400,1,4884.0000,6,S,8.1400,8.1300,8.1200,8.1100,8.1000,8.1500,8.1600,8.1700,8.1800,8.1900,114,129,204,251,310,331,162,154,324,488
SZ,002334,2017-01-03 09:44:57,8.1400,1,17908.0000,22,S,8.1400,8.1300,8.1200,8.1100,8.1000,8.1500,8.1600,8.1700,8.1800,8.1900,92,139,204,251,310,331,162,154,324,488
SZ,002334,2017-01-03 09:45:03,8.1400,1,18722.0000,23,S,8.1400,8.1300,8.1200,8.1100,8.1000,8.1500,8.1600,8.1700,8.1800,8.1900,69,139,204,251,310,331,162,154,324,488
SZ,002334,2017-01-03 09:45:12,8.1500,1,815.0000,1,B,8.1400,8.1300,8.1200,8.1100,8.1000,8.1500,8.1600,8.1700,8.1800,8.1900,69,139,204,251,310,335,162,169,324,488
SZ,002334,2017-01-03 09:45:24,8.1500,2,52974.0000,65,B,8.1400,8.1300,8.1200,8.1100,8.1000,8.1500,8.1600,8.1700,8.1800,8.1900,68,139,39,251,310,271,162,169,324,488
SZ,002334,2017-01-03 09:45:27,8.1500,1,2445.0000,3,B,8.1400,8.1300,8.1200,8.1100,8.1000,8.1500,8.1600,8.1700,8.1800,8.1900,68,139,39,251,310,268,162,169,324,488
SZ,002334,2017-01-03 09:45:30,8.1400,1,30932.0000,38,S,8.1400,8.1300,8.1200,8.1100,8.1000,8.1500,8.1600,8.1700,8.1800,8.1900,30,139,26,251,310,268,162,169,324,488
SZ,002334,2017-01-03 09:45:33,8.1500,1,35045.0000,43,B,8.1400,8.1300,8.1200,8.1100,8.1000,8.1500,8.1600,8.1700,8.1800,8.1900,76,139,26,251,310,225,162,169,324,488
SZ,002334,2017-01-03 09:45:45,8.1500,7,145070.0000,178,B,8.1400,8.1300,8.1200,8.1100,8.1000,8.1500,8.1600,8.1700,8.1800,8.1900,88,129,31,251,310,47,162,199,324,488
SZ,002334,2017-01-03 09:45:54,8.1500,2,12225.0000,15,B,8.1400,8.1300,8.1200,8.1100,8.1000,8.1500,8.1600,8.1700,8.1800,8.1900,88,129,31,251,310,117,162,199,324,488
SZ,002334,2017-01-03 09:46:39,8.1400,2,54538.0000,67,S,8.1400,8.1300,8.1200,8.1100,8.1000,8.1500,8.1600,8.1700,8.1800,8.1900,26,133,31,252,336,160,162,199,339,688
SZ,002334,2017-01-03 09:46:54,8.1500,7,48890.0000,60,B,8.1400,8.1300,8.1200,8.1100,8.1000,8.1500,8.1600,8.1700,8.1800,8.1900,16,103,27,252,336,130,162,199,359,688
SZ,002334,2017-01-03 09:47:15,8.1400,1,814.0000,1,S,8.1400,8.1300,8.1200,8.1100,8.1000,8.1500,8.1600,8.1700,8.1800,8.1900,45,103,34,277,336,274,162,199,359,688
SZ,002334,2017-01-03 09:47:21,8.1400,3,13838.0000,17,S,8.1400,8.1300,8.1200,8.1100,8.1000,8.1500,8.1600,8.1700,8.1800,8.1900,28,108,34,277,336,274,162,199,359,688
SZ,002334,2017-01-03 09:47:24,8.1400,1,814.0000,1,S,8.1400,8.1300,8.1200,8.1100,8.1000,8.1500,8.1600,8.1700,8.1800,8.1900,27,108,34,277,376,274,162,199,359,688
SZ,002334,2017-01-03 09:47:39,8.1400,1,1628.0000,2,S,8.1400,8.1300,8.1200,8.1100,8.1000,8.1500,8.1600,8.1700,8.1800,8.1900,146,108,41,277,376,274,162,199,359,788
SZ,002334,2017-01-03 09:47:48,8.1500,1,16300.0000,20,B,8.1400,8.1300,8.1200,8.1100,8.1000,8.1500,8.1600,8.1700,8.1800,8.1900,146,108,41,277,376,254,162,199,359,788
SZ,002334,2017-01-03 09:47:51,8.1500,6,163000.0000,200,B,8.1400,8.1300,8.1200,8.1100,8.1000,8.1500,8.1600,8.1700,8.1800,8.1900,146,108,41,277,376,54,162,199,359,788
SZ,002334,2017-01-03 09:47:57,8.1500,4,44010.0000,54,B,8.1500,8.1400,8.1300,8.1200,8.1100,8.1600,8.1700,8.1800,8.1900,8.2000,202,252,108,43,272,162,199,359,788,552
SZ,002334,2017-01-03 09:48:00,8.1500,1,2445.0000,3,S,8.1500,8.1400,8.1300,8.1200,8.1100,8.1600,8.1700,8.1800,8.1900,8.2000,199,252,108,43,272,162,199,359,788,552
SZ,002334,2017-01-03 09:48:03,8.1500,1,8150.0000,10,S,8.1500,8.1400,8.1300,8.1200,8.1100,8.1600,8.1700,8.1800,8.1900,8.2000,189,252,108,53,272,162,298,359,788,552
SZ,002334,2017-01-03 09:48:12,8.1600,8,134640.0000,165,B,8.1600,8.1500,8.1400,8.1300,8.1200,8.1700,8.1800,8.1900,8.2000,8.2200,135,189,288,108,53,298,359,788,552,6
SZ,002334,2017-01-03 09:48:33,8.1600,1,8160.0000,10,S,8.1600,8.1500,8.1400,8.1300,8.1200,8.1700,8.1800,8.1900,8.2000,8.2200,235,189,221,108,53,328,359,793,542,6
SZ,002334,2017-01-03 09:48:36,8.1600,1,81600.0000,100,S,8.1600,8.1500,8.1400,8.1300,8.1200,8.1700,8.1800,8.1900,8.2000,8.2200,135,189,221,108,53,328,359,793,542,6
SZ,002334,2017-01-03 09:48:42,8.1600,1,2448.0000,3,S,8.1600,8.1500,8.1400,8.1300,8.1200,8.1700,8.1800,8.1900,8.2000,8.2200,132,189,221,108,53,371,359,793,542,10
SZ,002334,2017-01-03 09:48:51,8.1600,6,115059.0000,141,S,8.1600,8.1500,8.1400,8.1300,8.1200,8.1700,8.1800,8.1900,8.2000,8.2200,8,189,221,108,53,368,364,793,564,12
SZ,002334,2017-01-03 09:48:54,8.1700,4,61220.0000,75,B,8.1500,8.1400,8.1300,8.1200,8.1100,8.1700,8.1800,8.1900,8.2000,8.2200,189,221,108,53,272,398,364,793,564,12
SZ,002334,2017-01-03 09:49:15,8.1600,9,237455.0000,291,B,8.1600,8.1500,8.1400,8.1300,8.1200,8.1700,8.1800,8.1900,8.2000,8.2200,100,208,221,108,53,426,364,793,564,12
SZ,002334,2017-01-03 09:49:18,8.1700,1,13889.0000,17,B,8.1600,8.1500,8.1400,8.1300,8.1200,8.1700,8.1800,8.1900,8.2000,8.2200,119,208,221,108,53,409,364,793,564,12
SZ,002334,2017-01-03 09:49:33,8.1700,4,40850.0000,50,B,8.1600,8.1500,8.1400,8.1300,8.1200,8.1700,8.1800,8.1900,8.2000,8.2200,129,214,191,108,53,493,375,793,564,12
SZ,002334,2017-01-03 09:49:45,8.1600,1,16320.0000,20,S,8.1600,8.1500,8.1400,8.1300,8.1200,8.1700,8.1800,8.1900,8.2000,8.2200,109,214,190,108,53,513,375,742,564,12
SZ,002334,2017-01-03 09:49:54,8.1700,1,2451.0000,3,B,8.1600,8.1500,8.1400,8.1300,8.1200,8.1700,8.1800,8.1900,8.2000,8.2200,109,208,194,108,53,521,404,742,538,12
SZ,002334,2017-01-03 09:50:03,8.1700,2,4902.0000,6,B,8.1600,8.1500,8.1400,8.1300,8.1200,8.1700,8.1800,8.1900,8.2000,8.2200,109,208,194,104,43,525,404,753,574,12
SZ,002334,2017-01-03 09:50:06,8.1700,1,2451.0000,3,B,8.1600,8.1500,8.1400,8.1300,8.1200,8.1700,8.1800,8.1900,8.2000,8.2200,109,208,194,104,43,522,424,753,574,12
SZ,002334,2017-01-03 09:50:09,8.1700,3,17974.0000,22,B,8.1600,8.1500,8.1400,8.1300,8.1200,8.1700,8.1800,8.1900,8.2000,8.2200,109,208,194,104,43,500,424,753,574,12
SZ,002334,2017-01-03 09:50:12,8.1700,1,1634.0000,2,B,8.1600,8.1500,8.1400,8.1300,8.1200,8.1700,8.1800,8.1900,8.2000,8.2200,109,208,194,104,43,498,424,753,574,12
SZ,002334,2017-01-03 09:50:24,8.1600,1,816.0000,1,S,8.1600,8.1500,8.1400,8.1300,8.1200,8.1700,8.1800,8.1900,8.2000,8.2200,131,208,204,104,43,498,414,753,574,291
SZ,002334,2017-01-03 09:50:27,8.1600,5,99552.0000,122,S,8.1600,8.1500,8.1400,8.1300,8.1200,8.1700,8.1800,8.1900,8.2000,8.2200,9,208,204,104,43,498,419,753,574,291
SZ,002334,2017-01-03 09:50:30,8.1700,2,25327.0000,31,B,8.1600,8.1500,8.1400,8.1300,8.1200,8.1700,8.1800,8.1900,8.2000,8.2200,9,208,204,104,43,467,419,753,574,291
SZ,002334,2017-01-03 09:50:33,8.1700,1,1634.0000,2,B,8.1600,8.1500,8.1400,8.1300,8.1200,8.1700,8.1800,8.1900,8.2000,8.2200,9,208,204,104,43,465,419,753,574,291
SZ,002334,2017-01-03 09:50:45,8.1600,1,7344.0000,9,S,8.1500,8.1400,8.1300,8.1200,8.1100,8.1600,8.1700,8.1800,8.1900,8.2000,228,204,104,43,271,1,465,419,753,574
SZ,002334,2017-01-03 09:51:09,8.1600,3,8160.0000,10,B,8.1500,8.1400,8.1300,8.1200,8.1100,8.1600,8.1700,8.1800,8.1900,8.2000,228,204,105,43,271,80,525,419,758,574
SZ,002334,2017-01-03 09:51:24,8.1600,1,2448.0000,3,B,8.1500,8.1400,8.1300,8.1200,8.1100,8.1600,8.1700,8.1800,8.1900,8.2000,228,204,105,43,271,92,525,419,758,574
SZ,002334,2017-01-03 09:51:33,8.1600,1,8160.0000,10,B,8.1500,8.1400,8.1300,8.1200,8.1100,8.1600,8.1700,8.1800,8.1900,8.2000,228,204,105,43,271,92,525,419,758,574
SZ,002334,2017-01-03 09:51:42,8.1600,1,4080.0000,5,B,8.1500,8.1400,8.1300,8.1200,8.1100,8.1600,8.1700,8.1800,8.1900,8.2000,228,204,105,43,271,87,525,419,758,574
SZ,002334,2017-01-03 09:51:54,8.1500,1,1630.0000,2,S,8.1500,8.1400,8.1300,8.1200,8.1100,8.1600,8.1700,8.1800,8.1900,8.2000,226,204,100,43,271,87,436,419,758,596
SZ,002334,2017-01-03 09:52:15,8.1500,1,815.0000,1,S,8.1500,8.1400,8.1300,8.1200,8.1100,8.1600,8.1700,8.1800,8.1900,8.2000,225,204,100,43,271,134,456,419,758,596
SZ,002334,2017-01-03 09:52:21,8.1600,1,816.0000,1,B,8.1500,8.1400,8.1300,8.1200,8.1100,8.1600,8.1700,8.1800,8.1900,8.2000,225,204,100,43,271,138,456,408,758,596
SZ,002334,2017-01-03 09:52:24,8.1500,1,1630.0000,2,S,8.1500,8.1400,8.1300,8.1200,8.1100,8.1600,8.1700,8.1800,8.1900,8.2000,223,204,100,43,271,208,456,408,758,596
SZ,002334,2017-01-03 09:52:27,8.1500,1,815.0000,1,S,8.1500,8.1400,8.1300,8.1200,8.1100,8.1600,8.1700,8.1800,8.1900,8.2000,222,204,89,43,271,208,456,408,758,596
SZ,002334,2017-01-03 09:52:33,8.1500,1,8150.0000,10,S,8.1500,8.1400,8.1300,8.1200,8.1100,8.1600,8.1700,8.1800,8.1900,8.2000,212,204,89,43,271,238,456,408,758,596
SZ,002334,2017-01-03 09:53:00,8.1600,4,13872.0000,17,B,8.1500,8.1400,8.1300,8.1200,8.1100,8.1600,8.1700,8.1800,8.1900,8.2000,222,204,89,43,271,230,456,408,758,627
SZ,002334,2017-01-03 09:53:18,8.1600,10,140352.0000,172,B,8.1500,8.1400,8.1300,8.1200,8.1100,8.1600,8.1700,8.1800,8.1900,8.2000,222,204,89,43,271,48,456,408,758,627
SZ,002334,2017-01-03 09:53:33,8.1600,2,8160.0000,10,B,8.1500,8.1400,8.1300,8.1200,8.1100,8.1600,8.1700,8.1800,8.1900,8.2000,236,200,89,84,271,474,456,408,758,627
SZ,002334,2017-01-03 09:53:36,8.1600,1,1632.0000,2,B,8.1500,8.1400,8.1300,8.1200,8.1100,8.1600,8.1700,8.1800,8.1900,8.2000,236,200,89,84,271,472,456,408,758,627
SZ,002334,2017-01-03 09:53:39,8.1600,4,466815.0000,572,B,8.1600,8.1500,8.1400,8.1300,8.1200,8.1700,8.1800,8.1900,8.2000,8.2100,27,136,200,89,84,456,408,758,627,104
SZ,002334,2017-01-03 09:53:48,8.1600,1,4080.0000,5,S,8.1600,8.1500,8.1400,8.1300,8.1200,8.1700,8.1800,8.1900,8.2000,8.2100,22,136,200,89,84,463,408,758,627,104
SZ,002334,2017-01-03 09:53:57,8.1700,2,9804.0000,12,B,8.1600,8.1500,8.1400,8.1300,8.1200,8.1700,8.1800,8.1900,8.2000,8.2100,22,136,200,89,84,451,408,758,627,104
SZ,002334,2017-01-03 09:54:06,8.1600,2,18605.0000,23,S,8.1500,8.1400,8.1300,8.1200,8.1100,8.1600,8.1700,8.1800,8.1900,8.2000,136,200,89,84,271,837,451,408,758,627
SZ,002334,2017-01-03 09:54:12,8.1500,1,34230.0000,42,S,8.1500,8.1400,8.1300,8.1200,8.1100,8.1600,8.1700,8.1800,8.1900,8.2000,94,200,89,77,271,837,451,408,758,627
SZ,002334,2017-01-03 09:54:18,8.1600,1,816.0000,1,B,8.1500,8.1400,8.1300,8.1200,8.1100,8.1600,8.1700,8.1800,8.1900,8.2000,94,200,89,64,271,836,444,408,758,627
SZ,002334,2017-01-03 09:54:27,8.1600,2,17135.0000,21,B,8.1500,8.1400,8.1300,8.1200,8.1100,8.1600,8.1700,8.1800,8.1900,8.2000,93,190,89,64,271,816,444,408,758,627
SZ,002334,2017-01-03 09:54:30,8.1600,1,5712.0000,7,B,8.1500,8.1400,8.1300,8.1200,8.1100,8.1600,8.1700,8.1800,8.1900,8.2000,93,190,89,64,271,809,444,408,758,627
SZ,002334,2017-01-03 09:54:33,8.1500,1,16300.0000,20,S,8.1500,8.1400,8.1300,8.1200,8.1100,8.1600,8.1700,8.1800,8.1900,8.2000,73,190,89,64,271,809,644,408,758,627
SZ,002334,2017-01-03 09:54:42,8.1500,3,24450.0000,30,S,8.1500,8.1400,8.1300,8.1200,8.1100,8.1600,8.1700,8.1800,8.1900,8.2000,55,190,89,64,271,809,644,408,758,627
SZ,002334,2017-01-03 09:54:57,8.1500,6,48900.0000,60,S,8.1400,8.1300,8.1200,8.1100,8.1000,8.1500,8.1600,8.1700,8.1800,8.1900,204,89,64,271,362,40,914,644,408,758
SZ,002334,2017-01-03 09:55:00,8.1500,1,815.0000,1,B,8.1400,8.1300,8.1200,8.1100,8.1000,8.1500,8.1600,8.1700,8.1800,8.1900,204,89,64,271,362,39,914,644,408,758
SZ,002334,2017-01-03 09:55:09,8.1500,2,35045.0000,43,B,8.1400,8.1300,8.1200,8.1100,8.1000,8.1500,8.1600,8.1700,8.1800,8.1900,204,89,64,271,362,6,914,674,408,758
SZ,002334,2017-01-03 09:55:15,8.1400,1,814.0000,1,S,8.1400,8.1300,8.1200,8.1100,8.1000,8.1500,8.1600,8.1700,8.1800,8.1900,203,89,64,271,362,59,914,674,408,758
SZ,002334,2017-01-03 09:55:36,8.1500,1,815.0000,1,B,8.1400,8.1300,8.1200,8.1100,8.1000,8.1500,8.1600,8.1700,8.1800,8.1900,203,89,64,271,362,78,914,674,408,758
SZ,002334,2017-01-03 09:55:48,8.1500,2,4890.0000,6,B,8.1400,8.1300,8.1200,8.1100,8.1000,8.1500,8.1600,8.1700,8.1800,8.1900,203,89,64,271,362,72,914,674,408,758
SZ,002334,2017-01-03 09:56:30,8.1500,1,3260.0000,4,B,8.1400,8.1300,8.1200,8.1100,8.1000,8.1500,8.1600,8.1700,8.1800,8.1900,189,89,64,271,362,88,938,654,388,758
SZ,002334,2017-01-03 09:57:03,8.1500,1,815.0000,1,B,8.1400,8.1300,8.1200,8.1100,8.1000,8.1500,8.1600,8.1700,8.1800,8.1900,189,89,81,271,362,135,945,654,352,758
SZ,002334,2017-01-03 09:57:06,8.1400,2,11400.0000,14,S,8.1400,8.1300,8.1200,8.1100,8.1000,8.1500,8.1600,8.1700,8.1800,8.1900,179,89,81,271,362,131,945,654,352,758
SZ,002334,2017-01-03 09:57:15,8.1400,1,814.0000,1,S,8.1400,8.1300,8.1200,8.1100,8.1000,8.1500,8.1600,8.1700,8.1800,8.1900,178,89,81,271,362,131,945,654,352,758
SZ,002334,2017-01-03 09:57:27,8.1400,1,814.0000,1,S,8.1400,8.1300,8.1200,8.1100,8.1000,8.1500,8.1600,8.1700,8.1800,8.1900,177,89,81,321,362,131,945,654,352,758
SZ,002334,2017-01-03 09:57:51,8.1400,1,3256.0000,4,S,8.1400,8.1300,8.1200,8.1100,8.1000,8.1500,8.1600,8.1700,8.1800,8.1900,181,89,81,321,362,151,945,654,352,554
SZ,002334,2017-01-03 09:58:00,8.1500,6,81500.0000,100,B,8.1400,8.1300,8.1200,8.1100,8.1000,8.1500,8.1600,8.1700,8.1800,8.1900,181,89,81,322,362,63,136,654,352,554
SZ,002334,2017-01-03 09:58:24,8.1500,1,4075.0000,5,B,8.1400,8.1300,8.1200,8.1100,8.1000,8.1500,8.1600,8.1700,8.1800,8.1900,188,89,78,322,362,58,163,704,352,554
SZ,002334,2017-01-03 09:58:51,8.1500,1,815.0000,1,B,8.1400,8.1300,8.1200,8.1100,8.1000,8.1500,8.1600,8.1700,8.1800,8.1900,188,89,239,322,362,67,163,704,352,554
SZ,002334,2017-01-03 09:58:57,8.1500,4,54605.0000,67,B,8.1500,8.1400,8.1300,8.1200,8.1100,8.1600,8.1700,8.1800,8.1900,8.2000,32,188,89,239,322,163,704,352,554,654
SZ,002334,2017-01-03 09:59:06,8.1500,1,4075.0000,5,S,8.1500,8.1400,8.1300,8.1200,8.1100,8.1600,8.1700,8.1800,8.1900,8.2000,27,188,143,239,322,168,704,352,555,654
SZ,002334,2017-01-03 09:59:27,8.1500,2,7335.0000,9,S,8.1500,8.1400,8.1300,8.1200,8.1100,8.1600,8.1700,8.1800,8.1900,8.2000,18,178,143,239,322,168,704,352,555,654
SZ,002334,2017-01-03 10:00:18,8.1500,3,10595.0000,13,S,8.1500,8.1400,8.1300,8.1200,8.1100,8.1600,8.1700,8.1800,8.1900,8.2000,5,178,143,239,322,173,704,355,555,875
SZ,002334,2017-01-03 10:00:39,8.1500,1,4075.0000,5,S,8.1400,8.1300,8.1200,8.1100,8.1000,8.1500,8.1600,8.1700,8.1800,8.1900,178,143,239,322,367,40,173,704,355,555
SZ,002334,2017-01-03 10:00:54,8.1500,1,8150.0000,10,B,8.1400,8.1300,8.1200,8.1100,8.1000,8.1500,8.1600,8.1700,8.1800,8.1900,178,89,239,322,367,30,173,704,355,555
SZ,002334,2017-01-03 10:01:27,8.1400,3,8954.0000,11,S,8.1400,8.1300,8.1200,8.1100,8.1000,8.1500,8.1600,8.1700,8.1800,8.1900,167,89,239,321,367,42,173,692,355,555
SZ,002334,2017-01-03 10:01:36,8.1500,1,815.0000,1,B,8.1400,8.1300,8.1200,8.1100,8.1000,8.1500,8.1600,8.1700,8.1800,8.1900,167,89,239,321,367,51,203,692,355,555
SZ,002334,2017-01-03 10:01:45,8.1500,1,12225.0000,15,B,8.1400,8.1300,8.1200,8.1100,8.1000,8.1500,8.1600,8.1700,8.1800,8.1900,167,89,239,321,367,41,209,692,355,555
SZ,002334,2017-01-03 10:02:12,8.1500,8,83953.0000,103,B,8.1500,8.1400,8.1300,8.1200,8.1100,8.1600,8.1700,8.1800,8.1900,8.2000,36,167,89,239,321,272,619,355,555,875
SZ,002334,2017-01-03 10:02:18,8.1500,2,23635.0000,29,S,8.1500,8.1400,8.1300,8.1200,8.1100,8.1600,8.1700,8.1800,8.1900,8.2000,19,167,89,239,321,272,619,355,555,862
SZ,002334,2017-01-03 10:02:30,8.1500,2,16292.0000,20,S,8.1400,8.1300,8.1200,8.1100,8.1000,8.1500,8.1600,8.1700,8.1800,8.1900,167,89,239,321,367,6,292,619,350,555
SZ,002334,2017-01-03 10:02:42,8.1500,1,4898.0000,6,B,8.1500,8.1400,8.1300,8.1200,8.1100,8.1600,8.1700,8.1800,8.1900,8.2000,93,167,89,239,321,292,619,350,555,862
SZ,002334,2017-01-03 10:02:45,8.1500,1,2445.0000,3,S,8.1500,8.1400,8.1300,8.1200,8.1100,8.1600,8.1700,8.1800,8.1900,8.2000,90,167,89,239,321,292,619,350,555,862
SZ,002334,2017-01-03 10:03:03,8.1500,3,75787.0000,93,S,8.1400,8.1300,8.1200,8.1100,8.1000,8.1500,8.1600,8.1700,8.1800,8.1900,167,89,239,321,367,17,292,619,350,555
SZ,002334,2017-01-03 10:03:15,8.1400,1,814.0000,1,S,8.1400,8.1300,8.1200,8.1100,8.1000,8.1500,8.1600,8.1700,8.1800,8.1900,166,89,239,321,337,17,292,619,355,555
SZ,002334,2017-01-03 10:03:39,8.1500,4,135140.0000,166,B,8.1400,8.1300,8.1200,8.1100,8.1000,8.1500,8.1600,8.1700,8.1800,8.1900,16,89,239,372,337,5,292,619,355,555
SZ,002334,2017-01-03 10:03:48,8.1400,4,13024.0000,16,S,8.1300,8.1200,8.1100,8.1000,8.0900,8.1400,8.1500,8.1600,8.1700,8.1800,89,239,372,337,133,34,5,292,619,355
SZ,002334,2017-01-03 10:04:06,8.1300,1,813.0000,1,S,8.1300,8.1200,8.1100,8.1000,8.0900,8.1400,8.1500,8.1600,8.1700,8.1800,88,239,372,337,133,144,5,292,619,355
SZ,002334,2017-01-03 10:04:27,8.1300,1,3252.0000,4,S,8.1300,8.1200,8.1100,8.1000,8.0900,8.1400,8.1500,8.1600,8.1700,8.1800,84,239,372,453,133,144,4,292,619,355
SZ,002334,2017-01-03 10:04:30,8.1300,1,813.0000,1,S,8.1300,8.1200,8.1100,8.1000,8.0900,8.1400,8.1500,8.1600,8.1700,8.1800,83,239,372,453,133,144,4,292,619,355
SZ,002334,2017-01-03 10:04:45,8.1400,3,81400.0000,100,B,8.1300,8.1200,8.1100,8.1000,8.0900,8.1400,8.1500,8.1600,8.1700,8.1800,83,269,372,453,145,44,4,292,619,355
SZ,002334,2017-01-03 10:05:09,8.1300,1,4065.0000,5,S,8.1300,8.1200,8.1100,8.1000,8.0900,8.1400,8.1500,8.1600,8.1700,8.1800,94,272,372,473,145,44,4,292,569,355
SZ,002334,2017-01-03 10:05:18,8.1300,1,813.0000,1,S,8.1300,8.1200,8.1100,8.1000,8.0900,8.1400,8.1500,8.1600,8.1700,8.1800,93,272,372,473,145,44,4,292,569,355
SZ,002334,2017-01-03 10:05:24,8.1400,1,29304.0000,36,B,8.1300,8.1200,8.1100,8.1000,8.0900,8.1400,8.1500,8.1600,8.1700,8.1800,93,272,372,473,145,8,4,502,569,355
SZ,002334,2017-01-03 10:05:27,8.1300,1,44715.0000,55,S,8.1300,8.1200,8.1100,8.1000,8.0900,8.1400,8.1500,8.1600,8.1700,8.1800,38,272,372,473,145,8,4,502,569,355
SZ,002334,2017-01-03 10:05:36,8.1400,1,1628.0000,2,B,8.1300,8.1200,8.1100,8.1000,8.0900,8.1400,8.1500,8.1600,8.1700,8.1800,38,272,372,483,145,6,4,502,569,355
SZ,002334,2017-01-03 10:06:30,8.1300,1,813.0000,1,S,8.1300,8.1200,8.1100,8.1000,8.0900,8.1400,8.1500,8.1600,8.1700,8.1800,39,282,372,498,145,10,60,495,569,355
SZ,002334,2017-01-03 10:06:36,8.1400,1,814.0000,1,B,8.1300,8.1200,8.1100,8.1000,8.0900,8.1400,8.1500,8.1600,8.1700,8.1800,39,282,372,498,145,9,60,495,569,355
SZ,002334,2017-01-03 10:07:03,8.1400,2,7326.0000,9,B,8.1400,8.1300,8.1200,8.1100,8.1000,8.1500,8.1600,8.1700,8.1800,8.1900,1,121,282,372,518,65,495,569,355,555
SZ,002334,2017-01-03 10:07:09,8.1300,2,6505.0000,8,S,8.1300,8.1200,8.1100,8.1000,8.0900,8.1500,8.1600,8.1700,8.1800,8.1900,114,282,372,518,145,65,509,569,535,555
SZ,002334,2017-01-03 10:08:15,8.1300,2,4065.0000,5,S,8.1300,8.1200,8.1100,8.1000,8.0900,8.1500,8.1600,8.1700,8.1800,8.1900,99,274,372,528,145,65,504,569,535,555
SZ,002334,2017-01-03 10:08:18,8.1300,1,813.0000,1,S,8.1300,8.1200,8.1100,8.1000,8.0900,8.1500,8.1600,8.1700,8.1800,8.1900,98,274,372,528,145,65,504,569,535,555
SZ,002334,2017-01-03 10:08:21,8.1300,1,4065.0000,5,S,8.1300,8.1200,8.1100,8.1000,8.0900,8.1500,8.1600,8.1700,8.1800,8.1900,93,274,372,528,145,65,504,569,535,555
SZ,002334,2017-01-03 10:08:30,8.1300,1,813.0000,1,S,8.1300,8.1200,8.1100,8.1000,8.0900,8.1500,8.1600,8.1700,8.1800,8.1900,92,274,372,528,145,65,504,569,535,555
SZ,002334,2017-01-03 10:08:36,8.1300,6,40650.0000,50,S,8.1300,8.1200,8.1100,8.1000,8.0900,8.1500,8.1600,8.1700,8.1800,8.1900,42,274,372,528,145,65,504,569,535,555
SZ,002334,2017-01-03 10:09:27,8.1500,3,10595.0000,13,B,8.1300,8.1200,8.1100,8.1000,8.0900,8.1500,8.1600,8.1700,8.1800,8.1900,133,274,372,528,151,192,504,569,535,555
SZ,002334,2017-01-03 10:09:54,8.1500,4,36675.0000,45,B,8.1400,8.1300,8.1200,8.1100,8.1000,8.1500,8.1600,8.1700,8.1800,8.1900,301,136,304,372,528,163,504,569,535,555
SZ,002334,2017-01-03 10:10:00,8.1500,3,8150.0000,10,B,8.1400,8.1300,8.1200,8.1100,8.1000,8.1500,8.1600,8.1700,8.1800,8.1900,301,136,304,372,528,13,504,569,535,555
SZ,002334,2017-01-03 10:10:03,8.1500,1,10603.0000,13,B,8.1500,8.1400,8.1300,8.1200,8.1100,8.1600,8.1700,8.1800,8.1900,8.2000,86,301,136,304,372,504,569,535,555,880
SZ,002334,2017-01-03 10:10:06,8.1500,1,815.0000,1,S,8.1500,8.1400,8.1300,8.1200,8.1100,8.1600,8.1700,8.1800,8.1900,8.2000,85,301,136,304,372,504,569,535,555,880
SZ,002334,2017-01-03 10:10:30,8.1500,1,2445.0000,3,S,8.1500,8.1400,8.1300,8.1200,8.1100,8.1600,8.1700,8.1800,8.1900,8.2000,182,301,126,304,372,504,569,535,555,881
SZ,002334,2017-01-03 10:10:33,8.1500,1,4075.0000,5,S,8.1500,8.1400,8.1300,8.1200,8.1100,8.1600,8.1700,8.1800,8.1900,8.2000,177,301,126,304,372,504,569,535,555,881
SZ,002334,2017-01-03 10:10:36,8.1400,3,390076.0000,479,S,8.1300,8.1200,8.1100,8.1000,8.0900,8.1400,8.1600,8.1700,8.1800,8.1900,126,304,372,528,151,521,504,569,535,555
SZ,002334,2017-01-03 10:10:51,8.1400,1,424102.0000,521,B,8.1400,8.1300,8.1200,8.1100,8.1000,8.1600,8.1700,8.1800,8.1900,8.2000,88,126,304,372,528,504,569,535,555,881
SZ,002334,2017-01-03 10:11:15,8.1600,1,816.0000,1,B,8.1400,8.1300,8.1200,8.1100,8.1000,8.1600,8.1700,8.1800,8.1900,8.2000,88,181,304,372,528,513,569,535,555,881
SZ,002334,2017-01-03 10:11:18,8.1400,1,814.0000,1,S,8.1400,8.1300,8.1200,8.1100,8.1000,8.1600,8.1700,8.1800,8.1900,8.2000,87,181,304,372,528,513,569,535,555,881
SZ,002334,2017-01-03 10:11:30,8.1400,1,814.0000,1,S,8.1400,8.1300,8.1200,8.1100,8.1000,8.1500,8.1600,8.1700,8.1800,8.1900,87,181,304,372,538,35,513,569,575,555
SZ,002334,2017-01-03 10:12:03,8.1400,1,11396.0000,14,S,8.1400,8.1300,8.1200,8.1100,8.1000,8.1500,8.1600,8.1700,8.1800,8.1900,73,181,306,372,538,163,524,569,575,555
SZ,002334,2017-01-03 10:12:09,8.1400,5,110015.0000,135,S,8.1400,8.1300,8.1200,8.1100,8.1000,8.1500,8.1600,8.1700,8.1800,8.1900,63,181,306,372,538,38,524,569,575,555
SZ,002334,2017-01-03 10:12:27,8.1400,1,814.0000,1,S,8.1400,8.1300,8.1200,8.1100,8.1000,8.1500,8.1600,8.1700,8.1800,8.1900,62,181,306,388,538,38,626,569,575,496
SZ,002334,2017-01-03 10:12:48,8.1400,1,814.0000,1,S,8.1400,8.1300,8.1200,8.1100,8.1000,8.1500,8.1600,8.1700,8.1800,8.1900,82,181,306,388,538,38,626,569,575,496
SZ,002334,2017-01-03 10:13:12,8.1500,7,76512.0000,94,B,8.1300,8.1200,8.1100,8.1000,8.0900,8.1500,8.1600,8.1700,8.1800,8.1900,181,306,388,538,151,64,640,569,575,496
SZ,002334,2017-01-03 10:13:18,8.1300,1,813.0000,1,S,8.1300,8.1200,8.1100,8.1000,8.0900,8.1500,8.1600,8.1700,8.1800,8.1900,180,306,388,538,151,64,640,569,575,496
SZ,002334,2017-01-03 10:13:21,8.1500,1,25265.0000,31,B,8.1300,8.1200,8.1100,8.1000,8.0900,8.1500,8.1600,8.1700,8.1800,8.1900,180,306,388,538,151,33,640,569,575,496
SZ,002334,2017-01-03 10:13:24,8.1300,4,14057.0000,17,S,8.1300,8.1200,8.1100,8.1000,8.0900,8.1500,8.1600,8.1700,8.1800,8.1900,162,306,388,538,151,33,640,569,575,496
SZ,002334,2017-01-03 10:13:33,8.1300,1,813.0000,1,S,8.1300,8.1200,8.1100,8.1000,8.0900,8.1500,8.1600,8.1700,8.1800,8.1900,161,306,388,538,151,33,640,569,575,496
SZ,002334,2017-01-03 10:13:54,8.1500,4,26903.0000,33,B,8.1500,8.1300,8.1200,8.1100,8.1000,8.1600,8.1700,8.1800,8.1900,8.2000,44,201,306,388,538,640,569,575,496,883
SZ,002334,2017-01-03 10:14:03,8.1500,2,34311.0000,42,S,8.1500,8.1300,8.1200,8.1100,8.1000,8.1600,8.1700,8.1800,8.1900,8.2000,2,201,306,388,538,640,569,575,496,883
SZ,002334,2017-01-03 10:14:06,8.1500,2,3171.0000,4,S,8.1300,8.1200,8.1100,8.1000,8.0900,8.1500,8.1600,8.1700,8.1800,8.1900,201,306,388,538,151,166,640,569,575,496
SZ,002334,2017-01-03 10:14:48,8.1400,1,814.0000,1,S,8.1400,8.1300,8.1200,8.1100,8.1000,8.1500,8.1600,8.1700,8.1800,8.1900,9,331,306,372,538,186,667,587,575,469
SZ,002334,2017-01-03 10:14:51,8.1500,1,815.0000,1,B,8.1400,8.1300,8.1200,8.1100,8.1000,8.1500,8.1600,8.1700,8.1800,8.1900,9,331,306,372,538,185,667,587,575,469
SZ,002334,2017-01-03 10:14:57,8.1500,1,13040.0000,16,B,8.1400,8.1300,8.1200,8.1100,8.1000,8.1500,8.1600,8.1700,8.1800,8.1900,9,331,306,372,538,169,667,587,575,469
SZ,002334,2017-01-03 10:15:12,8.1400,1,1628.0000,2,S,8.1400,8.1300,8.1200,8.1100,8.1000,8.1500,8.1600,8.1700,8.1800,8.1900,7,331,306,372,538,169,667,587,575,469
SZ,002334,2017-01-03 10:15:33,8.1400,2,1628.0000,2,S,8.1400,8.1300,8.1200,8.1100,8.1000,8.1500,8.1600,8.1700,8.1800,8.1900,5,331,306,372,538,169,667,587,575,469
SZ,002334,2017-01-03 10:15:45,8.1500,1,3260.0000,4,B,8.1400,8.1300,8.1200,8.1100,8.1000,8.1500,8.1600,8.1700,8.1800,8.1900,5,331,306,372,538,165,667,587,575,469
SZ,002334,2017-01-03 10:16:21,8.1400,2,4070.0000,5,S,8.1400,8.1300,8.1200,8.1100,8.1000,8.1500,8.1600,8.1700,8.1800,8.1900,10,331,306,372,538,165,685,622,575,469
SZ,002334,2017-01-03 10:16:48,8.1400,1,814.0000,1,S,8.1400,8.1300,8.1200,8.1100,8.1000,8.1500,8.1600,8.1700,8.1800,8.1900,9,392,306,372,538,165,685,622,575,469
SZ,002334,2017-01-03 10:17:21,8.1400,1,1628.0000,2,S,8.1400,8.1300,8.1200,8.1100,8.1000,8.1500,8.1600,8.1700,8.1800,8.1900,7,394,306,372,538,185,720,622,580,469
SZ,002334,2017-01-03 10:17:27,8.1500,1,16300.0000,20,B,8.1400,8.1300,8.1200,8.1100,8.1000,8.1500,8.1600,8.1700,8.1800,8.1900,7,394,306,372,538,165,720,622,580,469
SZ,002334,2017-01-03 10:17:51,8.1400,1,3256.0000,4,S,8.1400,8.1300,8.1200,8.1100,8.1000,8.1500,8.1600,8.1700,8.1800,8.1900,3,394,306,372,552,175,720,622,580,469
SZ,002334,2017-01-03 10:17:54,8.1400,1,1628.0000,2,S,8.1400,8.1300,8.1200,8.1100,8.1000,8.1500,8.1600,8.1700,8.1800,8.1900,1,392,306,372,552,215,720,622,580,469
SZ,002334,2017-01-03 10:18:21,8.1400,5,27676.0000,34,S,8.1400,8.1300,8.1200,8.1100,8.1000,8.1500,8.1600,8.1700,8.1800,8.1900,160,392,306,372,552,215,720,622,580,469
SZ,002334,2017-01-03 10:18:33,8.1400,1,814.0000,1,S,8.1400,8.1300,8.1200,8.1100,8.1000,8.1500,8.1600,8.1700,8.1800,8.1900,161,392,306,372,552,215,720,622,580,469
SZ,002334,2017-01-03 10:18:54,8.1400,1,4884.0000,6,S,8.1400,8.1300,8.1200,8.1100,8.1000,8.1500,8.1600,8.1700,8.1800,8.1900,155,392,306,372,552,215,720,622,580,469
SZ,002334,2017-01-03 10:19:21,8.1400,1,814.0000,1,S,8.1400,8.1300,8.1200,8.1100,8.1000,8.1500,8.1600,8.1700,8.1800,8.1900,171,392,306,372,552,215,720,622,580,469
SZ,002334,2017-01-03 10:19:54,8.1400,4,139194.0000,171,S,8.1300,8.1200,8.1100,8.1000,8.0900,8.1400,8.1500,8.1600,8.1700,8.1800,392,306,372,552,151,133,215,720,622,580
SZ,002334,2017-01-03 10:20:27,8.1400,1,16280.0000,20,B,8.1300,8.1200,8.1100,8.1000,8.0900,8.1400,8.1500,8.1600,8.1700,8.1800,392,306,372,572,151,237,215,709,622,580
SZ,002334,2017-01-03 10:20:33,8.1400,3,44769.0000,55,B,8.1300,8.1200,8.1100,8.1000,8.0900,8.1400,8.1500,8.1600,8.1700,8.1800,381,306,372,572,151,183,215,709,622,580
SZ,002334,2017-01-03 10:20:42,8.1400,1,1628.0000,2,B,8.1300,8.1200,8.1100,8.1000,8.0900,8.1400,8.1500,8.1600,8.1700,8.1800,381,306,372,572,151,181,215,709,622,580
SZ,002334,2017-01-03 10:21:03,8.1400,1,814.0000,1,B,8.1300,8.1200,8.1100,8.1000,8.0900,8.1400,8.1500,8.1600,8.1700,8.1800,381,306,372,572,151,202,215,503,622,430
SZ,002334,2017-01-03 10:21:21,8.1300,1,813.0000,1,S,8.1300,8.1200,8.1100,8.1000,8.0900,8.1400,8.1500,8.1600,8.1700,8.1800,380,306,372,572,151,202,215,503,622,430
SZ,002334,2017-01-03 10:22:30,8.1300,5,60162.0000,74,S,8.1300,8.1200,8.1100,8.1000,8.0900,8.1400,8.1500,8.1600,8.1700,8.1800,306,306,372,572,151,215,215,603,604,430
SZ,002334,2017-01-03 10:22:39,8.1400,3,162800.0000,200,B,8.1300,8.1200,8.1100,8.1000,8.0900,8.1400,8.1500,8.1600,8.1700,8.1800,306,153,372,572,151,15,215,614,604,430
SZ,002334,2017-01-03 10:23:12,8.1400,2,2442.0000,3,B,8.1300,8.1200,8.1100,8.1000,8.0900,8.1400,8.1500,8.1600,8.1700,8.1800,306,153,372,572,151,82,215,614,604,430
SZ,002334,2017-01-03 10:23:24,8.1400,5,67008.0000,83,B,8.1400,8.1300,8.1200,8.1100,8.1000,8.1500,8.1600,8.1700,8.1800,8.1900,37,306,150,372,572,215,614,604,430,369
SZ,002334,2017-01-03 10:23:30,8.1400,1,4070.0000,5,S,8.1400,8.1300,8.1200,8.1100,8.1000,8.1500,8.1600,8.1700,8.1800,8.1900,32,306,150,372,572,215,614,604,430,369
SZ,002334,2017-01-03 10:23:36,8.1400,1,814.0000,1,S,8.1400,8.1300,8.1200,8.1100,8.1000,8.1500,8.1600,8.1700,8.1800,8.1900,31,306,150,372,572,215,614,604,430,369
SZ,002334,2017-01-03 10:24:18,8.1400,1,22792.0000,28,S,8.1400,8.1300,8.1200,8.1100,8.1000,8.1500,8.1600,8.1700,8.1800,8.1900,33,301,150,372,562,215,614,604,430,369
SZ,002334,2017-01-03 10:24:21,8.1400,1,814.0000,1,S,8.1400,8.1300,8.1200,8.1100,8.1000,8.1500,8.1600,8.1700,8.1800,8.1900,32,301,150,372,562,215,614,604,430,369
SZ,002334,2017-01-03 10:25:06,8.1400,2,13024.0000,16,S,8.1400,8.1300,8.1200,8.1100,8.1000,8.1500,8.1600,8.1700,8.1800,8.1900,71,301,150,372,562,215,614,604,430,369
SZ,002334,2017-01-03 10:25:12,8.1400,1,8140.0000,10,S,8.1400,8.1300,8.1200,8.1100,8.1000,8.1500,8.1600,8.1700,8.1800,8.1900,61,301,150,372,562,215,614,604,430,369
SZ,002334,2017-01-03 10:25:36,8.1400,1,814.0000,1,S,8.1400,8.1300,8.1200,8.1100,8.1000,8.1500,8.1600,8.1700,8.1800,8.1900,60,271,150,372,562,215,614,604,430,369
SZ,002334,2017-01-03 10:26:30,8.1400,1,2442.0000,3,S,8.1400,8.1300,8.1200,8.1100,8.1000,8.1500,8.1600,8.1700,8.1800,8.1900,62,271,175,402,562,221,596,604,440,369
SZ,002334,2017-01-03 10:27:24,8.1400,1,814.0000,1,S,8.1400,8.1300,8.1200,8.1100,8.1000,8.1500,8.1600,8.1700,8.1800,8.1900,69,271,213,402,562,119,596,604,440,369
SZ,002334,2017-01-03 10:27:36,8.1300,6,57533.0000,70,S,8.1300,8.1200,8.1100,8.1000,8.0900,8.1400,8.1500,8.1600,8.1700,8.1800,270,213,402,562,151,50,213,596,604,440
SZ,002334,2017-01-03 10:27:51,8.1400,1,24420.0000,30,B,8.1300,8.1200,8.1100,8.1000,8.0900,8.1400,8.1500,8.1600,8.1700,8.1800,270,213,402,562,151,20,193,596,604,440
SZ,002334,2017-01-03 10:28:00,8.1400,1,1628.0000,2,B,8.1300,8.1200,8.1100,8.1000,8.0900,8.1400,8.1500,8.1600,8.1700,8.1800,270,213,402,562,151,18,193,596,604,440
SZ,002334,2017-01-03 10:28:06,8.1400,2,9768.0000,12,B,8.1300,8.1200,8.1100,8.1000,8.0900,8.1400,8.1500,8.1600,8.1700,8.1800,270,213,402,562,156,6,193,596,604,440
SZ,002334,2017-01-03 10:28:09,8.1300,1,16260.0000,20,S,8.1300,8.1200,8.1100,8.1000,8.0900,8.1400,8.1500,8.1600,8.1700,8.1800,250,213,402,562,156,6,193,596,593,440
SZ,002334,2017-01-03 10:28:24,8.1400,1,4884.0000,6,B,8.1300,8.1200,8.1100,8.1000,8.0900,8.1400,8.1500,8.1600,8.1700,8.1800,250,213,402,562,156,0,193,596,543,440
SZ,002334,2017-01-03 10:28:42,8.1400,1,260.0000,1,B,8.1400,8.1300,8.1200,8.1100,8.1000,8.1500,8.1600,8.1700,8.1800,8.1900,10,250,213,402,562,193,596,543,440,369
SZ,002334,2017-01-03 10:28:45,8.1400,1,2442.0000,3,S,8.1400,8.1300,8.1200,8.1100,8.1000,8.1500,8.1600,8.1700,8.1800,8.1900,7,250,213,402,562,193,596,543,440,369
SZ,002334,2017-01-03 10:29:24,8.1400,1,814.0000,1,S,8.1400,8.1300,8.1200,8.1100,8.1000,8.1500,8.1600,8.1700,8.1800,8.1900,9,250,213,402,562,200,596,543,440,369
SZ,002334,2017-01-03 10:29:36,8.1500,1,815.0000,1,B,8.1400,8.1300,8.1200,8.1100,8.1000,8.1500,8.1600,8.1700,8.1800,8.1900,29,250,213,402,562,199,596,543,440,369
SZ,002334,2017-01-03 10:30:12,8.1400,2,4070.0000,5,S,8.1400,8.1300,8.1200,8.1100,8.1000,8.1500,8.1600,8.1700,8.1800,8.1900,74,250,183,402,562,199,496,543,440,369
SZ,002334,2017-01-03 10:30:24,8.1500,1,2445.0000,3,B,8.1400,8.1300,8.1200,8.1100,8.1000,8.1500,8.1600,8.1700,8.1800,8.1900,74,250,183,402,561,196,496,543,440,369
SZ,002334,2017-01-03 10:30:36,8.1400,1,814.0000,1,S,8.1400,8.1300,8.1200,8.1100,8.1000,8.1500,8.1600,8.1700,8.1800,8.1900,103,250,183,402,561,196,496,543,440,369
SZ,002334,2017-01-03 10:30:42,8.1500,2,6520.0000,8,B,8.1400,8.1300,8.1200,8.1100,8.1000,8.1500,8.1600,8.1700,8.1800,8.1900,103,250,183,402,561,188,496,543,440,369
SZ,002334,2017-01-03 10:31:18,8.1500,1,1630.0000,2,B,8.1400,8.1300,8.1200,8.1100,8.1000,8.1500,8.1600,8.1700,8.1800,8.1900,131,250,183,402,561,268,496,543,440,369
SZ,002334,2017-01-03 10:31:54,8.1500,6,218510.0000,268,B,8.1500,8.1400,8.1300,8.1200,8.1100,8.1600,8.1700,8.1800,8.1900,8.2000,31,146,250,183,402,514,543,410,369,879
SZ,002334,2017-01-03 10:32:12,8.1600,1,4080.0000,5,B,8.1500,8.1400,8.1300,8.1200,8.1100,8.1600,8.1700,8.1800,8.1900,8.2000,39,154,250,183,402,509,557,410,369,879
SZ,002334,2017-01-03 10:32:18,8.1500,2,32510.0000,40,S,8.1400,8.1300,8.1200,8.1100,8.1000,8.1500,8.1600,8.1700,8.1800,8.1900,204,250,183,402,608,260,509,557,410,369
SZ,002334,2017-01-03 10:32:24,8.1400,2,814.0000,1,S,8.1400,8.1300,8.1200,8.1100,8.1000,8.1500,8.1600,8.1700,8.1800,8.1900,203,250,183,402,608,320,509,557,410,369
SZ,002334,2017-01-03 10:32:36,8.1400,1,814.0000,1,S,8.1400,8.1300,8.1200,8.1100,8.1000,8.1500,8.1600,8.1700,8.1800,8.1900,202,250,183,402,608,320,509,557,410,369
SZ,002334,2017-01-03 10:32:45,8.1500,1,815.0000,1,B,8.1400,8.1300,8.1200,8.1100,8.1000,8.1500,8.1600,8.1700,8.1800,8.1900,202,250,183,402,608,351,509,557,410,369
SZ,002334,2017-01-03 10:33:18,8.1500,1,4075.0000,5,B,8.1400,8.1300,8.1200,8.1100,8.1000,8.1500,8.1600,8.1700,8.1800,8.1900,212,250,283,402,608,346,519,557,410,369
SZ,002334,2017-01-03 10:33:51,8.1500,1,8150.0000,10,B,8.1400,8.1300,8.1200,8.1100,8.1000,8.1500,8.1600,8.1700,8.1800,8.1900,207,260,283,402,608,336,519,557,370,369
SZ,002334,2017-01-03 10:33:57,8.1500,2,244500.0000,300,B,8.1400,8.1300,8.1200,8.1100,8.1000,8.1500,8.1600,8.1700,8.1800,8.1900,207,260,283,402,608,36,519,557,370,369
SZ,002334,2017-01-03 10:34:00,8.1500,3,16300.0000,20,B,8.1400,8.1300,8.1200,8.1100,8.1000,8.1500,8.1600,8.1700,8.1800,8.1900,237,260,283,402,608,16,519,557,370,369
SZ,002334,2017-01-03 10:34:18,8.1400,2,4070.0000,5,S,8.1400,8.1300,8.1200,8.1100,8.1000,8.1500,8.1600,8.1700,8.1800,8.1900,232,260,283,402,608,84,519,557,370,369
SZ,002334,2017-01-03 10:34:24,8.1400,1,814.0000,1,S,8.1400,8.1300,8.1200,8.1100,8.1000,8.1500,8.1600,8.1700,8.1800,8.1900,231,260,283,402,608,84,519,557,370,369
SZ,002334,2017-01-03 10:34:27,8.1500,4,57796.0000,71,B,8.1400,8.1300,8.1200,8.1100,8.1000,8.1500,8.1600,8.1700,8.1800,8.1900,162,260,283,402,608,82,519,557,370,369
SZ,002334,2017-01-03 10:34:36,8.1500,4,67735.0000,83,B,8.1500,8.1400,8.1300,8.1200,8.1100,8.1600,8.1700,8.1800,8.1900,8.2000,116,162,260,283,402,519,557,370,369,859
SZ,002334,2017-01-03 10:34:48,8.1500,1,24450.0000,30,S,8.1500,8.1400,8.1300,8.1200,8.1100,8.1600,8.1700,8.1800,8.1900,8.2000,86,162,260,283,402,519,557,370,369,859
SZ,002334,2017-01-03 10:35:15,8.1500,2,17115.0000,21,S,8.1500,8.1400,8.1300,8.1200,8.1100,8.1600,8.1700,8.1800,8.1900,8.2000,65,162,260,283,402,519,557,370,369,859
SZ,002334,2017-01-03 10:35:21,8.1500,1,4075.0000,5,S,8.1500,8.1400,8.1300,8.1200,8.1100,8.1600,8.1700,8.1800,8.1900,8.2000,60,162,260,283,402,519,458,370,369,859
SZ,002334,2017-01-03 10:35:39,8.1500,1,8150.0000,10,S,8.1500,8.1400,8.1300,8.1200,8.1100,8.1600,8.1700,8.1800,8.1900,8.2000,50,162,260,283,402,519,458,370,369,859
SZ,002334,2017-01-03 10:35:51,8.1500,2,79780.0000,98,S,8.1400,8.1300,8.1200,8.1100,8.1000,8.1500,8.1600,8.1700,8.1800,8.1900,162,260,283,402,608,21,519,458,370,369
SZ,002334,2017-01-03 10:36:45,8.1400,6,81400.0000,100,S,8.1400,8.1300,8.1200,8.1100,8.1000,8.1500,8.1600,8.1700,8.1800,8.1900,57,270,283,402,608,64,569,458,370,369
SZ,002334,2017-01-03 10:36:48,8.1500,5,39935.0000,49,B,8.1400,8.1300,8.1200,8.1100,8.1000,8.1500,8.1600,8.1700,8.1800,8.1900,57,270,283,402,608,15,569,458,370,369
SZ,002334,2017-01-03 10:37:24,8.1400,1,814.0000,1,S,8.1400,8.1300,8.1200,8.1100,8.1000,8.1500,8.1600,8.1700,8.1800,8.1900,56,270,293,402,608,172,569,458,350,369
SZ,002334,2017-01-03 10:37:39,8.1400,1,814.0000,1,S,8.1400,8.1300,8.1200,8.1100,8.1000,8.1500,8.1600,8.1700,8.1800,8.1900,55,270,293,402,608,172,569,458,350,369
SZ,002334,2017-01-03 10:38:39,8.1400,4,32560.0000,40,S,8.1400,8.1300,8.1200,8.1100,8.1000,8.1500,8.1600,8.1700,8.1800,8.1900,179,220,293,402,608,459,569,458,350,369
SZ,002334,2017-01-03 10:38:51,8.1400,1,2442.0000,3,S,8.1400,8.1300,8.1200,8.1100,8.1000,8.1500,8.1600,8.1700,8.1800,8.1900,181,220,293,402,608,483,569,458,350,369
SZ,002334,2017-01-03 10:38:57,8.1400,1,814.0000,1,S,8.1400,8.1300,8.1200,8.1100,8.1000,8.1500,8.1600,8.1700,8.1800,8.1900,180,220,293,402,608,483,539,458,350,369
SZ,002334,2017-01-03 10:39:21,8.1400,1,8954.0000,11,S,8.1400,8.1300,8.1200,8.1100,8.1000,8.1500,8.1600,8.1700,8.1800,8.1900,180,220,293,402,608,486,539,458,350,369
SZ,002334,2017-01-03 10:39:39,8.1400,2,814.0000,1,S,8.1400,8.1300,8.1200,8.1100,8.1000,8.1500,8.1600,8.1700,8.1800,8.1900,191,220,293,402,608,486,539,458,350,369
SZ,002334,2017-01-03 10:39:45,8.1500,2,4075.0000,5,B,8.1400,8.1300,8.1200,8.1100,8.1000,8.1500,8.1600,8.1700,8.1800,8.1900,191,220,293,402,608,481,539,458,350,369
SZ,002334,2017-01-03 10:40:09,8.1500,1,40750.0000,50,B,8.1400,8.1300,8.1200,8.1100,8.1000,8.1500,8.1600,8.1700,8.1800,8.1900,191,220,299,402,608,431,539,458,350,369
SZ,002334,2017-01-03 10:40:27,8.1400,1,814.0000,1,S,8.1400,8.1300,8.1200,8.1100,8.1000,8.1500,8.1600,8.1700,8.1800,8.1900,286,220,299,402,608,433,539,458,350,372
SZ,002334,2017-01-03 10:40:48,8.1400,1,5698.0000,7,S,8.1400,8.1300,8.1200,8.1100,8.1000,8.1500,8.1600,8.1700,8.1800,8.1900,293,220,299,402,608,490,539,458,350,372
SZ,002334,2017-01-03 10:41:39,8.1400,1,814.0000,1,S,8.1400,8.1300,8.1200,8.1100,8.1000,8.1500,8.1600,8.1700,8.1800,8.1900,332,220,299,402,608,490,539,458,350,372
SZ,002334,2017-01-03 10:42:18,8.1400,1,3256.0000,4,S,8.1400,8.1300,8.1200,8.1100,8.1000,8.1500,8.1600,8.1700,8.1800,8.1900,359,225,299,402,608,490,556,458,350,372
SZ,002334,2017-01-03 10:42:27,8.1400,1,814.0000,1,S,8.1400,8.1300,8.1200,8.1100,8.1000,8.1500,8.1600,8.1700,8.1800,8.1900,358,225,299,402,608,490,556,458,350,372
SZ,002334,2017-01-03 10:42:30,8.1500,1,4075.0000,5,B,8.1400,8.1300,8.1200,8.1100,8.1000,8.1500,8.1600,8.1700,8.1800,8.1900,358,225,299,402,608,485,556,458,350,372
SZ,002334,2017-01-03 10:42:54,8.1500,1,4890.0000,6,B,8.1400,8.1300,8.1200,8.1100,8.1000,8.1500,8.1600,8.1700,8.1800,8.1900,358,225,312,402,608,479,556,458,350,372
SZ,002334,2017-01-03 10:43:03,8.1400,1,1628.0000,2,S,8.1400,8.1300,8.1200,8.1100,8.1000,8.1500,8.1600,8.1700,8.1800,8.1900,452,225,312,402,608,479,556,458,350,372
SZ,002334,2017-01-03 10:43:18,8.1400,2,8146.0000,10,S,8.1400,8.1300,8.1200,8.1100,8.1000,8.1500,8.1600,8.1700,8.1800,8.1900,448,225,312,402,608,473,556,458,350,372
SZ,002334,2017-01-03 10:43:42,8.1500,4,330890.0000,406,B,8.1400,8.1300,8.1200,8.1100,8.1000,8.1500,8.1600,8.1700,8.1800,8.1900,448,225,312,402,608,87,556,458,350,372
SZ,002334,2017-01-03 10:44:03,8.1500,4,18745.0000,23,B,8.1400,8.1300,8.1200,8.1100,8.1000,8.1500,8.1600,8.1700,8.1800,8.1900,420,225,312,402,608,64,556,458,350,372
SZ,002334,2017-01-03 10:44:39,8.1400,1,814.0000,1,S,8.1400,8.1300,8.1200,8.1100,8.1000,8.1500,8.1600,8.1700,8.1800,8.1900,419,230,307,402,608,91,556,458,350,372
SZ,002334,2017-01-03 10:45:21,8.1400,2,81400.0000,100,S,8.1400,8.1300,8.1200,8.1100,8.1000,8.1500,8.1600,8.1700,8.1800,8.1900,330,230,307,404,608,111,636,458,350,372
SZ,002334,2017-01-03 10:45:27,8.1400,1,814.0000,1,S,8.1400,8.1300,8.1200,8.1100,8.1000,8.1500,8.1600,8.1700,8.1800,8.1900,329,230,307,404,608,131,636,458,350,372
SZ,002334,2017-01-03 10:46:27,8.1500,1,16300.0000,20,B,8.1400,8.1300,8.1200,8.1100,8.1000,8.1500,8.1600,8.1700,8.1800,8.1900,839,232,307,402,608,111,636,458,350,372
SZ,002334,2017-01-03 10:46:30,8.1400,1,3256.0000,4,S,8.1400,8.1300,8.1200,8.1100,8.1000,8.1500,8.1600,8.1700,8.1800,8.1900,835,232,307,402,608,111,636,458,350,372
SZ,002334,2017-01-03 10:46:33,8.1500,2,4075.0000,5,B,8.1400,8.1300,8.1200,8.1100,8.1000,8.1500,8.1600,8.1700,8.1800,8.1900,835,232,307,402,608,106,636,458,350,372
SZ,002334,2017-01-03 10:46:39,8.1500,2,8964.0000,11,B,8.1400,8.1300,8.1200,8.1100,8.1000,8.1500,8.1600,8.1700,8.1800,8.1900,834,232,307,402,608,96,636,458,350,372
SZ,002334,2017-01-03 10:47:36,8.1500,2,16300.0000,20,B,8.1400,8.1300,8.1200,8.1100,8.1000,8.1500,8.1600,8.1700,8.1800,8.1900,834,232,307,402,645,101,636,458,350,372
SZ,002334,2017-01-03 10:47:39,8.1400,4,122100.0000,150,S,8.1400,8.1300,8.1200,8.1100,8.1000,8.1500,8.1600,8.1700,8.1800,8.1900,684,232,307,402,645,101,636,458,350,372
SZ,002334,2017-01-03 10:48:27,8.1400,1,814.0000,1,S,8.1400,8.1300,8.1200,8.1100,8.1000,8.1500,8.1600,8.1700,8.1800,8.1900,710,242,312,402,645,88,636,458,350,372
SZ,002334,2017-01-03 10:48:33,8.1400,1,4070.0000,5,S,8.1400,8.1300,8.1200,8.1100,8.1000,8.1500,8.1600,8.1700,8.1800,8.1900,705,242,312,402,645,88,636,458,350,372
SZ,002334,2017-01-03 10:48:39,8.1400,1,814.0000,1,S,8.1400,8.1300,8.1200,8.1100,8.1000,8.1500,8.1600,8.1700,8.1800,8.1900,714,242,312,402,645,113,636,458,350,372
SZ,002334,2017-01-03 10:49:03,8.1400,1,814.0000,1,S,8.1400,8.1300,8.1200,8.1100,8.1000,8.1500,8.1600,8.1700,8.1800,8.1900,213,267,312,402,645,121,667,458,350,372
SZ,002334,2017-01-03 10:49:09,8.1400,2,10582.0000,13,S,8.1400,8.1300,8.1200,8.1100,8.1000,8.1500,8.1600,8.1700,8.1800,8.1900,200,267,312,402,645,121,667,458,350,372
SZ,002334,2017-01-03 10:49:27,8.1500,1,815.0000,1,B,8.1400,8.1300,8.1200,8.1100,8.1000,8.1500,8.1600,8.1700,8.1800,8.1900,210,262,312,402,645,130,667,458,350,372
SZ,002334,2017-01-03 10:50:06,8.1400,1,814.0000,1,S,8.1400,8.1300,8.1200,8.1100,8.1000,8.1500,8.1600,8.1700,8.1800,8.1900,223,262,312,402,619,130,667,458,350,373
SZ,002334,2017-01-03 10:50:27,8.1400,1,814.0000,1,S,8.1400,8.1300,8.1200,8.1100,8.1000,8.1500,8.1600,8.1700,8.1800,8.1900,222,262,312,402,619,130,667,458,350,383
SZ,002334,2017-01-03 10:50:36,8.1400,2,27676.0000,34,S,8.1400,8.1300,8.1200,8.1100,8.1000,8.1500,8.1600,8.1700,8.1800,8.1900,193,268,312,402,619,130,667,458,350,383
SZ,002334,2017-01-03 10:51:21,8.1400,1,4070.0000,5,S,8.1400,8.1300,8.1200,8.1100,8.1000,8.1500,8.1600,8.1700,8.1800,8.1900,194,268,302,402,619,480,667,458,350,383
SZ,002334,2017-01-03 10:51:33,8.1500,3,35045.0000,43,B,8.1400,8.1300,8.1200,8.1100,8.1000,8.1500,8.1600,8.1700,8.1800,8.1900,194,268,302,402,619,437,667,458,350,383
SZ,002334,2017-01-03 10:51:42,8.1400,5,41564.0000,51,S,8.1400,8.1300,8.1200,8.1100,8.1000,8.1500,8.1600,8.1700,8.1800,8.1900,193,268,302,402,619,387,667,458,350,383
SZ,002334,2017-01-03 10:52:00,8.1400,4,82214.0000,101,S,8.1400,8.1300,8.1200,8.1100,8.1000,8.1500,8.1600,8.1700,8.1800,8.1900,92,268,302,402,619,387,667,458,355,383
SZ,002334,2017-01-03 10:52:06,8.1400,1,10582.0000,13,S,8.1400,8.1300,8.1200,8.1100,8.1000,8.1500,8.1600,8.1700,8.1800,8.1900,79,268,302,402,619,387,667,458,355,383
SZ,002334,2017-01-03 10:53:06,8.1500,2,15485.0000,19,B,8.1400,8.1300,8.1200,8.1100,8.1000,8.1500,8.1600,8.1700,8.1800,8.1900,182,268,302,402,622,395,667,458,355,383
SZ,002334,2017-01-03 10:53:27,8.1400,1,814.0000,1,S,8.1400,8.1300,8.1200,8.1100,8.1000,8.1500,8.1600,8.1700,8.1800,8.1900,181,268,302,402,622,395,667,458,355,383
SZ,002334,2017-01-03 10:53:36,8.1500,1,1630.0000,2,B,8.1400,8.1300,8.1200,8.1100,8.1000,8.1500,8.1600,8.1700,8.1800,8.1900,181,268,302,402,635,393,667,458,355,383
SZ,002334,2017-01-03 10:53:42,8.1400,1,814.0000,1,S,8.1400,8.1300,8.1200,8.1100,8.1000,8.1500,8.1600,8.1700,8.1800,8.1900,180,268,302,402,635,393,667,458,355,383
SZ,002334,2017-01-03 10:54:24,8.1400,3,24420.0000,30,S,8.1400,8.1300,8.1200,8.1100,8.1000,8.1500,8.1600,8.1700,8.1800,8.1900,150,268,302,494,635,398,667,458,355,383
SZ,002334,2017-01-03 10:55:12,8.1400,6,33374.0000,41,S,8.1400,8.1300,8.1200,8.1100,8.1000,8.1500,8.1600,8.1700,8.1800,8.1900,109,268,302,494,635,398,667,458,355,383
SZ,002334,2017-01-03 10:55:21,8.1400,2,8140.0000,10,S,8.1400,8.1300,8.1200,8.1100,8.1000,8.1500,8.1600,8.1700,8.1800,8.1900,102,268,302,494,655,398,649,458,355,383
SZ,002334,2017-01-03 10:55:42,8.1400,1,814.0000,1,S,8.1400,8.1300,8.1200,8.1100,8.1000,8.1500,8.1600,8.1700,8.1800,8.1900,101,268,302,494,655,398,649,458,355,383
SZ,002334,2017-01-03 10:55:45,8.1400,1,4884.0000,6,S,8.1400,8.1300,8.1200,8.1100,8.1000,8.1500,8.1600,8.1700,8.1800,8.1900,95,268,302,494,655,398,649,458,355,383
SZ,002334,2017-01-03 10:56:06,8.1400,1,9768.0000,12,S,8.1400,8.1300,8.1200,8.1100,8.1000,8.1500,8.1600,8.1700,8.1800,8.1900,93,268,299,494,655,398,649,458,355,383
SZ,002334,2017-01-03 10:56:30,8.1400,2,39886.0000,49,S,8.1400,8.1300,8.1200,8.1100,8.1000,8.1500,8.1600,8.1700,8.1800,8.1900,57,268,299,494,655,448,649,458,355,383
SZ,002334,2017-01-03 10:56:39,8.1400,7,46952.0000,57,S,8.1300,8.1200,8.1100,8.1000,8.0900,8.1400,8.1500,8.1600,8.1700,8.1800,268,299,494,655,285,142,468,649,458,355
SZ,002334,2017-01-03 10:57:45,8.1400,1,6512.0000,8,B,8.1300,8.1200,8.1100,8.1000,8.0900,8.1400,8.1500,8.1600,8.1700,8.1800,351,299,494,655,285,134,474,649,458,355
SZ,002334,2017-01-03 10:58:09,8.1400,1,19536.0000,24,B,8.1300,8.1200,8.1100,8.1000,8.0900,8.1400,8.1500,8.1600,8.1700,8.1800,346,299,494,655,285,119,474,649,458,355
SZ,002334,2017-01-03 10:58:30,8.1300,1,813.0000,1,S,8.1300,8.1200,8.1100,8.1000,8.0900,8.1400,8.1500,8.1600,8.1700,8.1800,360,299,519,655,285,119,474,649,458,355
SZ,002334,2017-01-03 10:58:42,8.1300,2,813.0000,1,S,8.1300,8.1200,8.1100,8.1000,8.0900,8.1400,8.1500,8.1600,8.1700,8.1800,359,299,519,655,285,119,474,649,458,355
SZ,002334,2017-01-03 10:59:03,8.1300,1,13008.0000,16,S,8.1300,8.1200,8.1100,8.1000,8.0900,8.1400,8.1500,8.1600,8.1700,8.1800,348,299,519,655,273,119,474,649,458,355
SZ,002334,2017-01-03 11:00:06,8.1300,15,283501.0000,349,S,8.1200,8.1100,8.1000,8.0900,8.0800,8.1300,8.1400,8.1500,8.1600,8.1700,299,519,655,273,218,61,42,474,649,458
SZ,002334,2017-01-03 11:00:42,8.1200,1,812.0000,1,S,8.1200,8.1100,8.1000,8.0900,8.0800,8.1300,8.1400,8.1500,8.1600,8.1700,298,519,655,273,243,66,42,474,649,458
SZ,002334,2017-01-03 11:01:00,8.1200,6,50027.0000,62,S,8.1200,8.1100,8.1000,8.0900,8.0800,8.1300,8.1400,8.1500,8.1600,8.1700,256,519,655,273,243,5,42,474,649,458
SZ,002334,2017-01-03 11:01:30,8.1200,1,812.0000,1,S,8.1200,8.1100,8.1000,8.0900,8.0800,8.1300,8.1400,8.1500,8.1600,8.1700,257,549,675,273,293,5,42,474,649,458
SZ,002334,2017-01-03 11:02:03,8.1200,1,4060.0000,5,S,8.1200,8.1100,8.1000,8.0900,8.0800,8.1300,8.1400,8.1500,8.1600,8.1700,257,549,680,273,293,5,42,474,599,458
SZ,002334,2017-01-03 11:02:12,8.1300,1,4065.0000,5,B,8.1300,8.1200,8.1100,8.1000,8.0900,8.1400,8.1500,8.1600,8.1700,8.1800,14,367,564,660,273,47,474,599,458,355
SZ,002334,2017-01-03 11:02:39,8.1300,1,5691.0000,7,S,8.1300,8.1200,8.1100,8.1000,8.0900,8.1400,8.1500,8.1600,8.1700,8.1800,32,367,564,660,273,547,474,599,458,355
SZ,002334,2017-01-03 11:02:45,8.1300,1,813.0000,1,S,8.1300,8.1200,8.1100,8.1000,8.0900,8.1400,8.1500,8.1600,8.1700,8.1800,31,367,564,660,273,547,474,599,458,355
SZ,002334,2017-01-03 11:02:57,8.1300,1,3252.0000,4,S,8.1300,8.1200,8.1100,8.1000,8.0900,8.1400,8.1500,8.1600,8.1700,8.1800,31,367,564,660,273,547,474,599,458,355
SZ,002334,2017-01-03 11:03:18,8.1300,2,2439.0000,3,S,8.1300,8.1200,8.1100,8.1000,8.0900,8.1400,8.1500,8.1600,8.1700,8.1800,28,367,564,660,273,538,499,599,458,355
SZ,002334,2017-01-03 11:03:21,8.1300,1,14634.0000,18,S,8.1300,8.1200,8.1100,8.1000,8.0900,8.1400,8.1500,8.1600,8.1700,8.1800,10,367,564,660,273,538,499,599,458,355
SZ,002334,2017-01-03 11:03:33,8.1300,1,4065.0000,5,S,8.1300,8.1200,8.1100,8.1000,8.0900,8.1400,8.1500,8.1600,8.1700,8.1800,5,367,564,656,273,538,499,572,458,355
SZ,002334,2017-01-03 11:03:42,8.1300,2,4065.0000,5,S,8.1200,8.1100,8.1000,8.0900,8.0800,8.1300,8.1400,8.1500,8.1600,8.1700,367,564,656,273,308,5,538,499,572,458
SZ,002334,2017-01-03 11:04:21,8.1200,1,12180.0000,15,S,8.1200,8.1100,8.1000,8.0900,8.0800,8.1300,8.1400,8.1500,8.1600,8.1700,356,564,656,273,308,21,538,526,572,458
SZ,002334,2017-01-03 11:04:30,8.1200,1,812.0000,1,S,8.1200,8.1100,8.1000,8.0900,8.0800,8.1300,8.1400,8.1500,8.1600,8.1700,355,564,656,273,308,21,538,521,572,458
SZ,002334,2017-01-03 11:04:33,8.1300,3,17073.0000,21,B,8.1300,8.1200,8.1100,8.1000,8.0900,8.1400,8.1500,8.1600,8.1700,8.1800,29,355,564,656,273,538,521,572,458,1164
SZ,002334,2017-01-03 11:04:42,8.1300,1,23577.0000,29,S,8.1200,8.1100,8.1000,8.0900,8.0800,8.1300,8.1400,8.1500,8.1600,8.1700,355,564,656,273,308,38,538,521,572,458
SZ,002334,2017-01-03 11:05:00,8.1300,1,30894.0000,38,B,8.1300,8.1200,8.1100,8.1000,8.0900,8.1400,8.1500,8.1600,8.1700,8.1800,132,355,564,656,273,538,514,577,458,1164
SZ,002334,2017-01-03 11:05:42,8.1300,1,8130.0000,10,S,8.1300,8.1200,8.1100,8.1000,8.0900,8.1400,8.1500,8.1600,8.1700,8.1800,122,355,564,656,273,538,514,577,458,1164
SZ,002334,2017-01-03 11:05:45,8.1300,2,17073.0000,21,S,8.1300,8.1200,8.1100,8.1000,8.0900,8.1400,8.1500,8.1600,8.1700,8.1800,101,355,564,656,273,538,514,577,458,1164
SZ,002334,2017-01-03 11:06:30,8.1300,1,813.0000,1,S,8.1300,8.1200,8.1100,8.1000,8.0900,8.1400,8.1500,8.1600,8.1700,8.1800,220,355,564,656,273,538,489,577,458,1164
SZ,002334,2017-01-03 11:06:33,8.1300,1,12195.0000,15,S,8.1300,8.1200,8.1100,8.1000,8.0900,8.1400,8.1500,8.1600,8.1700,8.1800,205,355,564,656,273,538,489,577,458,1164
SZ,002334,2017-01-03 11:07:09,8.1300,1,5691.0000,7,S,8.1300,8.1200,8.1100,8.1000,8.0900,8.1400,8.1500,8.1600,8.1700,8.1800,198,355,564,636,273,538,489,577,458,1164
SZ,002334,2017-01-03 11:07:30,8.1400,1,1628.0000,2,B,8.1300,8.1200,8.1100,8.1000,8.0900,8.1400,8.1500,8.1600,8.1700,8.1800,198,355,564,636,273,536,489,581,458,1164
SZ,002334,2017-01-03 11:07:45,8.1300,1,813.0000,1,S,8.1300,8.1200,8.1100,8.1000,8.0900,8.1400,8.1500,8.1600,8.1700,8.1800,119,355,564,636,273,536,489,581,458,1164
SZ,002334,2017-01-03 11:08:06,8.1300,2,40650.0000,50,S,8.1300,8.1200,8.1100,8.1000,8.0900,8.1400,8.1500,8.1600,8.1700,8.1800,77,355,564,636,273,536,506,581,458,355
SZ,002334,2017-01-03 11:08:48,8.1300,1,30894.0000,38,S,8.1300,8.1200,8.1100,8.1000,8.0900,8.1400,8.1500,8.1600,8.1700,8.1800,49,375,564,636,273,536,506,581,458,355
SZ,002334,2017-01-03 11:09:12,8.1300,1,16260.0000,20,S,8.1300,8.1200,8.1100,8.1000,8.0900,8.1400,8.1500,8.1600,8.1700,8.1800,40,375,564,636,273,536,506,581,458,355
SZ,002334,2017-01-03 11:09:30,8.1300,1,813.0000,1,S,8.1300,8.1200,8.1100,8.1000,8.0900,8.1400,8.1500,8.1600,8.1700,8.1800,85,382,564,636,273,536,506,581,458,355
SZ,002334,2017-01-03 11:09:33,8.1300,1,8130.0000,10,S,8.1300,8.1200,8.1100,8.1000,8.0900,8.1400,8.1500,8.1600,8.1700,8.1800,75,382,564,636,273,536,506,581,458,355
SZ,002334,2017-01-03 11:09:45,8.1300,1,813.0000,1,S,8.1300,8.1200,8.1100,8.1000,8.0900,8.1400,8.1500,8.1600,8.1700,8.1800,74,382,564,636,273,546,506,581,458,355
SZ,002334,2017-01-03 11:10:06,8.1300,2,12195.0000,15,S,8.1300,8.1200,8.1100,8.1000,8.0900,8.1400,8.1500,8.1600,8.1700,8.1800,59,382,564,636,273,546,506,581,458,355
SZ,002334,2017-01-03 11:12:03,8.1400,1,814.0000,1,B,8.1300,8.1200,8.1100,8.1000,8.0900,8.1400,8.1500,8.1600,8.1700,8.1800,332,382,564,620,273,545,506,581,458,355
SZ,002334,2017-01-03 11:12:30,8.1300,1,813.0000,1,S,8.1300,8.1200,8.1100,8.1000,8.0900,8.1400,8.1500,8.1600,8.1700,8.1800,331,392,564,620,283,545,506,581,458,355
SZ,002334,2017-01-03 11:12:48,8.1300,1,813.0000,1,S,8.1300,8.1200,8.1100,8.1000,8.0900,8.1400,8.1500,8.1600,8.1700,8.1800,346,392,564,620,283,545,506,581,458,355
SZ,002334,2017-01-03 11:13:03,8.1300,1,4065.0000,5,S,8.1300,8.1200,8.1100,8.1000,8.0900,8.1400,8.1500,8.1600,8.1700,8.1800,341,392,564,620,283,545,506,581,458,355
SZ,002334,2017-01-03 11:13:09,8.1300,2,8130.0000,10,S,8.1300,8.1200,8.1100,8.1000,8.0900,8.1400,8.1500,8.1600,8.1700,8.1800,331,392,564,620,283,545,506,581,458,355
SZ,002334,2017-01-03 11:14:06,8.1300,1,8130.0000,10,S,8.1300,8.1200,8.1100,8.1000,8.0900,8.1400,8.1500,8.1600,8.1700,8.1800,271,392,564,620,283,545,508,581,458,355
SZ,002334,2017-01-03 11:14:18,8.1400,3,58608.0000,72,B,8.1300,8.1200,8.1100,8.1000,8.0900,8.1400,8.1500,8.1600,8.1700,8.1800,271,392,564,620,283,473,508,581,458,355
SZ,002334,2017-01-03 11:14:33,8.1300,1,813.0000,1,S,8.1300,8.1200,8.1100,8.1000,8.0900,8.1400,8.1500,8.1600,8.1700,8.1800,270,392,564,620,283,473,508,581,458,355
SZ,002334,2017-01-03 11:14:45,8.1300,1,1626.0000,2,S,8.1300,8.1200,8.1100,8.1000,8.0900,8.1400,8.1500,8.1600,8.1700,8.1800,277,402,564,620,283,473,508,581,458,355
SZ,002334,2017-01-03 11:14:48,8.1300,1,813.0000,1,S,8.1300,8.1200,8.1100,8.1000,8.0900,8.1400,8.1500,8.1600,8.1700,8.1800,276,402,564,620,283,473,508,581,458,355
SZ,002334,2017-01-03 11:14:54,8.1300,3,65065.0000,80,S,8.1300,8.1200,8.1100,8.1000,8.0900,8.1400,8.1500,8.1600,8.1700,8.1800,195,402,564,620,283,473,508,581,458,355
SZ,002334,2017-01-03 11:15:06,8.1400,1,1628.0000,2,B,8.1300,8.1200,8.1100,8.1000,8.0900,8.1400,8.1500,8.1600,8.1700,8.1800,195,402,564,620,283,481,508,581,458,355
SZ,002334,2017-01-03 11:15:09,8.1300,4,108129.0000,133,S,8.1300,8.1200,8.1100,8.1000,8.0900,8.1400,8.1500,8.1600,8.1700,8.1800,62,402,564,620,283,481,508,581,458,355
SZ,002334,2017-01-03 11:15:33,8.1300,1,3252.0000,4,S,8.1300,8.1200,8.1100,8.1000,8.0900,8.1400,8.1500,8.1600,8.1700,8.1800,58,402,564,620,283,481,508,581,458,355
SZ,002334,2017-01-03 11:16:36,8.1400,1,16280.0000,20,B,8.1300,8.1200,8.1100,8.1000,8.0900,8.1400,8.1500,8.1600,8.1700,8.1800,58,412,564,646,283,462,586,581,458,355
SZ,002334,2017-01-03 11:16:48,8.1300,1,813.0000,1,S,8.1300,8.1200,8.1100,8.1000,8.0900,8.1400,8.1500,8.1600,8.1700,8.1800,57,412,564,646,283,462,586,581,458,355
SZ,002334,2017-01-03 11:17:06,8.1300,1,813.0000,1,S,8.1300,8.1200,8.1100,8.1000,8.0900,8.1400,8.1500,8.1600,8.1700,8.1800,56,442,564,646,283,762,586,581,458,355
SZ,002334,2017-01-03 11:17:15,8.1300,1,1626.0000,2,S,8.1300,8.1200,8.1100,8.1000,8.0900,8.1400,8.1500,8.1600,8.1700,8.1800,54,442,564,646,283,762,586,581,458,355
SZ,002334,2017-01-03 11:17:30,8.1400,1,814.0000,1,B,8.1300,8.1200,8.1100,8.1000,8.0900,8.1400,8.1500,8.1600,8.1700,8.1800,54,442,564,646,283,761,586,581,458,355
SZ,002334,2017-01-03 11:17:33,8.1300,1,813.0000,1,S,8.1300,8.1200,8.1100,8.1000,8.0900,8.1400,8.1500,8.1600,8.1700,8.1800,53,442,564,646,283,761,559,581,458,355
SZ,002334,2017-01-03 11:17:48,8.1300,4,43877.0000,54,S,8.1200,8.1100,8.1000,8.0900,8.0800,8.1300,8.1400,8.1500,8.1600,8.1700,442,564,652,283,303,1,761,559,581,458
SZ,002334,2017-01-03 11:17:51,8.1300,1,838.0000,1,B,8.1300,8.1200,8.1100,8.1000,8.0900,8.1400,8.1500,8.1600,8.1700,8.1800,0,442,564,652,283,761,559,581,458,355
SZ,002334,2017-01-03 11:18:36,8.1400,1,13024.0000,16,B,8.1300,8.1200,8.1100,8.1000,8.0900,8.1400,8.1500,8.1600,8.1700,8.1800,50,332,551,652,283,745,559,581,458,355
SZ,002334,2017-01-03 11:18:42,8.1300,2,24390.0000,30,S,8.1300,8.1200,8.1100,8.1000,8.0900,8.1400,8.1500,8.1600,8.1700,8.1800,20,332,551,652,283,745,559,581,458,355
SZ,002334,2017-01-03 11:19:24,8.1300,1,4065.0000,5,S,8.1300,8.1200,8.1100,8.1000,8.0900,8.1400,8.1500,8.1600,8.1700,8.1800,15,332,551,652,283,745,559,581,458,355
SZ,002334,2017-01-03 11:19:48,8.1300,1,813.0000,1,S,8.1300,8.1200,8.1100,8.1000,8.0900,8.1400,8.1500,8.1600,8.1700,8.1800,14,332,551,652,283,745,559,581,458,355
SZ,002334,2017-01-03 11:20:33,8.1300,1,813.0000,1,S,8.1300,8.1200,8.1100,8.1000,8.0900,8.1400,8.1500,8.1600,8.1700,8.1800,17,332,551,644,283,745,559,581,458,355
SZ,002334,2017-01-03 11:20:36,8.1300,2,14609.0000,18,S,8.1200,8.1100,8.1000,8.0900,8.0800,8.1300,8.1400,8.1500,8.1600,8.1700,332,551,644,283,303,482,745,559,581,458
SZ,002334,2017-01-03 11:20:54,8.1300,1,16260.0000,20,B,8.1200,8.1100,8.1000,8.0900,8.0800,8.1300,8.1400,8.1500,8.1600,8.1700,332,551,644,283,303,462,745,559,581,458
SZ,002334,2017-01-03 11:21:27,8.1200,3,16240.0000,20,S,8.1200,8.1100,8.1000,8.0900,8.0800,8.1300,8.1400,8.1500,8.1600,8.1700,313,551,644,283,303,462,745,659,581,536
SZ,002334,2017-01-03 11:21:51,8.1200,1,812.0000,1,S,8.1200,8.1100,8.1000,8.0900,8.0800,8.1300,8.1400,8.1500,8.1600,8.1700,322,551,644,283,303,462,745,659,581,536
SZ,002334,2017-01-03 11:22:03,8.1200,19,261781.0000,322,S,8.1100,8.1000,8.0900,8.0800,8.0700,8.1200,8.1300,8.1400,8.1500,8.1600,551,644,283,303,89,46,462,745,659,581
SZ,002334,2017-01-03 11:22:21,8.1200,1,12180.0000,15,B,8.1100,8.1000,8.0900,8.0800,8.0700,8.1200,8.1300,8.1400,8.1500,8.1600,551,644,283,303,89,131,462,735,659,581
SZ,002334,2017-01-03 11:22:33,8.1100,15,487411.0000,601,S,8.1000,8.0900,8.0800,8.0700,8.0600,8.1200,8.1300,8.1400,8.1500,8.1600,644,283,303,69,145,131,462,735,659,581
SZ,002334,2017-01-03 11:22:39,8.1200,1,16240.0000,20,B,8.1000,8.0900,8.0800,8.0700,8.0600,8.1200,8.1300,8.1400,8.1500,8.1600,644,283,303,69,145,111,462,735,659,581
SZ,002334,2017-01-03 11:22:51,8.1200,2,16240.0000,20,B,8.1000,8.0900,8.0800,8.0700,8.0600,8.1200,8.1300,8.1400,8.1500,8.1600,644,283,303,69,145,91,462,735,659,581
SZ,002334,2017-01-03 11:23:06,8.1200,1,12180.0000,15,B,8.1000,8.0900,8.0800,8.0700,8.0600,8.1200,8.1300,8.1400,8.1500,8.1600,644,283,303,69,145,76,462,735,659,581
SZ,002334,2017-01-03 11:23:18,8.1200,1,62207.0000,77,B,8.1200,8.1100,8.1000,8.0900,8.0800,8.1300,8.1400,8.1500,8.1600,8.1700,123,20,644,283,303,493,735,659,581,536
SZ,002334,2017-01-03 11:23:48,8.1200,1,812.0000,1,S,8.1200,8.1100,8.1000,8.0900,8.0800,8.1300,8.1400,8.1500,8.1600,8.1700,122,230,644,283,303,493,735,659,581,536
SZ,002334,2017-01-03 11:24:00,8.1300,1,9756.0000,12,B,8.1200,8.1100,8.1000,8.0900,8.0800,8.1300,8.1400,8.1500,8.1600,8.1700,122,230,644,283,303,481,735,659,581,536
SZ,002334,2017-01-03 11:24:09,8.1300,1,243900.0000,300,B,8.1200,8.1100,8.1000,8.0900,8.0800,8.1300,8.1400,8.1500,8.1600,8.1700,122,230,644,283,303,181,735,659,581,536
SZ,002334,2017-01-03 11:24:42,8.1200,1,5684.0000,7,S,8.1200,8.1100,8.1000,8.0900,8.0800,8.1300,8.1400,8.1500,8.1600,8.1700,115,230,656,283,303,379,735,659,581,536
SZ,002334,2017-01-03 11:24:45,8.1200,1,4872.0000,6,S,8.1200,8.1100,8.1000,8.0900,8.0800,8.1300,8.1400,8.1500,8.1600,8.1700,109,230,656,283,303,379,735,659,581,536
SZ,002334,2017-01-03 11:25:09,8.1300,2,162600.0000,200,B,8.1200,8.1100,8.1000,8.0900,8.0800,8.1300,8.1400,8.1500,8.1600,8.1700,119,231,662,283,303,179,735,659,581,536
SZ,002334,2017-01-03 11:25:30,8.1200,1,812.0000,1,S,8.1200,8.1100,8.1000,8.0900,8.0800,8.1300,8.1400,8.1500,8.1600,8.1700,128,231,662,286,303,179,735,659,581,536
SZ,002334,2017-01-03 11:25:33,8.1200,1,812.0000,1,S,8.1200,8.1100,8.1000,8.0900,8.0800,8.1300,8.1400,8.1500,8.1600,8.1700,127,231,662,286,303,179,735,659,581,536
SZ,002334,2017-01-03 11:26:12,8.1200,1,4060.0000,5,S,8.1200,8.1100,8.1000,8.0900,8.0800,8.1300,8.1400,8.1500,8.1600,8.1700,123,387,662,291,303,179,735,659,581,536
SZ,002334,2017-01-03 11:26:33,8.1200,1,48720.0000,60,S,8.1200,8.1100,8.1000,8.0900,8.0800,8.1300,8.1400,8.1500,8.1600,8.1700,63,387,667,291,316,179,735,659,581,536
SZ,002334,2017-01-03 11:26:48,8.1200,1,4872.0000,6,S,8.1200,8.1100,8.1000,8.0900,8.0800,8.1300,8.1400,8.1500,8.1600,8.1700,59,387,667,291,316,179,735,659,581,536
SZ,002334,2017-01-03 11:26:51,8.1200,1,812.0000,1,S,8.1200,8.1100,8.1000,8.0900,8.0800,8.1300,8.1400,8.1500,8.1600,8.1700,58,387,667,291,316,179,735,659,581,536
SZ,002334,2017-01-03 11:27:48,8.1200,1,16240.0000,20,S,8.1200,8.1100,8.1000,8.0900,8.0800,8.1300,8.1400,8.1500,8.1600,8.1700,338,387,567,291,316,194,735,659,581,536
SZ,002334,2017-01-03 11:28:06,8.1200,1,9744.0000,12,S,8.1200,8.1100,8.1000,8.0900,8.0800,8.1300,8.1400,8.1500,8.1600,8.1700,326,387,567,291,316,194,735,659,581,536
SZ,002334,2017-01-03 11:28:36,8.1200,1,812.0000,1,S,8.1200,8.1100,8.1000,8.0900,8.0800,8.1300,8.1400,8.1500,8.1600,8.1700,332,387,587,291,316,194,735,659,581,536
SZ,002334,2017-01-03 11:28:51,8.1200,1,812.0000,1,S,8.1200,8.1100,8.1000,8.0900,8.0800,8.1300,8.1400,8.1500,8.1600,8.1700,331,387,587,291,316,194,735,659,581,536
SZ,002334,2017-01-03 11:29:36,8.1300,2,157747.0000,194,S,8.1300,8.1200,8.1100,8.1000,8.0900,8.1400,8.1500,8.1600,8.1700,8.1800,55,331,387,587,291,735,659,581,536,355
SZ,002334,2017-01-03 11:29:54,8.1300,1,17073.0000,21,S,8.1300,8.1200,8.1100,8.1000,8.0900,8.1400,8.1500,8.1600,8.1700,8.1800,34,331,387,587,291,735,659,581,536,355
SZ,002334,2017-01-03 13:00:03,8.1400,3,26046.0000,32,B,8.1300,8.1200,8.1100,8.1000,8.0900,8.1400,8.1500,8.1600,8.1700,8.1800,64,360,407,561,317,705,639,581,552,359
SZ,002334,2017-01-03 13:00:06,8.1300,1,813.0000,1,S,8.1300,8.1200,8.1100,8.1000,8.0900,8.1400,8.1500,8.1600,8.1700,8.1800,63,360,407,580,317,705,639,581,552,359
SZ,002334,2017-01-03 13:01:36,8.1300,1,813.0000,1,S,8.1300,8.1200,8.1100,8.1000,8.0900,8.1400,8.1500,8.1600,8.1700,8.1800,77,360,407,580,317,740,639,581,552,359
SZ,002334,2017-01-03 13:01:45,8.1300,1,13821.0000,17,S,8.1300,8.1200,8.1100,8.1000,8.0900,8.1400,8.1500,8.1600,8.1700,8.1800,60,360,407,580,317,740,639,581,552,359
SZ,002334,2017-01-03 13:01:48,8.1300,1,8943.0000,11,S,8.1300,8.1200,8.1100,8.1000,8.0900,8.1400,8.1500,8.1600,8.1700,8.1800,49,360,407,580,317,740,639,581,552,359
SZ,002334,2017-01-03 13:02:03,8.1300,2,4065.0000,5,S,8.1300,8.1200,8.1100,8.1000,8.0900,8.1400,8.1500,8.1600,8.1700,8.1800,44,360,407,580,317,740,639,581,552,359
SZ,002334,2017-01-03 13:02:12,8.1300,5,36560.0000,45,S,8.1200,8.1100,8.1000,8.0900,8.0800,8.1300,8.1400,8.1500,8.1600,8.1700,360,407,580,317,326,495,740,639,581,552
SZ,002334,2017-01-03 13:02:51,8.1200,1,812.0000,1,S,8.1200,8.1100,8.1000,8.0900,8.0800,8.1300,8.1400,8.1500,8.1600,8.1700,359,407,580,317,326,495,740,639,581,552
SZ,002334,2017-01-03 13:02:54,8.1300,1,402460.0000,495,B,8.1300,8.1200,8.1100,8.1000,8.0900,8.1400,8.1500,8.1600,8.1700,8.1800,380,359,407,580,317,740,639,581,552,359
SZ,002334,2017-01-03 13:03:15,8.1400,1,32560.0000,40,B,8.1300,8.1200,8.1100,8.1000,8.0900,8.1400,8.1500,8.1600,8.1700,8.1800,430,359,407,580,317,700,639,581,552,359
SZ,002334,2017-01-03 13:03:27,8.1400,1,2442.0000,3,B,8.1300,8.1200,8.1100,8.1000,8.0900,8.1400,8.1500,8.1600,8.1700,8.1800,430,359,407,580,317,697,639,581,552,359
SZ,002334,2017-01-03 13:04:06,8.1300,1,3252.0000,4,S,8.1300,8.1200,8.1100,8.1000,8.0900,8.1400,8.1500,8.1600,8.1700,8.1800,426,359,407,580,331,662,639,581,552,359
SZ,002334,2017-01-03 13:04:36,8.1300,1,813.0000,1,S,8.1300,8.1200,8.1100,8.1000,8.0900,8.1400,8.1500,8.1600,8.1700,8.1800,425,378,407,580,331,662,639,581,552,359
SZ,002334,2017-01-03 13:04:39,8.1300,1,13008.0000,16,S,8.1300,8.1200,8.1100,8.1000,8.0900,8.1400,8.1500,8.1600,8.1700,8.1800,409,378,407,580,331,662,639,581,552,359
SZ,002334,2017-01-03 13:04:51,8.1300,1,813.0000,1,S,8.1300,8.1200,8.1100,8.1000,8.0900,8.1400,8.1500,8.1600,8.1700,8.1800,408,378,407,580,331,662,639,581,552,359
SZ,002334,2017-01-03 13:05:18,8.1400,1,24420.0000,30,B,8.1300,8.1200,8.1100,8.1000,8.0900,8.1400,8.1500,8.1600,8.1700,8.1800,408,378,407,580,331,632,639,581,552,359
SZ,002334,2017-01-03 13:05:45,8.1300,1,8130.0000,10,S,8.1300,8.1200,8.1100,8.1000,8.0900,8.1400,8.1500,8.1600,8.1700,8.1800,398,378,407,580,331,632,639,581,572,359
SZ,002334,2017-01-03 13:06:36,8.1300,1,813.0000,1,S,8.1300,8.1200,8.1100,8.1000,8.0900,8.1400,8.1500,8.1600,8.1700,8.1800,397,393,407,580,331,632,662,581,572,359
SZ,002334,2017-01-03 13:06:51,8.1300,1,813.0000,1,S,8.1300,8.1200,8.1100,8.1000,8.0900,8.1400,8.1500,8.1600,8.1700,8.1800,396,443,407,580,331,632,662,581,572,359
SZ,002334,2017-01-03 13:07:06,8.1400,1,40700.0000,50,B,8.1300,8.1200,8.1100,8.1000,8.0900,8.1400,8.1500,8.1600,8.1700,8.1800,396,443,407,580,331,582,662,581,572,359
SZ,002334,2017-01-03 13:08:00,8.1400,1,4070.0000,5,B,8.1300,8.1200,8.1100,8.1000,8.0900,8.1400,8.1500,8.1600,8.1700,8.1800,406,443,407,644,331,577,662,586,572,359
SZ,002334,2017-01-03 13:08:39,8.1400,1,8140.0000,10,B,8.1300,8.1200,8.1100,8.1000,8.0900,8.1400,8.1500,8.1600,8.1700,8.1800,406,443,407,582,331,567,662,586,572,359
SZ,002334,2017-01-03 13:08:42,8.1300,5,409439.0000,503,S,8.1300,8.1200,8.1100,8.1000,8.0900,8.1400,8.1500,8.1600,8.1700,8.1800,403,443,407,582,331,67,662,586,572,359
SZ,002334,2017-01-03 13:09:06,8.1300,3,328427.0000,404,S,8.1200,8.1100,8.1000,8.0900,8.0800,8.1300,8.1400,8.1500,8.1600,8.1700,443,297,582,331,326,405,67,662,586,572
SZ,002334,2017-01-03 13:09:09,8.1300,1,16260.0000,20,B,8.1200,8.1100,8.1000,8.0900,8.0800,8.1300,8.1400,8.1500,8.1600,8.1700,443,297,582,331,326,385,67,662,586,572
SZ,002334,2017-01-03 13:09:18,8.1300,1,162600.0000,200,B,8.1200,8.1100,8.1000,8.0900,8.0800,8.1300,8.1400,8.1500,8.1600,8.1700,443,297,582,331,326,185,67,662,606,572
SZ,002334,2017-01-03 13:09:21,8.1300,1,150592.0000,185,B,8.1300,8.1200,8.1100,8.1000,8.0900,8.1400,8.1500,8.1600,8.1700,8.1800,14,443,297,582,331,97,662,606,572,359
SZ,002334,2017-01-03 13:09:36,8.1300,1,813.0000,1,S,8.1300,8.1200,8.1100,8.1000,8.0900,8.1400,8.1500,8.1600,8.1700,8.1800,122,443,297,582,331,97,662,606,572,359
SZ,002334,2017-01-03 13:09:51,8.1300,1,813.0000,1,S,8.1300,8.1200,8.1100,8.1000,8.0900,8.1400,8.1500,8.1600,8.1700,8.1800,121,443,297,582,331,97,656,606,572,359
SZ,002334,2017-01-03 13:10:06,8.1300,3,44715.0000,55,S,8.1300,8.1200,8.1100,8.1000,8.0900,8.1400,8.1500,8.1600,8.1700,8.1800,66,443,297,582,331,97,656,606,572,359
SZ,002334,2017-01-03 13:11:24,8.1300,1,8130.0000,10,S,8.1300,8.1200,8.1100,8.1000,8.0900,8.1400,8.1500,8.1600,8.1700,8.1800,367,443,197,582,331,97,656,606,572,359
SZ,002334,2017-01-03 13:11:33,8.1400,1,9768.0000,12,B,8.1300,8.1200,8.1100,8.1000,8.0900,8.1400,8.1500,8.1600,8.1700,8.1800,367,443,197,582,331,85,656,606,572,359
SZ,002334,2017-01-03 13:11:54,8.1300,1,813.0000,1,S,8.1300,8.1200,8.1100,8.1000,8.0900,8.1400,8.1500,8.1600,8.1700,8.1800,366,443,197,582,331,85,656,606,572,359
SZ,002334,2017-01-03 13:12:21,8.1300,2,8943.0000,11,S,8.1300,8.1200,8.1100,8.1000,8.0900,8.1400,8.1500,8.1600,8.1700,8.1800,355,443,197,582,331,85,656,806,572,359
SZ,002334,2017-01-03 13:12:33,8.1300,1,813.0000,1,S,8.1300,8.1200,8.1100,8.1000,8.0900,8.1400,8.1500,8.1600,8.1700,8.1800,354,443,197,582,331,85,656,806,572,357
SZ,002334,2017-01-03 13:12:39,8.1300,1,813.0000,1,S,8.1300,8.1200,8.1100,8.1000,8.0900,8.1400,8.1500,8.1600,8.1700,8.1800,353,443,197,582,331,85,656,806,572,357
SZ,002334,2017-01-03 13:13:54,8.1300,1,813.0000,1,S,8.1300,8.1200,8.1100,8.1000,8.0900,8.1400,8.1500,8.1600,8.1700,8.1800,352,443,197,582,331,85,656,806,572,357
SZ,002334,2017-01-03 13:14:24,8.1300,1,4878.0000,6,S,8.1300,8.1200,8.1100,8.1000,8.0900,8.1400,8.1500,8.1600,8.1700,8.1800,346,443,197,582,331,85,656,806,572,357
SZ,002334,2017-01-03 13:14:39,8.1300,1,813.0000,1,S,8.1300,8.1200,8.1100,8.1000,8.0900,8.1400,8.1500,8.1600,8.1700,8.1800,345,443,197,582,331,85,656,806,572,357
SZ,002334,2017-01-03 13:16:21,8.1400,1,21164.0000,26,B,8.1300,8.1200,8.1100,8.1000,8.0900,8.1400,8.1500,8.1600,8.1700,8.1800,345,433,197,582,336,449,656,806,572,357
SZ,002334,2017-01-03 13:16:57,8.1300,1,813.0000,1,S,8.1300,8.1200,8.1100,8.1000,8.0900,8.1400,8.1500,8.1600,8.1700,8.1800,384,433,197,535,336,450,665,806,572,357
SZ,002334,2017-01-03 13:17:39,8.1300,1,813.0000,1,S,8.1300,8.1200,8.1100,8.1000,8.0900,8.1400,8.1500,8.1600,8.1700,8.1800,383,433,197,535,336,450,665,806,572,357
SZ,002334,2017-01-03 13:17:51,8.1300,1,17886.0000,22,S,8.1300,8.1200,8.1100,8.1000,8.0900,8.1400,8.1500,8.1600,8.1700,8.1800,361,414,197,535,336,450,665,806,572,357
SZ,002334,2017-01-03 13:18:24,8.1400,1,11396.0000,14,B,8.1300,8.1200,8.1100,8.1000,8.0900,8.1400,8.1500,8.1600,8.1700,8.1800,361,414,197,535,336,455,665,806,572,357
SZ,002334,2017-01-03 13:18:45,8.1400,3,81400.0000,100,B,8.1300,8.1200,8.1100,8.1000,8.0900,8.1400,8.1500,8.1600,8.1700,8.1800,371,414,197,535,336,336,665,806,572,357
SZ,002334,2017-01-03 13:18:54,8.1300,1,813.0000,1,S,8.1300,8.1200,8.1100,8.1000,8.0900,8.1400,8.1500,8.1600,8.1700,8.1800,370,414,197,535,336,347,665,806,572,362
SZ,002334,2017-01-03 13:19:03,8.1400,1,81400.0000,100,B,8.1300,8.1200,8.1100,8.1000,8.0900,8.1400,8.1500,8.1600,8.1700,8.1800,370,414,197,535,336,247,665,806,572,362
SZ,002334,2017-01-03 13:19:09,8.1400,1,81400.0000,100,B,8.1300,8.1200,8.1100,8.1000,8.0900,8.1400,8.1500,8.1600,8.1700,8.1800,370,414,197,535,336,277,665,806,572,362
SZ,002334,2017-01-03 13:19:12,8.1400,1,814.0000,1,B,8.1300,8.1200,8.1100,8.1000,8.0900,8.1400,8.1500,8.1600,8.1700,8.1800,370,414,197,535,336,276,665,806,572,362
SZ,002334,2017-01-03 13:19:21,8.1300,1,813.0000,1,S,8.1300,8.1200,8.1100,8.1000,8.0900,8.1400,8.1500,8.1600,8.1700,8.1800,369,414,197,535,336,276,665,806,572,362
SZ,002334,2017-01-03 13:20:18,8.1400,1,16280.0000,20,B,8.1300,8.1200,8.1100,8.1000,8.0900,8.1400,8.1500,8.1600,8.1700,8.1800,414,414,197,535,336,256,665,806,586,362
SZ,002334,2017-01-03 13:20:39,8.1300,1,813.0000,1,S,8.1300,8.1200,8.1100,8.1000,8.0900,8.1400,8.1500,8.1600,8.1700,8.1800,413,414,197,535,336,256,665,806,586,362
SZ,002334,2017-01-03 13:20:45,8.1300,1,4065.0000,5,S,8.1300,8.1200,8.1100,8.1000,8.0900,8.1400,8.1500,8.1600,8.1700,8.1800,428,414,197,535,336,256,665,806,586,362
SZ,002334,2017-01-03 13:20:57,8.1300,1,813.0000,1,S,8.1300,8.1200,8.1100,8.1000,8.0900,8.1400,8.1500,8.1600,8.1700,8.1800,427,414,197,535,336,256,665,806,586,362
SZ,002334,2017-01-03 13:22:39,8.1300,2,1626.0000,2,S,8.1300,8.1200,8.1100,8.1000,8.0900,8.1400,8.1500,8.1600,8.1700,8.1800,428,414,213,535,330,256,665,806,586,362
SZ,002334,2017-01-03 13:22:42,8.1300,1,813.0000,1,S,8.1300,8.1200,8.1100,8.1000,8.0900,8.1400,8.1500,8.1600,8.1700,8.1800,427,414,219,535,330,256,665,806,586,362
SZ,002334,2017-01-03 13:23:00,8.1300,1,2439.0000,3,S,8.1300,8.1200,8.1100,8.1000,8.0900,8.1400,8.1500,8.1600,8.1700,8.1800,424,414,219,535,330,256,665,806,586,362
SZ,002334,2017-01-03 13:23:57,8.1300,1,813.0000,1,S,8.1300,8.1200,8.1100,8.1000,8.0900,8.1400,8.1500,8.1600,8.1700,8.1800,420,414,219,535,330,256,665,806,586,367
SZ,002334,2017-01-03 13:24:18,8.1400,2,10582.0000,13,B,8.1300,8.1200,8.1100,8.1000,8.0900,8.1400,8.1500,8.1600,8.1700,8.1800,420,414,219,535,330,243,665,806,586,367
SZ,002334,2017-01-03 13:25:42,8.1300,1,813.0000,1,S,8.1300,8.1200,8.1100,8.1000,8.0900,8.1400,8.1500,8.1600,8.1700,8.1800,439,414,226,535,330,332,665,806,585,367
SZ,002334,2017-01-03 13:25:48,8.1400,1,1628.0000,2,B,8.1300,8.1200,8.1100,8.1000,8.0900,8.1400,8.1500,8.1600,8.1700,8.1800,439,414,226,535,330,330,665,806,585,368
SZ,002334,2017-01-03 13:25:57,8.1300,1,813.0000,1,S,8.1300,8.1200,8.1100,8.1000,8.0900,8.1400,8.1500,8.1600,8.1700,8.1800,438,414,226,535,330,330,665,806,585,368
SZ,002334,2017-01-03 13:26:09,8.1400,1,814.0000,1,B,8.1300,8.1200,8.1100,8.1000,8.0900,8.1400,8.1500,8.1600,8.1700,8.1800,438,414,226,535,330,329,665,806,585,368
SZ,002334,2017-01-03 13:26:18,8.1400,1,16280.0000,20,B,8.1300,8.1200,8.1100,8.1000,8.0900,8.1400,8.1500,8.1600,8.1700,8.1800,438,414,226,535,330,309,665,806,585,368
SZ,002334,2017-01-03 13:26:21,8.1400,1,3256.0000,4,B,8.1300,8.1200,8.1100,8.1000,8.0900,8.1400,8.1500,8.1600,8.1700,8.1800,438,414,226,535,330,305,665,806,585,368
SZ,002334,2017-01-03 13:26:24,8.1400,1,8140.0000,10,B,8.1300,8.1200,8.1100,8.1000,8.0900,8.1400,8.1500,8.1600,8.1700,8.1800,438,414,226,535,330,295,665,806,585,368
SZ,002334,2017-01-03 13:27:21,8.1300,1,4878.0000,6,S,8.1300,8.1200,8.1100,8.1000,8.0900,8.1400,8.1500,8.1600,8.1700,8.1800,412,426,226,535,330,295,665,806,585,368
SZ,002334,2017-01-03 13:27:57,8.1300,1,813.0000,1,S,8.1300,8.1200,8.1100,8.1000,8.0900,8.1400,8.1500,8.1600,8.1700,8.1800,621,426,226,535,330,295,665,806,585,367
SZ,002334,2017-01-03 13:28:21,8.1400,1,1628.0000,2,B,8.1300,8.1200,8.1100,8.1000,8.0900,8.1400,8.1500,8.1600,8.1700,8.1800,628,426,226,535,330,293,665,806,585,367
SZ,002334,2017-01-03 13:28:42,8.1300,1,813.0000,1,S,8.1300,8.1200,8.1100,8.1000,8.0900,8.1400,8.1500,8.1600,8.1700,8.1800,620,426,226,535,330,293,665,806,585,367
SZ,002334,2017-01-03 13:28:45,8.1400,1,16280.0000,20,B,8.1300,8.1200,8.1100,8.1000,8.0900,8.1400,8.1500,8.1600,8.1700,8.1800,620,426,226,535,330,273,665,806,585,367
SZ,002334,2017-01-03 13:28:54,8.1400,1,9768.0000,12,B,8.1300,8.1200,8.1100,8.1000,8.0900,8.1400,8.1500,8.1600,8.1700,8.1800,620,426,226,515,330,261,665,806,585,367
SZ,002334,2017-01-03 13:29:27,8.1400,1,11396.0000,14,B,8.1300,8.1200,8.1100,8.1000,8.0900,8.1400,8.1500,8.1600,8.1700,8.1800,557,426,233,515,330,265,671,806,585,367
SZ,002334,2017-01-03 13:29:30,8.1400,4,100122.0000,123,B,8.1300,8.1200,8.1100,8.1000,8.0900,8.1400,8.1500,8.1600,8.1700,8.1800,557,426,233,515,330,142,671,806,585,367
SZ,002334,2017-01-03 13:29:57,8.1400,1,2442.0000,3,B,8.1300,8.1200,8.1100,8.1000,8.0900,8.1400,8.1500,8.1600,8.1700,8.1800,557,426,233,515,330,139,671,806,585,367
SZ,002334,2017-01-03 13:30:00,8.1400,1,24420.0000,30,B,8.1300,8.1200,8.1100,8.1000,8.0900,8.1400,8.1500,8.1600,8.1700,8.1800,557,426,233,515,330,109,671,806,585,367
SZ,002334,2017-01-03 13:30:03,8.1400,2,32560.0000,40,B,8.1300,8.1200,8.1100,8.1000,8.0900,8.1400,8.1500,8.1600,8.1700,8.1800,557,426,233,515,330,69,671,806,585,367
SZ,002334,2017-01-03 13:30:33,8.1400,3,129426.0000,159,B,8.1400,8.1300,8.1200,8.1100,8.1000,8.1500,8.1600,8.1700,8.1800,8.1900,86,567,426,223,515,675,806,585,367,584
SZ,002334,2017-01-03 13:30:36,8.1400,1,12210.0000,15,S,8.1400,8.1300,8.1200,8.1100,8.1000,8.1500,8.1600,8.1700,8.1800,8.1900,71,567,426,223,515,675,806,585,367,584
SZ,002334,2017-01-03 13:30:42,8.1400,1,814.0000,1,S,8.1400,8.1300,8.1200,8.1100,8.1000,8.1500,8.1600,8.1700,8.1800,8.1900,70,567,426,223,515,675,606,585,367,584
SZ,002334,2017-01-03 13:31:00,8.1400,1,814.0000,1,S,8.1400,8.1300,8.1200,8.1100,8.1000,8.1500,8.1600,8.1700,8.1800,8.1900,69,567,426,223,515,675,606,585,367,584
SZ,002334,2017-01-03 13:32:00,8.1400,1,814.0000,1,S,8.1400,8.1300,8.1200,8.1100,8.1000,8.1500,8.1600,8.1700,8.1800,8.1900,87,583,426,223,515,702,606,585,367,584
SZ,002334,2017-01-03 13:32:09,8.1400,1,48026.0000,59,S,8.1400,8.1300,8.1200,8.1100,8.1000,8.1500,8.1600,8.1700,8.1800,8.1900,28,605,426,223,515,702,606,585,367,584
SZ,002334,2017-01-03 13:32:24,8.1500,2,163000.0000,200,B,8.1400,8.1300,8.1200,8.1100,8.1000,8.1500,8.1600,8.1700,8.1800,8.1900,28,605,426,223,515,502,606,585,367,584
SZ,002334,2017-01-03 13:33:00,8.1500,2,41564.0000,51,B,8.1400,8.1300,8.1200,8.1100,8.1000,8.1500,8.1600,8.1700,8.1800,8.1900,37,605,426,223,515,452,606,635,367,584
SZ,002334,2017-01-03 13:33:06,8.1500,1,1630.0000,2,B,8.1400,8.1300,8.1200,8.1100,8.1000,8.1500,8.1600,8.1700,8.1800,8.1900,37,605,426,223,515,500,606,635,367,584
SZ,002334,2017-01-03 13:33:24,8.1400,1,1628.0000,2,S,8.1400,8.1300,8.1200,8.1100,8.1000,8.1500,8.1600,8.1700,8.1800,8.1900,55,605,426,223,489,500,579,635,372,584
SZ,002334,2017-01-03 13:33:42,8.1400,1,814.0000,1,S,8.1400,8.1300,8.1200,8.1100,8.1000,8.1500,8.1600,8.1700,8.1800,8.1900,64,605,426,223,489,500,579,635,372,584
SZ,002334,2017-01-03 13:33:48,8.1500,1,2445.0000,3,B,8.1400,8.1300,8.1200,8.1100,8.1000,8.1500,8.1600,8.1700,8.1800,8.1900,104,605,426,223,489,497,579,635,387,584
SZ,002334,2017-01-03 13:35:00,8.1400,1,814.0000,1,S,8.1400,8.1300,8.1200,8.1100,8.1000,8.1500,8.1600,8.1700,8.1800,8.1900,106,625,426,223,513,512,610,635,397,584
SZ,002334,2017-01-03 13:35:15,8.1400,1,2442.0000,3,S,8.1400,8.1300,8.1200,8.1100,8.1000,8.1500,8.1600,8.1700,8.1800,8.1900,113,625,426,223,513,512,610,635,397,584
SZ,002334,2017-01-03 13:35:18,8.1400,3,16280.0000,20,S,8.1400,8.1300,8.1200,8.1100,8.1000,8.1500,8.1600,8.1700,8.1800,8.1900,93,625,426,223,513,512,610,635,397,584
SZ,002334,2017-01-03 13:36:03,8.1500,1,2445.0000,3,B,8.1400,8.1300,8.1200,8.1100,8.1000,8.1500,8.1600,8.1700,8.1800,8.1900,98,625,426,223,513,509,640,635,397,584
SZ,002334,2017-01-03 13:36:42,8.1400,1,814.0000,1,S,8.1400,8.1300,8.1200,8.1100,8.1000,8.1500,8.1600,8.1700,8.1800,8.1900,97,605,426,223,513,509,640,635,397,584
SZ,002334,2017-01-03 13:38:00,8.1400,1,814.0000,1,S,8.1400,8.1300,8.1200,8.1100,8.1000,8.1500,8.1600,8.1700,8.1800,8.1900,113,615,416,223,513,539,640,635,397,590
SZ,002334,2017-01-03 13:38:27,8.1400,1,4070.0000,5,S,8.1400,8.1300,8.1200,8.1100,8.1000,8.1500,8.1600,8.1700,8.1800,8.1900,128,615,416,223,513,539,640,635,397,589
SZ,002334,2017-01-03 13:38:45,8.1400,1,814.0000,1,S,8.1400,8.1300,8.1200,8.1100,8.1000,8.1500,8.1600,8.1700,8.1800,8.1900,87,615,416,223,513,539,640,635,397,589
SZ,002334,2017-01-03 13:39:24,8.1500,1,24450.0000,30,B,8.1400,8.1300,8.1200,8.1100,8.1000,8.1500,8.1600,8.1700,8.1800,8.1900,87,575,416,223,513,509,640,585,397,589
SZ,002334,2017-01-03 13:40:00,8.1400,1,814.0000,1,S,8.1400,8.1300,8.1200,8.1100,8.1000,8.1500,8.1600,8.1700,8.1800,8.1900,86,575,416,223,513,516,610,585,397,589
SZ,002334,2017-01-03 13:40:54,8.1500,6,145885.0000,179,B,8.1400,8.1300,8.1200,8.1100,8.1000,8.1500,8.1600,8.1700,8.1800,8.1900,196,575,416,223,513,347,618,585,397,549
SZ,002334,2017-01-03 13:41:03,8.1400,2,16280.0000,20,S,8.1400,8.1300,8.1200,8.1100,8.1000,8.1500,8.1600,8.1700,8.1800,8.1900,176,575,416,223,513,347,618,585,397,549
SZ,002334,2017-01-03 13:41:06,8.1400,2,4884.0000,6,S,8.1400,8.1300,8.1200,8.1100,8.1000,8.1500,8.1600,8.1700,8.1800,8.1900,170,575,416,223,513,347,618,585,397,549
SZ,002334,2017-01-03 13:41:39,8.1400,5,24420.0000,30,S,8.1400,8.1300,8.1200,8.1100,8.1000,8.1500,8.1600,8.1700,8.1800,8.1900,140,575,416,223,513,347,618,585,397,549
SZ,002334,2017-01-03 13:41:45,8.1400,5,69190.0000,85,S,8.1400,8.1300,8.1200,8.1100,8.1000,8.1500,8.1600,8.1700,8.1800,8.1900,55,575,416,223,513,347,618,585,397,549
SZ,002334,2017-01-03 13:41:48,8.1400,2,8140.0000,10,S,8.1400,8.1300,8.1200,8.1100,8.1000,8.1500,8.1600,8.1700,8.1800,8.1900,45,575,416,223,513,347,618,585,397,549
SZ,002334,2017-01-03 13:42:03,8.1400,1,814.0000,1,S,8.1400,8.1300,8.1200,8.1100,8.1000,8.1500,8.1600,8.1700,8.1800,8.1900,44,575,416,223,513,347,618,585,397,549
SZ,002334,2017-01-03 13:42:15,8.1400,1,814.0000,1,S,8.1400,8.1300,8.1200,8.1100,8.1000,8.1500,8.1600,8.1700,8.1800,8.1900,43,575,416,223,513,390,618,585,397,549
SZ,002334,2017-01-03 13:42:42,8.1500,2,67645.0000,83,B,8.1400,8.1300,8.1200,8.1100,8.1000,8.1500,8.1600,8.1700,8.1800,8.1900,43,575,416,223,513,307,618,585,397,549
SZ,002334,2017-01-03 13:43:00,8.1400,1,1628.0000,2,S,8.1400,8.1300,8.1200,8.1100,8.1000,8.1500,8.1600,8.1700,8.1800,8.1900,87,575,416,223,513,307,618,585,397,549
SZ,002334,2017-01-03 13:43:15,8.1400,1,16280.0000,20,S,8.1400,8.1300,8.1200,8.1100,8.1000,8.1500,8.1600,8.1700,8.1800,8.1900,67,575,416,223,513,317,618,585,397,549
SZ,002334,2017-01-03 13:44:45,8.1400,1,814.0000,1,S,8.1400,8.1300,8.1200,8.1100,8.1000,8.1500,8.1600,8.1700,8.1800,8.1900,78,575,416,223,518,317,618,507,398,749
SZ,002334,2017-01-03 13:45:03,8.1400,1,814.0000,1,S,8.1400,8.1300,8.1200,8.1100,8.1000,8.1500,8.1600,8.1700,8.1800,8.1900,175,575,416,243,518,317,618,507,398,749
SZ,002334,2017-01-03 13:46:15,8.1500,1,815.0000,1,B,8.1400,8.1300,8.1200,8.1100,8.1000,8.1500,8.1600,8.1700,8.1800,8.1900,175,585,416,243,518,324,618,507,398,749
SZ,002334,2017-01-03 13:46:45,8.1400,1,814.0000,1,S,8.1400,8.1300,8.1200,8.1100,8.1000,8.1500,8.1600,8.1700,8.1800,8.1900,174,585,416,243,518,324,618,507,398,749
SZ,002334,2017-01-03 13:47:03,8.1400,1,814.0000,1,S,8.1400,8.1300,8.1200,8.1100,8.1000,8.1500,8.1600,8.1700,8.1800,8.1900,173,585,416,243,518,324,618,517,398,749
SZ,002334,2017-01-03 13:47:21,8.1500,17,264166.0000,324,B,8.1500,8.1400,8.1300,8.1200,8.1100,8.1600,8.1700,8.1800,8.1900,8.2000,1675,193,585,416,243,618,517,398,749,1232
SZ,002334,2017-01-03 13:47:39,8.1600,17,408000.0000,500,B,8.1500,8.1400,8.1300,8.1200,8.1100,8.1600,8.1700,8.1800,8.1900,8.2000,1685,203,585,416,243,118,517,398,749,1232
SZ,002334,2017-01-03 13:48:03,8.1600,3,16320.0000,20,B,8.1500,8.1400,8.1300,8.1200,8.1100,8.1600,8.1700,8.1800,8.1900,8.2000,1685,183,585,416,243,98,517,398,839,1237
SZ,002334,2017-01-03 13:48:09,8.1600,9,79976.0000,98,B,8.1600,8.1500,8.1400,8.1300,8.1200,8.1700,8.1800,8.1900,8.2000,8.2100,273,1695,183,585,416,517,398,839,1237,279
SZ,002334,2017-01-03 13:48:51,8.1600,5,262752.0000,322,S,8.1600,8.1500,8.1400,8.1300,8.1200,8.1700,8.1800,8.1900,8.2000,8.2100,14,1685,183,413,209,517,438,899,1237,279
SZ,002334,2017-01-03 13:48:54,8.1700,1,13888.0000,17,B,8.1600,8.1500,8.1400,8.1300,8.1200,8.1700,8.1800,8.1900,8.2000,8.2100,14,1685,183,413,209,500,438,899,1237,279
SZ,002334,2017-01-03 13:49:03,8.1600,1,816.0000,1,S,8.1600,8.1500,8.1400,8.1300,8.1200,8.1700,8.1800,8.1900,8.2000,8.2100,13,1685,183,413,209,500,438,899,1237,279
SZ,002334,2017-01-03 13:49:09,8.1600,2,11416.0000,14,S,8.1500,8.1400,8.1300,8.1200,8.1100,8.1600,8.1700,8.1800,8.1900,8.2000,1685,183,413,209,243,26,505,433,899,1247
SZ,002334,2017-01-03 13:49:30,8.1500,1,4076.0000,5,S,8.1500,8.1400,8.1300,8.1200,8.1100,8.1600,8.1700,8.1800,8.1900,8.2000,1685,183,413,209,243,166,505,433,899,1247
SZ,002334,2017-01-03 13:49:33,8.1600,1,13872.0000,17,B,8.1500,8.1400,8.1300,8.1200,8.1100,8.1600,8.1700,8.1800,8.1900,8.2000,1685,183,413,207,243,149,505,433,904,1247
SZ,002334,2017-01-03 13:49:45,8.1600,3,6528.0000,8,B,8.1500,8.1400,8.1300,8.1200,8.1100,8.1600,8.1700,8.1800,8.1900,8.2000,1684,183,413,207,243,92,505,433,904,1247
SZ,002334,2017-01-03 13:49:48,8.1600,2,75080.0000,92,B,8.1600,8.1500,8.1400,8.1300,8.1200,8.1700,8.1800,8.1900,8.2000,8.2100,707,1684,183,413,207,505,433,904,1247,279
SZ,002334,2017-01-03 13:50:06,8.1600,1,24480.0000,30,S,8.1600,8.1500,8.1400,8.1300,8.1200,8.1700,8.1800,8.1900,8.2000,8.2100,677,1684,183,413,207,555,428,919,1247,279
SZ,002334,2017-01-03 13:50:27,8.1600,1,24480.0000,30,S,8.1600,8.1500,8.1400,8.1300,8.1200,8.1700,8.1800,8.1900,8.2000,8.2100,647,1684,183,413,207,530,428,919,1267,379
SZ,002334,2017-01-03 13:50:30,8.1600,17,409316.0000,501,S,8.1600,8.1500,8.1400,8.1300,8.1200,8.1700,8.1800,8.1900,8.2000,8.2100,646,1684,183,413,207,30,428,919,1267,379
SZ,002334,2017-01-03 13:50:36,8.1700,1,8168.0000,10,B,8.1600,8.1500,8.1400,8.1300,8.1200,8.1700,8.1800,8.1900,8.2000,8.2100,646,1684,183,413,207,20,428,919,1267,379
SZ,002334,2017-01-03 13:50:42,8.1700,1,8988.0000,11,B,8.1600,8.1500,8.1400,8.1300,8.1200,8.1700,8.1800,8.1900,8.2000,8.2100,646,1684,183,413,207,9,428,919,1267,379
SZ,002334,2017-01-03 13:50:51,8.1600,1,439008.0000,538,S,8.1600,8.1500,8.1400,8.1300,8.1200,8.1700,8.1800,8.1900,8.2000,8.2100,108,1684,183,413,207,13,428,919,1267,379
SZ,002334,2017-01-03 13:50:54,8.1700,3,10964.0000,13,B,8.1700,8.1600,8.1500,8.1400,8.1300,8.1800,8.1900,8.2000,8.2100,8.2200,260,108,1684,183,413,428,919,1267,379,581
SZ,002334,2017-01-03 13:51:03,8.1700,1,8172.0000,10,S,8.1700,8.1600,8.1500,8.1400,8.1300,8.1800,8.1900,8.2000,8.2100,8.2200,250,108,1684,183,413,428,919,1267,379,581
SZ,002334,2017-01-03 13:51:09,8.1700,1,8168.0000,10,S,8.1700,8.1600,8.1500,8.1400,8.1300,8.1800,8.1900,8.2000,8.2100,8.2200,240,108,1684,183,413,428,969,1268,379,581
SZ,002334,2017-01-03 13:51:54,8.1700,1,182192.0000,223,S,8.1700,8.1600,8.1500,8.1400,8.1300,8.1800,8.1900,8.2000,8.2100,8.2200,22,108,1684,183,398,433,997,1268,379,588
SZ,002334,2017-01-03 13:51:57,8.1700,3,18448.0000,23,S,8.1600,8.1500,8.1400,8.1300,8.1200,8.1700,8.1800,8.1900,8.2000,8.2100,108,1692,183,398,207,115,465,997,1268,379
SZ,002334,2017-01-03 13:52:03,8.1600,1,816.0000,1,S,8.1600,8.1500,8.1400,8.1300,8.1200,8.1700,8.1800,8.1900,8.2000,8.2100,107,1692,183,398,207,125,486,1005,1268,379
SZ,002334,2017-01-03 13:52:15,8.1700,1,28594.0000,35,B,8.1600,8.1500,8.1400,8.1300,8.1200,8.1700,8.1800,8.1900,8.2000,8.2100,107,1692,183,398,207,90,486,1103,1268,379
SZ,002334,2017-01-03 13:52:33,8.1700,1,3268.0000,4,B,8.1600,8.1500,8.1400,8.1300,8.1200,8.1700,8.1800,8.1900,8.2000,8.2100,107,1692,183,398,207,115,516,1013,1268,379
SZ,002334,2017-01-03 13:52:45,8.1600,1,4080.0000,5,S,8.1600,8.1500,8.1400,8.1300,8.1200,8.1700,8.1800,8.1900,8.2000,8.2100,102,1692,183,398,207,115,616,1013,1268,379
SZ,002334,2017-01-03 13:52:48,8.1600,1,816.0000,1,S,8.1600,8.1500,8.1400,8.1300,8.1200,8.1700,8.1800,8.1900,8.2000,8.2100,106,1692,183,398,207,125,616,1013,1268,379
SZ,002334,2017-01-03 13:53:18,8.1600,1,6528.0000,8,S,8.1600,8.1500,8.1400,8.1300,8.1200,8.1700,8.1800,8.1900,8.2000,8.2100,98,1702,183,398,207,159,616,1013,1237,379
SZ,002334,2017-01-03 13:53:33,8.1600,2,52224.0000,64,S,8.1600,8.1500,8.1400,8.1300,8.1200,8.1700,8.1800,8.1900,8.2000,8.2100,34,1702,183,398,207,160,691,1013,1237,379
SZ,002334,2017-01-03 13:53:36,8.1600,1,2448.0000,3,S,8.1600,8.1500,8.1400,8.1300,8.1200,8.1700,8.1800,8.1900,8.2000,8.2100,31,1702,183,398,207,160,691,1013,1237,379
SZ,002334,2017-01-03 13:53:39,8.1600,2,26104.0000,32,S,8.1500,8.1400,8.1300,8.1200,8.1100,8.1600,8.1700,8.1800,8.1900,8.2000,1702,183,398,207,243,128,160,691,1013,1237
SZ,002334,2017-01-03 13:54:03,8.1500,1,814.0000,1,S,8.1500,8.1400,8.1300,8.1200,8.1100,8.1600,8.1700,8.1800,8.1900,8.2000,1701,183,398,207,243,128,170,691,1013,1237
SZ,002334,2017-01-03 13:54:15,8.1500,1,8152.0000,10,S,8.1500,8.1400,8.1300,8.1200,8.1100,8.1600,8.1700,8.1800,8.1900,8.2000,1691,183,398,207,243,128,170,691,1013,1237
SZ,002334,2017-01-03 13:54:21,8.1600,1,1632.0000,2,B,8.1500,8.1400,8.1300,8.1200,8.1100,8.1600,8.1700,8.1800,8.1900,8.2000,1691,183,398,207,243,131,170,691,1013,1237
SZ,002334,2017-01-03 13:54:48,8.1500,1,814.0000,1,S,8.1500,8.1400,8.1300,8.1200,8.1100,8.1600,8.1700,8.1800,8.1900,8.2000,1690,183,398,207,243,142,170,691,1013,1237
SZ,002334,2017-01-03 13:55:09,8.1600,1,9792.0000,12,B,8.1500,8.1400,8.1300,8.1200,8.1100,8.1600,8.1700,8.1800,8.1900,8.2000,1700,183,398,207,243,130,170,694,1010,1237
SZ,002334,2017-01-03 13:55:30,8.1600,1,8160.0000,10,B,8.1500,8.1400,8.1300,8.1200,8.1100,8.1600,8.1700,8.1800,8.1900,8.2000,1700,173,398,207,243,120,180,694,1010,1237
SZ,002334,2017-01-03 13:55:54,8.1500,1,1630.0000,2,S,8.1500,8.1400,8.1300,8.1200,8.1100,8.1600,8.1700,8.1800,8.1900,8.2000,1698,173,398,207,243,120,180,694,1010,1237
SZ,002334,2017-01-03 13:56:06,8.1500,1,816.0000,1,S,8.1500,8.1400,8.1300,8.1200,8.1100,8.1600,8.1700,8.1800,8.1900,8.2000,1697,173,398,207,243,120,180,694,1010,1247
SZ,002334,2017-01-03 13:56:48,8.1600,3,97928.0000,120,B,8.1600,8.1500,8.1400,8.1300,8.1200,8.1700,8.1800,8.1900,8.2000,8.2100,479,1697,177,398,207,195,697,990,1247,379
SZ,002334,2017-01-03 13:57:48,8.1600,1,816.0000,1,S,8.1600,8.1500,8.1400,8.1300,8.1200,8.1700,8.1800,8.1900,8.2000,8.2100,478,1702,177,398,207,195,697,1019,1237,379
SZ,002334,2017-01-03 13:57:57,8.1600,1,8160.0000,10,S,8.1600,8.1500,8.1400,8.1300,8.1200,8.1700,8.1800,8.1900,8.2000,8.2100,468,1702,177,398,207,295,697,1019,1237,379
SZ,002334,2017-01-03 13:58:00,8.1600,1,267648.0000,328,S,8.1600,8.1500,8.1400,8.1300,8.1200,8.1700,8.1800,8.1900,8.2000,8.2100,140,1702,177,398,207,295,697,1019,1237,379
SZ,002334,2017-01-03 13:58:09,8.1700,2,6536.0000,8,B,8.1600,8.1500,8.1400,8.1300,8.1200,8.1700,8.1800,8.1900,8.2000,8.2100,140,1702,173,398,207,287,697,1019,1237,379
SZ,002334,2017-01-03 13:58:12,8.1600,1,115048.0000,141,S,8.1500,8.1400,8.1300,8.1200,8.1100,8.1600,8.1700,8.1800,8.1900,8.2000,1702,173,398,207,243,9,297,697,1019,1237
SZ,002334,2017-01-03 13:58:21,8.1600,1,7352.0000,9,B,8.1600,8.1500,8.1400,8.1300,8.1200,8.1700,8.1800,8.1900,8.2000,8.2100,0,1702,173,398,207,297,709,1019,1237,379
SZ,002334,2017-01-03 13:59:06,8.1500,2,816.0000,1,S,8.1500,8.1400,8.1300,8.1200,8.1100,8.1700,8.1800,8.1900,8.2000,8.2100,1712,173,398,207,243,307,710,1019,1238,379
SZ,002334,2017-01-03 13:59:36,8.1600,1,8160.0000,10,S,8.1500,8.1400,8.1300,8.1200,8.1100,8.1600,8.1700,8.1800,8.1900,8.2000,1717,173,398,207,243,40,318,710,1019,1238
SZ,002334,2017-01-03 13:59:48,8.1500,1,814.0000,1,S,8.1500,8.1400,8.1300,8.1200,8.1100,8.1600,8.1700,8.1800,8.1900,8.2000,1716,173,398,207,243,42,318,710,1019,1238
SZ,002334,2017-01-03 14:00:09,8.1600,1,816.0000,1,B,8.1500,8.1400,8.1300,8.1200,8.1100,8.1600,8.1700,8.1800,8.1900,8.2000,1716,173,398,207,243,51,318,732,1019,1268
