市场代码,证券代码,时间,最新价,成交笔数,成交额,成交量,方向,买一价,买二价,买三价,买四价,买五价,卖一价,卖二价,卖三价,卖四价,卖五价,买一量,买二量,买三量,买四量,买五量,卖一量,卖二量,卖三量,卖四量,卖五量
SZ,002342,2017-01-03 09:25:03,6.9400,22,526052.0000,758,B,6.9300,6.9100,6.9000,6.8600,6.8500,6.9400,6.9500,6.9600,6.9700,6.9800,7,137,20,395,264,1066,940,189,120,69
SZ,002342,2017-01-03 09:30:00,6.9400,1,2082.0000,3,B,6.9300,6.9100,6.9000,6.8600,6.8500,6.9400,6.9500,6.9600,6.9700,6.9800,7,137,20,395,264,1063,940,189,120,69
SZ,002342,2017-01-03 09:30:03,6.9300,23,157712.0000,228,S,6.9200,6.9100,6.9000,6.8900,6.8800,6.9300,6.9400,6.9500,6.9600,6.9700,50,165,49,10,131,1235,1651,913,189,121
SZ,002342,2017-01-03 09:30:06,6.9300,14,175824.0000,254,B,6.9100,6.9000,6.8900,6.8800,6.8700,6.9300,6.9400,6.9500,6.9600,6.9700,145,139,10,131,565,1379,1699,229,189,121
SZ,002342,2017-01-03 09:30:09,6.9100,2,13137.0000,19,S,6.9100,6.9000,6.8900,6.8800,6.8700,6.9300,6.9400,6.9500,6.9600,6.9700,130,139,10,131,565,1375,1699,229,189,121
SZ,002342,2017-01-03 09:30:12,6.9100,11,356174.0000,514,S,6.9200,6.9100,6.9000,6.8900,6.8800,6.9300,6.9400,6.9500,6.9600,6.9700,3,116,139,10,131,875,1699,229,189,121
SZ,002342,2017-01-03 09:30:15,6.9100,2,3458.0000,5,S,6.9100,6.9000,6.8900,6.8800,6.8700,6.9300,6.9400,6.9500,6.9600,6.9700,114,139,10,131,565,875,1699,229,189,121
SZ,002342,2017-01-03 09:30:18,6.9200,1,6920.0000,10,B,6.9200,6.9100,6.9000,6.8900,6.8800,6.9300,6.9400,6.9500,6.9600,6.9700,490,114,139,10,131,875,1699,229,189,121
SZ,002342,2017-01-03 09:30:21,6.9300,1,45738.0000,66,B,6.9200,6.9100,6.9000,6.8900,6.8800,6.9300,6.9400,6.9500,6.9600,6.9700,490,114,139,10,131,809,1699,229,189,121
SZ,002342,2017-01-03 09:30:30,6.9300,1,1386.0000,2,B,6.9200,6.9100,6.9000,6.8900,6.8800,6.9300,6.9400,6.9500,6.9600,6.9700,490,114,139,10,131,875,699,229,189,111
SZ,002342,2017-01-03 09:30:33,6.9300,3,3465.0000,5,B,6.9200,6.9100,6.9000,6.8900,6.8800,6.9300,6.9400,6.9500,6.9600,6.9700,490,114,139,10,141,745,699,229,189,111
SZ,002342,2017-01-03 09:30:39,6.9300,2,13860.0000,20,B,6.9200,6.9100,6.9000,6.8900,6.8800,6.9300,6.9400,6.9500,6.9600,6.9700,490,114,139,10,141,725,699,229,189,111
SZ,002342,2017-01-03 09:30:45,6.9200,1,339080.0000,490,S,6.9100,6.9000,6.8900,6.8800,6.8700,6.9200,6.9300,6.9400,6.9500,6.9600,114,139,10,141,565,10,725,699,229,189
SZ,002342,2017-01-03 09:30:57,6.9200,2,13840.0000,20,B,6.9200,6.9100,6.9000,6.8900,6.8800,6.9300,6.9400,6.9500,6.9600,6.9700,20,114,189,10,141,760,669,229,189,111
SZ,002342,2017-01-03 09:31:00,6.9200,1,3460.0000,5,S,6.9200,6.9100,6.9000,6.8900,6.8800,6.9300,6.9400,6.9500,6.9600,6.9700,22,114,189,10,320,760,669,229,189,111
SZ,002342,2017-01-03 09:31:03,6.9200,3,18691.0000,27,S,6.9200,6.9100,6.9000,6.8900,6.8800,6.9300,6.9400,6.9500,6.9600,6.9700,2,114,201,10,320,753,170,229,189,111
SZ,002342,2017-01-03 09:31:06,6.9200,3,6228.0000,9,S,6.9100,6.9000,6.8900,6.8800,6.8700,6.9200,6.9300,6.9400,6.9500,6.9600,114,201,10,320,565,9,783,150,229,189
SZ,002342,2017-01-03 09:31:09,6.9200,1,1384.0000,2,B,6.9100,6.9000,6.8900,6.8800,6.8700,6.9200,6.9300,6.9400,6.9500,6.9600,194,201,10,320,565,7,783,150,199,189
SZ,002342,2017-01-03 09:31:12,6.9200,2,6920.0000,10,B,6.9100,6.9000,6.8900,6.8800,6.8700,6.9200,6.9300,6.9400,6.9500,6.9600,194,201,10,320,565,69,783,150,199,189
SZ,002342,2017-01-03 09:31:15,6.9200,1,5536.0000,8,B,6.9100,6.9000,6.8900,6.8800,6.8700,6.9200,6.9300,6.9400,6.9500,6.9600,194,251,10,320,565,81,783,150,199,189
SZ,002342,2017-01-03 09:31:18,6.9200,1,6920.0000,10,B,6.9100,6.9000,6.8900,6.8800,6.8700,6.9200,6.9300,6.9400,6.9500,6.9600,201,251,10,320,605,845,783,150,199,189
SZ,002342,2017-01-03 09:31:21,6.9100,1,20730.0000,30,S,6.9100,6.9000,6.8900,6.8800,6.8700,6.9200,6.9300,6.9400,6.9500,6.9600,171,251,10,320,605,895,783,150,199,189
SZ,002342,2017-01-03 09:31:36,6.9100,1,6910.0000,10,S,6.9100,6.9000,6.8900,6.8800,6.8700,6.9200,6.9300,6.9400,6.9500,6.9600,181,451,183,320,605,895,753,150,199,189
SZ,002342,2017-01-03 09:31:42,6.9100,7,125071.0000,181,S,6.9000,6.8900,6.8800,6.8700,6.8600,6.9100,6.9200,6.9300,6.9400,6.9500,451,183,320,605,936,125,895,753,150,199
SZ,002342,2017-01-03 09:31:57,6.9100,1,691.0000,1,B,6.9000,6.8900,6.8800,6.8700,6.8600,6.9100,6.9200,6.9300,6.9400,6.9500,451,183,320,605,936,274,895,698,120,199
SZ,002342,2017-01-03 09:32:00,6.9000,12,311190.0000,451,S,6.8900,6.8800,6.8700,6.8600,6.8500,6.9000,6.9100,6.9200,6.9300,6.9400,183,320,605,936,376,108,324,895,696,120
SZ,002342,2017-01-03 09:32:03,6.9100,10,346814.0000,502,B,6.9100,6.8900,6.8800,6.8700,6.8600,6.9200,6.9300,6.9400,6.9500,6.9600,49,183,320,605,936,855,696,110,199,189
SZ,002342,2017-01-03 09:32:06,6.9100,1,4146.0000,6,S,6.9100,6.8900,6.8800,6.8700,6.8600,6.9200,6.9300,6.9400,6.9500,6.9600,43,183,320,605,936,855,696,110,199,189
SZ,002342,2017-01-03 09:32:09,6.9100,6,168113.0000,243,S,6.8900,6.8800,6.8700,6.8600,6.8500,6.9100,6.9200,6.9300,6.9400,6.9500,183,320,605,936,376,339,655,696,110,199
SZ,002342,2017-01-03 09:32:24,6.9000,2,9660.0000,14,S,6.8900,6.8800,6.8700,6.8600,6.8500,6.9000,6.9100,6.9200,6.9300,6.9400,683,320,595,936,452,16,379,663,696,80
SZ,002342,2017-01-03 09:32:30,6.9000,4,66288.0000,96,B,6.8900,6.8800,6.8700,6.8600,6.8500,6.9000,6.9100,6.9200,6.9300,6.9400,683,320,595,936,502,8,370,673,496,80
SZ,002342,2017-01-03 09:32:33,6.9000,3,19320.0000,28,B,6.9000,6.8900,6.8800,6.8700,6.8600,6.9100,6.9200,6.9300,6.9400,6.9500,12,683,320,595,936,370,673,496,80,249
SZ,002342,2017-01-03 09:32:36,6.8900,3,13792.0000,20,S,6.9000,6.8900,6.8800,6.8700,6.8600,6.9100,6.9200,6.9300,6.9400,6.9500,40,675,330,595,936,370,673,506,80,249
SZ,002342,2017-01-03 09:32:39,6.9000,2,2760.0000,4,S,6.9000,6.8900,6.8800,6.8700,6.8600,6.9100,6.9200,6.9300,6.9400,6.9500,72,675,330,595,936,370,663,506,80,249
SZ,002342,2017-01-03 09:32:42,6.9000,2,49680.0000,72,S,6.8900,6.8800,6.8700,6.8600,6.8500,6.9100,6.9200,6.9300,6.9400,6.9500,675,330,595,817,472,370,663,506,80,249
SZ,002342,2017-01-03 09:32:51,6.9100,1,3455.0000,5,B,6.8900,6.8800,6.8700,6.8600,6.8500,6.9000,6.9100,6.9200,6.9300,6.9400,675,330,595,817,504,30,365,663,506,80
SZ,002342,2017-01-03 09:32:57,6.9000,1,20700.0000,30,B,6.9000,6.8900,6.8800,6.8700,6.8600,6.9100,6.9200,6.9300,6.9400,6.9500,10,675,330,595,817,379,663,506,80,249
SZ,002342,2017-01-03 09:33:03,6.9000,1,6900.0000,10,S,6.9000,6.8900,6.8800,6.8700,6.8600,6.9100,6.9200,6.9300,6.9400,6.9500,15,675,380,595,817,349,663,506,80,249
SZ,002342,2017-01-03 09:33:06,6.9000,1,690.0000,1,S,6.9000,6.8900,6.8800,6.8700,6.8600,6.9100,6.9200,6.9300,6.9400,6.9500,14,675,380,595,817,349,663,506,80,249
SZ,002342,2017-01-03 09:33:21,6.9100,2,11747.0000,17,B,6.9000,6.8900,6.8800,6.8700,6.8600,6.9100,6.9200,6.9300,6.9400,6.9500,87,675,380,742,828,293,663,438,80,249
SZ,002342,2017-01-03 09:33:24,6.9000,1,6900.0000,10,S,6.9000,6.8900,6.8800,6.8700,6.8600,6.9100,6.9200,6.9300,6.9400,6.9500,83,675,380,742,828,293,663,438,80,249
SZ,002342,2017-01-03 09:33:33,6.9100,3,67650.0000,98,B,6.9000,6.8900,6.8800,6.8700,6.8600,6.9100,6.9200,6.9300,6.9400,6.9500,25,675,380,742,838,263,663,426,80,249
SZ,002342,2017-01-03 09:33:39,6.9100,2,27640.0000,40,B,6.9000,6.8900,6.8800,6.8700,6.8600,6.9100,6.9200,6.9300,6.9400,6.9500,30,675,380,742,838,223,663,426,80,249
SZ,002342,2017-01-03 09:33:42,6.9000,6,27600.0000,40,S,6.9000,6.8900,6.8800,6.8700,6.8600,6.9100,6.9200,6.9300,6.9400,6.9500,57,675,380,742,838,223,663,426,80,249
SZ,002342,2017-01-03 09:33:51,6.9000,2,41450.0000,60,S,6.9000,6.8900,6.8800,6.8700,6.8600,6.9100,6.9200,6.9300,6.9400,6.9500,47,675,380,742,837,173,663,426,80,249
SZ,002342,2017-01-03 09:33:57,6.9100,1,3455.0000,5,B,6.9000,6.8900,6.8800,6.8700,6.8600,6.9100,6.9200,6.9300,6.9400,6.9500,47,675,380,792,837,168,613,426,80,249
SZ,002342,2017-01-03 09:34:00,6.9000,3,39330.0000,57,S,6.8900,6.8800,6.8700,6.8600,6.8500,6.9000,6.9100,6.9200,6.9300,6.9400,675,380,742,837,509,185,168,613,426,80
SZ,002342,2017-01-03 09:34:03,6.9000,1,4140.0000,6,B,6.8900,6.8800,6.8700,6.8600,6.8500,6.9000,6.9100,6.9200,6.9300,6.9400,675,340,742,837,509,179,168,617,476,80
SZ,002342,2017-01-03 09:34:06,6.9000,2,71760.0000,104,B,6.8900,6.8800,6.8700,6.8600,6.8500,6.9000,6.9100,6.9200,6.9300,6.9400,678,340,762,837,509,75,174,617,336,80
SZ,002342,2017-01-03 09:34:15,6.9000,1,27600.0000,40,B,6.8900,6.8800,6.8700,6.8600,6.8500,6.9000,6.9100,6.9200,6.9300,6.9400,678,340,762,837,495,45,66,617,336,110
SZ,002342,2017-01-03 09:34:18,6.9000,2,25530.0000,37,B,6.8900,6.8800,6.8700,6.8600,6.8500,6.9000,6.9100,6.9200,6.9300,6.9400,678,340,762,837,495,8,66,617,336,110
SZ,002342,2017-01-03 09:34:21,6.8900,2,69589.0000,101,S,6.8900,6.8800,6.8700,6.8600,6.8500,6.9000,6.9100,6.9200,6.9300,6.9400,577,340,762,837,495,8,66,617,336,110
SZ,002342,2017-01-03 09:34:24,6.9000,1,2070.0000,3,B,6.8900,6.8800,6.8700,6.8600,6.8500,6.9000,6.9100,6.9200,6.9300,6.9400,582,340,762,837,495,5,66,617,336,110
SZ,002342,2017-01-03 09:34:33,6.9000,2,18630.0000,27,B,6.8900,6.8800,6.8700,6.8600,6.8500,6.9000,6.9100,6.9200,6.9300,6.9400,582,340,834,837,500,28,450,617,336,110
SZ,002342,2017-01-03 09:34:36,6.8900,1,6201.0000,9,S,6.8900,6.8800,6.8700,6.8600,6.8500,6.9000,6.9100,6.9200,6.9300,6.9400,573,340,834,837,500,28,467,617,336,110
SZ,002342,2017-01-03 09:34:39,6.9000,1,19320.0000,28,B,6.9000,6.8900,6.8800,6.8700,6.8600,6.9100,6.9200,6.9300,6.9400,6.9500,10,573,359,834,837,467,617,336,110,249
SZ,002342,2017-01-03 09:34:45,6.9000,2,6900.0000,10,S,6.8900,6.8800,6.8700,6.8600,6.8500,6.9000,6.9100,6.9200,6.9300,6.9400,573,407,834,837,505,19,467,617,326,110
SZ,002342,2017-01-03 09:34:48,6.9000,2,11730.0000,17,B,6.8900,6.8800,6.8700,6.8600,6.8500,6.9000,6.9100,6.9200,6.9300,6.9400,573,407,834,837,505,2,467,617,326,110
SZ,002342,2017-01-03 09:35:03,6.8900,1,11713.0000,17,S,6.8900,6.8800,6.8700,6.8600,6.8500,6.9000,6.9100,6.9200,6.9300,6.9400,556,386,834,837,505,8,507,617,326,110
SZ,002342,2017-01-03 09:35:06,6.9000,3,5520.0000,8,B,6.9000,6.8900,6.8800,6.8700,6.8600,6.9100,6.9200,6.9300,6.9400,6.9500,14,556,386,834,837,507,617,326,110,199
SZ,002342,2017-01-03 09:35:09,6.9000,1,1380.0000,2,S,6.9000,6.8900,6.8800,6.8700,6.8600,6.9100,6.9200,6.9300,6.9400,6.9500,12,556,386,834,837,507,617,326,110,199
SZ,002342,2017-01-03 09:35:12,6.9000,1,3450.0000,5,S,6.9000,6.8900,6.8800,6.8700,6.8600,6.9100,6.9200,6.9300,6.9400,6.9500,47,556,386,834,837,507,617,326,152,199
SZ,002342,2017-01-03 09:35:15,6.9000,2,32430.0000,47,S,6.8900,6.8800,6.8700,6.8600,6.8500,6.9000,6.9100,6.9200,6.9300,6.9400,556,386,834,837,573,53,507,617,326,152
SZ,002342,2017-01-03 09:35:27,6.9000,2,16559.0000,24,B,6.8900,6.8800,6.8700,6.8600,6.8500,6.9000,6.9100,6.9200,6.9300,6.9400,557,386,834,840,805,194,535,617,326,152
SZ,002342,2017-01-03 09:35:33,6.9000,1,8970.0000,13,B,6.8900,6.8800,6.8700,6.8600,6.8500,6.9000,6.9100,6.9200,6.9300,6.9400,557,386,828,840,805,181,535,617,326,152
SZ,002342,2017-01-03 09:35:42,6.9000,4,119370.0000,173,B,6.8900,6.8800,6.8700,6.8600,6.8500,6.9000,6.9100,6.9200,6.9300,6.9400,557,386,828,840,825,8,549,617,326,152
SZ,002342,2017-01-03 09:35:51,6.9000,3,56580.0000,82,B,6.9000,6.8900,6.8800,6.8700,6.8600,6.9100,6.9200,6.9300,6.9400,6.9500,118,557,386,828,840,554,617,326,152,202
SZ,002342,2017-01-03 09:35:57,6.9000,1,6900.0000,10,S,6.9000,6.8900,6.8800,6.8700,6.8600,6.9100,6.9200,6.9300,6.9400,6.9500,495,557,396,828,840,554,617,306,152,202
SZ,002342,2017-01-03 09:36:06,6.9000,1,690.0000,1,S,6.9000,6.8900,6.8800,6.8700,6.8600,6.9100,6.9200,6.9300,6.9400,6.9500,514,557,396,828,850,168,617,306,152,202
SZ,002342,2017-01-03 09:36:09,6.9000,1,9660.0000,14,S,6.9000,6.8900,6.8800,6.8700,6.8600,6.9100,6.9200,6.9300,6.9400,6.9500,500,557,396,828,850,168,617,306,152,202
SZ,002342,2017-01-03 09:36:18,6.9000,1,30360.0000,44,S,6.9000,6.8900,6.8800,6.8700,6.8600,6.9100,6.9200,6.9300,6.9400,6.9500,333,557,396,828,900,174,617,306,152,202
SZ,002342,2017-01-03 09:36:30,6.8900,6,532930.0000,773,S,6.8900,6.8800,6.8700,6.8600,6.8500,6.9100,6.9200,6.9300,6.9400,6.9500,112,396,828,900,1334,174,617,306,152,202
SZ,002342,2017-01-03 09:36:42,6.8900,3,10344.0000,15,S,6.8900,6.8800,6.8700,6.8600,6.8500,6.9000,6.9100,6.9200,6.9300,6.9400,102,396,828,900,1335,10,232,617,306,202
SZ,002342,2017-01-03 09:36:45,6.8900,1,689.0000,1,S,6.8900,6.8800,6.8700,6.8600,6.8500,6.9000,6.9100,6.9200,6.9300,6.9400,101,396,828,900,1335,18,232,617,306,202
SZ,002342,2017-01-03 09:36:48,6.8900,1,2067.0000,3,S,6.8900,6.8800,6.8700,6.8600,6.8500,6.9000,6.9100,6.9200,6.9300,6.9400,98,396,828,900,1335,18,232,617,306,202
SZ,002342,2017-01-03 09:36:54,6.9000,2,37900.0000,55,B,6.8900,6.8800,6.8700,6.8600,6.8500,6.9000,6.9100,6.9200,6.9300,6.9400,78,396,828,922,1335,13,232,617,276,202
SZ,002342,2017-01-03 09:36:57,6.8900,1,2067.0000,3,S,6.8900,6.8800,6.8700,6.8600,6.8500,6.9000,6.9100,6.9200,6.9300,6.9400,80,446,828,922,1335,13,232,617,276,202
SZ,002342,2017-01-03 09:37:00,6.9000,1,690.0000,1,B,6.8900,6.8800,6.8700,6.8600,6.8500,6.9000,6.9100,6.9200,6.9300,6.9400,80,446,828,922,1335,33,232,617,276,202
SZ,002342,2017-01-03 09:37:03,6.9000,3,13800.0000,20,B,6.8900,6.8800,6.8700,6.8600,6.8500,6.9000,6.9100,6.9200,6.9300,6.9400,80,446,828,922,1335,13,232,617,276,207
SZ,002342,2017-01-03 09:37:06,6.8900,1,1378.0000,2,S,6.8900,6.8800,6.8700,6.8600,6.8500,6.9000,6.9100,6.9200,6.9300,6.9400,98,446,828,922,1345,13,232,617,276,207
SZ,002342,2017-01-03 09:37:30,6.8900,1,689.0000,1,S,6.8900,6.8800,6.8700,6.8600,6.8500,6.9000,6.9100,6.9200,6.9300,6.9400,387,446,828,983,1445,64,259,617,276,207
SZ,002342,2017-01-03 09:37:33,6.8900,1,689.0000,1,S,6.8900,6.8800,6.8700,6.8600,6.8500,6.9000,6.9100,6.9200,6.9300,6.9400,386,446,828,983,1445,94,259,617,276,207
SZ,002342,2017-01-03 09:37:36,6.8900,1,3445.0000,5,S,6.8900,6.8800,6.8700,6.8600,6.8500,6.9000,6.9100,6.9200,6.9300,6.9400,381,446,828,983,1454,94,259,617,276,207
SZ,002342,2017-01-03 09:37:42,6.8900,5,24115.0000,35,S,6.8900,6.8800,6.8700,6.8600,6.8500,6.9000,6.9100,6.9200,6.9300,6.9400,346,446,828,983,1453,94,259,617,206,207
SZ,002342,2017-01-03 09:37:48,6.9000,1,6210.0000,9,B,6.8900,6.8800,6.8700,6.8600,6.8500,6.9000,6.9100,6.9200,6.9300,6.9400,361,455,828,983,1453,85,259,617,206,217
SZ,002342,2017-01-03 09:38:03,6.9000,8,119367.0000,173,B,6.9000,6.8900,6.8800,6.8700,6.8600,6.9100,6.9200,6.9300,6.9400,6.9500,180,423,455,828,983,259,617,216,222,240
SZ,002342,2017-01-03 09:38:12,6.9000,3,131100.0000,190,S,6.8900,6.8800,6.8700,6.8600,6.8500,6.9000,6.9100,6.9200,6.9300,6.9400,449,461,710,1103,1453,194,250,617,216,222
SZ,002342,2017-01-03 09:38:24,6.9000,1,69000.0000,100,B,6.8900,6.8800,6.8700,6.8600,6.8500,6.9000,6.9100,6.9200,6.9300,6.9400,459,382,710,1103,1453,163,250,617,216,222
SZ,002342,2017-01-03 09:38:33,6.9000,2,69000.0000,100,B,6.8900,6.8800,6.8700,6.8600,6.8500,6.9000,6.9100,6.9200,6.9300,6.9400,459,382,760,1103,1453,63,250,617,216,219
SZ,002342,2017-01-03 09:38:39,6.8900,16,372060.0000,540,S,6.8800,6.8700,6.8600,6.8500,6.8400,6.8900,6.9000,6.9100,6.9200,6.9300,482,760,1103,1453,246,62,109,250,617,216
SZ,002342,2017-01-03 09:38:42,6.8900,1,1378.0000,2,B,6.8800,6.8700,6.8600,6.8500,6.8400,6.8900,6.9000,6.9100,6.9200,6.9300,482,760,1103,1453,246,260,109,250,617,216
SZ,002342,2017-01-03 09:38:48,6.8900,2,24115.0000,35,B,6.8800,6.8700,6.8600,6.8500,6.8400,6.8900,6.9000,6.9100,6.9200,6.9300,602,760,1103,1453,246,225,106,250,617,216
SZ,002342,2017-01-03 09:38:51,6.8900,1,10335.0000,15,B,6.8800,6.8700,6.8600,6.8500,6.8400,6.8900,6.9000,6.9100,6.9200,6.9300,602,760,1103,1453,246,210,106,250,617,216
SZ,002342,2017-01-03 09:38:57,6.8900,2,33761.0000,49,B,6.8800,6.8700,6.8600,6.8500,6.8400,6.8900,6.9000,6.9100,6.9200,6.9300,602,760,1103,1453,246,664,111,250,617,216
SZ,002342,2017-01-03 09:39:03,6.8900,1,68900.0000,100,B,6.8800,6.8700,6.8600,6.8500,6.8400,6.8900,6.9000,6.9100,6.9200,6.9300,602,760,1103,1453,246,561,68,250,617,216
SZ,002342,2017-01-03 09:39:06,6.8900,1,6890.0000,10,B,6.8800,6.8700,6.8600,6.8500,6.8400,6.8900,6.9000,6.9100,6.9200,6.9300,602,760,1103,1453,246,551,68,250,617,216
SZ,002342,2017-01-03 09:39:09,6.8800,1,2064.0000,3,S,6.8800,6.8700,6.8600,6.8500,6.8400,6.8900,6.9000,6.9100,6.9200,6.9300,599,770,1103,1453,246,51,68,250,617,216
SZ,002342,2017-01-03 09:39:12,6.8800,4,29584.0000,43,S,6.8800,6.8700,6.8600,6.8500,6.8400,6.8900,6.9000,6.9100,6.9200,6.9300,556,770,1106,1453,246,53,68,295,617,216
SZ,002342,2017-01-03 09:39:15,6.8900,2,36517.0000,53,B,6.8900,6.8800,6.8700,6.8600,6.8500,6.9000,6.9100,6.9200,6.9300,6.9400,447,566,770,1106,1453,68,295,617,216,219
SZ,002342,2017-01-03 09:39:18,6.8800,5,347887.0000,505,S,6.8800,6.8700,6.8600,6.8500,6.8400,6.9000,6.9100,6.9200,6.9300,6.9400,508,770,1106,1455,246,68,295,617,216,209
SZ,002342,2017-01-03 09:39:24,6.8900,2,19276.0000,28,B,6.8900,6.8800,6.8700,6.8600,6.8500,6.9000,6.9100,6.9200,6.9300,6.9400,188,492,770,1106,1455,669,295,617,216,209
SZ,002342,2017-01-03 09:39:33,6.9000,2,27600.0000,40,B,6.8900,6.8800,6.8700,6.8600,6.8500,6.9000,6.9100,6.9200,6.9300,6.9400,288,502,970,1106,1455,629,295,617,216,209
SZ,002342,2017-01-03 09:39:39,6.8900,1,13780.0000,20,S,6.8900,6.8800,6.8700,6.8600,6.8500,6.9000,6.9100,6.9200,6.9300,6.9400,268,632,1020,1206,1455,629,295,617,216,209
SZ,002342,2017-01-03 09:39:54,6.8900,2,148135.0000,215,S,6.8900,6.8800,6.8700,6.8600,6.8500,6.9000,6.9100,6.9200,6.9300,6.9400,328,682,1020,1206,1455,424,295,617,216,209
SZ,002342,2017-01-03 09:39:57,6.8900,4,137800.0000,200,S,6.8900,6.8800,6.8700,6.8600,6.8500,6.9000,6.9100,6.9200,6.9300,6.9400,128,682,1020,1206,1455,454,295,617,216,209
SZ,002342,2017-01-03 09:40:06,6.8900,1,6890.0000,10,S,6.8900,6.8800,6.8700,6.8600,6.8500,6.9000,6.9100,6.9200,6.9300,6.9400,148,702,1020,1206,1455,454,295,617,216,209
SZ,002342,2017-01-03 09:40:12,6.8900,10,140612.0000,204,S,6.8800,6.8700,6.8600,6.8500,6.8400,6.8900,6.9000,6.9100,6.9200,6.9300,702,1020,1206,1459,2557,124,398,295,622,215
SZ,002342,2017-01-03 09:40:18,6.8900,1,3445.0000,5,B,6.8800,6.8700,6.8600,6.8500,6.8400,6.8900,6.9000,6.9100,6.9200,6.9300,742,1020,1206,1459,2557,119,398,295,622,215
SZ,002342,2017-01-03 09:40:21,6.8900,1,3445.0000,5,B,6.8800,6.8700,6.8600,6.8500,6.8400,6.8900,6.9000,6.9100,6.9200,6.9300,802,1020,1206,1459,2567,114,398,295,622,215
SZ,002342,2017-01-03 09:40:33,6.8800,1,688.0000,1,S,6.8800,6.8700,6.8600,6.8500,6.8400,6.8900,6.9000,6.9100,6.9200,6.9300,881,1020,1206,1459,2553,204,698,295,622,215
SZ,002342,2017-01-03 09:40:42,6.8800,3,75680.0000,110,S,6.8800,6.8700,6.8600,6.8500,6.8400,6.8900,6.9000,6.9100,6.9200,6.9300,782,1020,1206,1386,2553,204,698,295,622,215
SZ,002342,2017-01-03 09:40:45,6.8800,2,17200.0000,25,S,6.8800,6.8700,6.8600,6.8500,6.8400,6.8900,6.9000,6.9100,6.9200,6.9300,737,1020,1206,1386,2553,204,698,295,622,215
SZ,002342,2017-01-03 09:40:48,6.8800,2,6880.0000,10,S,6.8800,6.8700,6.8600,6.8500,6.8400,6.8900,6.9000,6.9100,6.9200,6.9300,732,1020,1230,1436,2553,272,698,295,622,215
SZ,002342,2017-01-03 09:40:51,6.8800,5,44032.0000,64,S,6.8800,6.8700,6.8600,6.8500,6.8400,6.8900,6.9000,6.9100,6.9200,6.9300,678,1020,1230,1436,2553,272,698,295,622,215
SZ,002342,2017-01-03 09:41:03,6.8800,4,61920.0000,90,S,6.8800,6.8700,6.8600,6.8500,6.8400,6.8900,6.9000,6.9100,6.9200,6.9300,838,1401,1223,1426,2589,272,698,295,622,215
SZ,002342,2017-01-03 09:41:09,6.8800,4,104576.0000,152,S,6.8800,6.8700,6.8600,6.8500,6.8400,6.8900,6.9000,6.9100,6.9200,6.9300,706,1401,1223,1406,2589,808,698,295,622,215
SZ,002342,2017-01-03 09:41:21,6.8800,12,240122.0000,349,S,6.8800,6.8700,6.8600,6.8500,6.8400,6.8900,6.9000,6.9100,6.9200,6.9300,378,1401,1223,1425,2589,708,698,268,622,215
SZ,002342,2017-01-03 09:41:24,6.8800,2,7574.0000,11,S,6.8800,6.8700,6.8600,6.8500,6.8400,6.8900,6.9000,6.9100,6.9200,6.9300,373,1401,1223,1426,2589,702,698,268,622,165
SZ,002342,2017-01-03 09:41:27,6.8800,4,61920.0000,90,S,6.8800,6.8700,6.8600,6.8500,6.8400,6.8900,6.9000,6.9100,6.9200,6.9300,293,1401,1223,1426,2589,702,668,223,622,165
SZ,002342,2017-01-03 09:41:30,6.8900,3,10325.0000,15,B,6.8800,6.8700,6.8600,6.8500,6.8400,6.8900,6.9000,6.9100,6.9200,6.9300,83,1451,1223,1426,2589,697,668,223,622,155
SZ,002342,2017-01-03 09:41:33,6.8800,2,10320.0000,15,S,6.8800,6.8700,6.8600,6.8500,6.8400,6.8900,6.9000,6.9100,6.9200,6.9300,68,1451,1223,1426,2589,697,668,223,622,155
SZ,002342,2017-01-03 09:41:36,6.8800,1,9632.0000,14,S,6.8800,6.8700,6.8600,6.8500,6.8400,6.8900,6.9000,6.9100,6.9200,6.9300,74,1451,1223,1426,2589,727,668,273,622,155
SZ,002342,2017-01-03 09:41:39,6.8900,1,34450.0000,50,B,6.8800,6.8700,6.8600,6.8500,6.8400,6.8900,6.9000,6.9100,6.9200,6.9300,94,1451,1223,1426,298,677,668,273,622,155
SZ,002342,2017-01-03 09:41:42,6.8800,3,13072.0000,19,S,6.8800,6.8700,6.8600,6.8500,6.8400,6.8900,6.9000,6.9100,6.9200,6.9300,75,1451,1231,1426,298,677,668,273,622,155
SZ,002342,2017-01-03 09:41:45,6.8800,3,13072.0000,19,S,6.8800,6.8700,6.8600,6.8500,6.8400,6.8900,6.9000,6.9100,6.9200,6.9300,76,1451,1231,1426,298,677,673,273,622,155
SZ,002342,2017-01-03 09:41:51,6.8500,80,2745426.0000,4001,S,6.8800,6.8500,6.8400,6.8300,6.8200,6.8900,6.9000,6.9100,6.9200,6.9300,30,323,298,160,206,722,673,273,662,215
SZ,002342,2017-01-03 09:41:54,6.8800,1,13760.0000,20,S,6.8800,6.8500,6.8400,6.8300,6.8200,6.8900,6.9000,6.9100,6.9200,6.9300,25,323,298,160,206,722,673,273,662,215
SZ,002342,2017-01-03 09:41:57,6.8800,3,17200.0000,25,S,6.8500,6.8400,6.8300,6.8200,6.8100,6.8800,6.8900,6.9000,6.9100,6.9200,323,298,160,206,243,18,722,673,273,662
SZ,002342,2017-01-03 09:42:03,6.8800,1,3440.0000,5,B,6.8500,6.8400,6.8300,6.8200,6.8100,6.8800,6.8900,6.9000,6.9100,6.9200,313,298,170,186,243,13,795,675,273,662
SZ,002342,2017-01-03 09:42:12,6.8800,5,33712.0000,49,B,6.8600,6.8500,6.8400,6.8300,6.8200,6.8800,6.8900,6.9000,6.9100,6.9200,500,333,298,170,186,151,795,695,313,662
SZ,002342,2017-01-03 09:42:15,6.8800,2,1376.0000,2,B,6.8600,6.8500,6.8400,6.8300,6.8200,6.8800,6.8900,6.9000,6.9100,6.9200,500,393,348,170,196,149,795,695,313,662
SZ,002342,2017-01-03 09:42:18,6.8800,1,3440.0000,5,B,6.8600,6.8500,6.8400,6.8300,6.8200,6.8800,6.8900,6.9000,6.9100,6.9200,500,448,348,180,296,144,795,695,313,662
SZ,002342,2017-01-03 09:42:27,6.8800,1,34400.0000,50,B,6.8700,6.8600,6.8500,6.8400,6.8300,6.8800,6.8900,6.9000,6.9100,6.9200,134,630,448,358,190,139,795,695,299,662
SZ,002342,2017-01-03 09:42:30,6.8800,1,20640.0000,30,B,6.8700,6.8600,6.8500,6.8400,6.8300,6.8800,6.8900,6.9000,6.9100,6.9200,147,630,448,358,190,109,795,695,299,662
SZ,002342,2017-01-03 09:42:33,6.8700,1,4809.0000,7,S,6.8700,6.8600,6.8500,6.8400,6.8300,6.8800,6.8900,6.9000,6.9100,6.9200,149,630,544,358,190,109,795,695,299,662
SZ,002342,2017-01-03 09:42:39,6.8800,1,6880.0000,10,B,6.8700,6.8600,6.8500,6.8400,6.8300,6.8800,6.8900,6.9000,6.9100,6.9200,199,650,594,358,190,133,795,695,299,682
SZ,002342,2017-01-03 09:42:42,6.8800,1,13760.0000,20,B,6.8700,6.8600,6.8500,6.8400,6.8300,6.8800,6.8900,6.9000,6.9100,6.9200,204,650,693,358,190,113,722,695,299,682
SZ,002342,2017-01-03 09:42:54,6.8800,1,2064.0000,3,B,6.8700,6.8600,6.8500,6.8400,6.8300,6.8800,6.8900,6.9000,6.9100,6.9200,302,712,762,408,190,189,702,690,299,682
SZ,002342,2017-01-03 09:43:00,6.8800,4,18566.0000,27,B,6.8700,6.8600,6.8500,6.8400,6.8300,6.8800,6.8900,6.9000,6.9100,6.9200,292,712,762,416,190,654,732,690,299,682
SZ,002342,2017-01-03 09:43:09,6.8700,4,68700.0000,100,S,6.8700,6.8600,6.8500,6.8400,6.8300,6.8800,6.8900,6.9000,6.9100,6.9200,252,717,793,416,190,729,732,690,299,682
SZ,002342,2017-01-03 09:43:18,6.8800,3,17888.0000,26,B,6.8700,6.8600,6.8500,6.8400,6.8300,6.8800,6.8900,6.9000,6.9100,6.9200,292,742,793,421,198,703,732,690,244,682
SZ,002342,2017-01-03 09:43:21,6.8700,1,2748.0000,4,S,6.8700,6.8600,6.8500,6.8400,6.8300,6.8800,6.8900,6.9000,6.9100,6.9200,288,742,798,421,198,710,732,690,244,682
SZ,002342,2017-01-03 09:43:27,6.8700,4,19923.0000,29,S,6.8700,6.8600,6.8500,6.8400,6.8300,6.8800,6.8900,6.9000,6.9100,6.9200,395,737,841,421,198,765,732,690,244,682
SZ,002342,2017-01-03 09:43:30,6.8800,2,24080.0000,35,B,6.8700,6.8600,6.8500,6.8400,6.8300,6.8800,6.8900,6.9000,6.9100,6.9200,404,737,841,421,198,730,732,690,244,682
SZ,002342,2017-01-03 09:43:36,6.8800,1,2752.0000,4,B,6.8700,6.8600,6.8500,6.8400,6.8300,6.8800,6.8900,6.9000,6.9100,6.9200,414,747,851,429,198,726,732,690,244,682
SZ,002342,2017-01-03 09:43:39,6.8800,3,15136.0000,22,B,6.8700,6.8600,6.8500,6.8400,6.8300,6.8800,6.8900,6.9000,6.9100,6.9200,481,747,887,429,198,704,732,690,244,682
SZ,002342,2017-01-03 09:43:42,6.8700,1,27480.0000,40,S,6.8700,6.8600,6.8500,6.8400,6.8300,6.8800,6.8900,6.9000,6.9100,6.9200,451,747,887,429,198,704,732,690,244,682
SZ,002342,2017-01-03 09:44:00,6.8700,6,51525.0000,75,S,6.8700,6.8600,6.8500,6.8400,6.8300,6.8800,6.8900,6.9000,6.9100,6.9200,386,747,952,429,222,773,732,690,238,682
SZ,002342,2017-01-03 09:44:15,6.8800,1,688.0000,1,B,6.8700,6.8600,6.8500,6.8400,6.8300,6.8800,6.8900,6.9000,6.9100,6.9200,497,747,982,449,252,882,732,690,238,682
SZ,002342,2017-01-03 09:44:18,6.8800,6,83248.0000,121,B,6.8700,6.8600,6.8500,6.8400,6.8300,6.8800,6.8900,6.9000,6.9100,6.9200,497,747,982,449,252,761,732,690,238,682
SZ,002342,2017-01-03 09:44:24,6.8700,11,239076.0000,348,S,6.8700,6.8600,6.8500,6.8400,6.8300,6.8800,6.8900,6.9000,6.9100,6.9200,149,747,982,449,252,761,732,790,238,682
SZ,002342,2017-01-03 09:44:33,6.8800,1,8944.0000,13,B,6.8700,6.8600,6.8500,6.8400,6.8300,6.8800,6.8900,6.9000,6.9100,6.9200,238,747,982,449,252,748,794,790,238,682
SZ,002342,2017-01-03 09:44:42,6.8800,6,295110.0000,429,B,6.8700,6.8600,6.8500,6.8400,6.8300,6.8800,6.8900,6.9000,6.9100,6.9200,226,787,982,449,252,361,794,790,238,682
SZ,002342,2017-01-03 09:44:48,6.8800,10,248368.0000,361,B,6.8800,6.8700,6.8600,6.8500,6.8400,6.8900,6.9000,6.9100,6.9200,6.9300,527,230,797,982,449,794,790,238,682,215
SZ,002342,2017-01-03 09:44:54,6.8800,1,6880.0000,10,S,6.8800,6.8700,6.8600,6.8500,6.8400,6.8900,6.9000,6.9100,6.9200,6.9300,1404,430,797,982,449,794,790,238,682,215
SZ,002342,2017-01-03 09:45:00,6.8800,1,10320.0000,15,S,6.8800,6.8700,6.8600,6.8500,6.8400,6.8900,6.9000,6.9100,6.9200,6.9300,1389,430,797,992,456,794,490,238,682,215
SZ,002342,2017-01-03 09:45:03,6.8900,2,206700.0000,300,B,6.8800,6.8700,6.8600,6.8500,6.8400,6.8900,6.9000,6.9100,6.9200,6.9300,1389,430,797,973,456,364,490,385,682,215
SZ,002342,2017-01-03 09:45:09,6.8900,2,165360.0000,240,B,6.8800,6.8700,6.8600,6.8500,6.8400,6.8900,6.9000,6.9100,6.9200,6.9300,1769,430,797,973,456,124,490,385,682,215
SZ,002342,2017-01-03 09:45:12,6.8900,2,14469.0000,21,B,6.8800,6.8700,6.8600,6.8500,6.8400,6.8900,6.9000,6.9100,6.9200,6.9300,1769,430,797,978,456,103,490,385,682,215
SZ,002342,2017-01-03 09:45:15,6.8900,1,6890.0000,10,B,6.8800,6.8700,6.8600,6.8500,6.8400,6.8900,6.9000,6.9100,6.9200,6.9300,1769,430,797,978,456,93,490,385,682,215
SZ,002342,2017-01-03 09:45:18,6.8900,1,3445.0000,5,B,6.8800,6.8700,6.8600,6.8500,6.8400,6.8900,6.9000,6.9100,6.9200,6.9300,1769,420,825,978,456,88,490,385,682,215
SZ,002342,2017-01-03 09:45:21,6.8900,4,60632.0000,88,B,6.8900,6.8800,6.8700,6.8600,6.8500,6.9000,6.9100,6.9200,6.9300,6.9400,251,1769,420,825,978,505,385,682,215,281
SZ,002342,2017-01-03 09:45:30,6.8900,1,6890.0000,10,S,6.8900,6.8800,6.8700,6.8600,6.8500,6.9000,6.9100,6.9200,6.9300,6.9400,246,1769,420,825,1028,405,385,682,215,281
SZ,002342,2017-01-03 09:45:42,6.8900,1,43407.0000,63,S,6.8900,6.8800,6.8700,6.8600,6.8500,6.9000,6.9100,6.9200,6.9300,6.9400,213,1770,450,825,1028,411,485,682,215,281
SZ,002342,2017-01-03 09:45:48,6.8900,1,4134.0000,6,S,6.8900,6.8800,6.8700,6.8600,6.8500,6.9000,6.9100,6.9200,6.9300,6.9400,216,1770,450,825,1091,421,485,682,215,281
SZ,002342,2017-01-03 09:45:51,6.9000,1,69000.0000,100,B,6.8900,6.8800,6.8700,6.8600,6.8500,6.9000,6.9100,6.9200,6.9300,6.9400,216,1770,450,825,1161,301,485,682,215,281
SZ,002342,2017-01-03 09:45:54,6.8900,1,7579.0000,11,S,6.8900,6.8800,6.8700,6.8600,6.8500,6.9000,6.9100,6.9200,6.9300,6.9400,205,1770,450,825,1155,301,485,682,215,281
SZ,002342,2017-01-03 09:46:03,6.9000,1,6900.0000,10,B,6.8900,6.8800,6.8700,6.8600,6.8500,6.9000,6.9100,6.9200,6.9300,6.9400,490,1770,450,825,1155,306,485,682,215,281
SZ,002342,2017-01-03 09:46:09,6.9000,1,6900.0000,10,B,6.8900,6.8800,6.8700,6.8600,6.8500,6.9000,6.9100,6.9200,6.9300,6.9400,490,1770,480,825,1192,296,485,682,215,281
SZ,002342,2017-01-03 09:46:12,6.9000,1,69000.0000,100,B,6.8900,6.8800,6.8700,6.8600,6.8500,6.9000,6.9100,6.9200,6.9300,6.9400,490,1770,484,825,1202,196,485,682,215,281
SZ,002342,2017-01-03 09:46:15,6.9000,7,135240.0000,196,B,6.9000,6.8900,6.8800,6.8700,6.8600,6.9100,6.9200,6.9300,6.9400,6.9500,530,398,1780,484,825,485,682,215,281,269
SZ,002342,2017-01-03 09:46:24,6.9100,10,258434.0000,374,B,6.9000,6.8900,6.8800,6.8700,6.8600,6.9100,6.9200,6.9300,6.9400,6.9500,545,400,1780,484,835,111,682,215,281,269
SZ,002342,2017-01-03 09:46:33,6.9100,2,24876.0000,36,B,6.9000,6.8900,6.8800,6.8700,6.8600,6.9100,6.9200,6.9300,6.9400,6.9500,565,340,1780,484,845,75,682,215,281,262
SZ,002342,2017-01-03 09:46:39,6.9100,1,51825.0000,75,B,6.9100,6.9000,6.8900,6.8800,6.8700,6.9200,6.9300,6.9400,6.9500,6.9600,125,693,374,1780,484,682,215,281,262,735
SZ,002342,2017-01-03 09:46:45,6.9200,2,354983.0000,513,B,6.9100,6.9000,6.8900,6.8800,6.8700,6.9200,6.9300,6.9400,6.9500,6.9600,146,693,344,1780,524,182,209,281,262,735
SZ,002342,2017-01-03 09:46:51,6.9200,1,9688.0000,14,B,6.9100,6.9000,6.8900,6.8800,6.8700,6.9200,6.9300,6.9400,6.9500,6.9600,169,693,354,1780,429,188,209,265,262,735
SZ,002342,2017-01-03 09:46:54,6.9200,1,34600.0000,50,B,6.9100,6.9000,6.8900,6.8800,6.8700,6.9200,6.9300,6.9400,6.9500,6.9600,267,693,357,1780,429,138,169,265,262,735
SZ,002342,2017-01-03 09:47:06,6.9200,9,103108.0000,149,B,6.9200,6.9100,6.9000,6.8900,6.8800,6.9300,6.9400,6.9500,6.9600,6.9700,71,357,673,357,1779,369,265,262,735,122
SZ,002342,2017-01-03 09:47:09,6.9200,2,49132.0000,71,S,6.9100,6.9000,6.8900,6.8800,6.8700,6.9200,6.9300,6.9400,6.9500,6.9600,357,673,357,1779,428,395,369,265,262,735
SZ,002342,2017-01-03 09:47:12,6.9200,2,26988.0000,39,B,6.9100,6.9000,6.8900,6.8800,6.8700,6.9200,6.9300,6.9400,6.9500,6.9600,357,673,357,1779,428,356,369,265,262,735
SZ,002342,2017-01-03 09:47:18,6.9200,2,35984.0000,52,B,6.9100,6.9000,6.8900,6.8800,6.8700,6.9200,6.9300,6.9400,6.9500,6.9600,339,673,357,1779,428,368,369,265,232,735
SZ,002342,2017-01-03 09:47:21,6.9200,2,23513.0000,34,B,6.9100,6.9000,6.8900,6.8800,6.8700,6.9200,6.9300,6.9400,6.9500,6.9600,324,673,357,1779,428,349,369,265,242,735
SZ,002342,2017-01-03 09:47:24,6.9200,1,34600.0000,50,B,6.9100,6.9000,6.8900,6.8800,6.8700,6.9200,6.9300,6.9400,6.9500,6.9600,324,673,357,1779,428,299,369,268,242,735
SZ,002342,2017-01-03 09:47:27,6.9200,1,11764.0000,17,B,6.9100,6.9000,6.8900,6.8800,6.8700,6.9200,6.9300,6.9400,6.9500,6.9600,324,673,357,1779,428,282,369,268,242,735
SZ,002342,2017-01-03 09:47:30,6.9200,1,6920.0000,10,B,6.9100,6.9000,6.8900,6.8800,6.8700,6.9200,6.9300,6.9400,6.9500,6.9600,324,673,357,1779,428,272,429,268,242,735
SZ,002342,2017-01-03 09:47:39,6.9200,1,13840.0000,20,B,6.9100,6.9000,6.8900,6.8800,6.8700,6.9200,6.9300,6.9400,6.9500,6.9600,244,673,357,1779,428,262,224,268,292,735
SZ,002342,2017-01-03 09:47:42,6.9100,4,125232.0000,181,S,6.9100,6.9000,6.8900,6.8800,6.8700,6.9200,6.9300,6.9400,6.9500,6.9600,224,673,357,1779,428,101,224,268,292,735
SZ,002342,2017-01-03 09:47:45,6.9100,2,10375.0000,15,S,6.9100,6.9000,6.8900,6.8800,6.8700,6.9200,6.9300,6.9400,6.9500,6.9600,219,673,357,1779,428,91,224,268,292,735
SZ,002342,2017-01-03 09:47:48,6.9200,2,34600.0000,50,B,6.9100,6.9000,6.8900,6.8800,6.8700,6.9200,6.9300,6.9400,6.9500,6.9600,219,673,357,1779,398,41,224,268,342,735
SZ,002342,2017-01-03 09:47:51,6.9100,2,10370.0000,15,S,6.9100,6.9000,6.8900,6.8800,6.8700,6.9200,6.9300,6.9400,6.9500,6.9600,197,673,357,1779,498,236,224,268,342,735
SZ,002342,2017-01-03 09:47:57,6.9200,2,4844.0000,7,B,6.9100,6.9000,6.8900,6.8800,6.8700,6.9200,6.9300,6.9400,6.9500,6.9600,224,673,357,1779,498,231,224,263,342,735
SZ,002342,2017-01-03 09:48:06,6.9100,1,27640.0000,40,S,6.9100,6.9000,6.8900,6.8800,6.8700,6.9200,6.9300,6.9400,6.9500,6.9600,184,565,357,1779,498,231,224,263,372,735
SZ,002342,2017-01-03 09:48:12,6.9100,2,4842.0000,7,S,6.9100,6.9000,6.8900,6.8800,6.8700,6.9200,6.9300,6.9400,6.9500,6.9600,182,565,377,1819,498,226,251,263,372,735
SZ,002342,2017-01-03 09:48:15,6.9100,4,34550.0000,50,S,6.9100,6.9000,6.8900,6.8800,6.8700,6.9200,6.9300,6.9400,6.9500,6.9600,132,565,402,1819,498,226,206,263,372,735
SZ,002342,2017-01-03 09:48:18,6.9100,2,4147.0000,6,S,6.9100,6.9000,6.8900,6.8800,6.8700,6.9200,6.9300,6.9400,6.9500,6.9600,127,565,402,1819,498,225,206,263,372,735
SZ,002342,2017-01-03 09:48:21,6.9100,7,145110.0000,210,S,6.9100,6.9000,6.8900,6.8800,6.8700,6.9200,6.9300,6.9400,6.9500,6.9600,6,565,402,1819,498,270,206,263,472,735
SZ,002342,2017-01-03 09:48:24,6.9100,1,691.0000,1,S,6.9100,6.9000,6.8900,6.8800,6.8700,6.9200,6.9300,6.9400,6.9500,6.9600,5,570,402,1819,498,270,206,263,482,735
SZ,002342,2017-01-03 09:48:30,6.9100,4,14527.0000,21,S,6.9000,6.8900,6.8800,6.8700,6.8600,6.9100,6.9200,6.9300,6.9400,6.9500,570,402,1819,498,843,45,254,206,263,482
SZ,002342,2017-01-03 09:48:33,6.9200,6,276063.0000,399,B,6.9200,6.9000,6.8900,6.8800,6.8700,6.9300,6.9400,6.9500,6.9600,6.9700,245,570,402,1809,498,209,263,482,735,52
SZ,002342,2017-01-03 09:48:39,6.9200,1,20760.0000,30,S,6.9200,6.9000,6.8900,6.8800,6.8700,6.9300,6.9400,6.9500,6.9600,6.9700,215,570,422,1809,625,209,263,482,735,52
SZ,002342,2017-01-03 09:48:42,6.9200,3,147396.0000,213,S,6.9200,6.9000,6.8900,6.8800,6.8700,6.9300,6.9400,6.9500,6.9600,6.9700,2,570,422,1809,625,209,263,482,735,52
SZ,002342,2017-01-03 09:48:48,6.9200,1,1384.0000,2,S,6.9100,6.9000,6.8900,6.8800,6.8700,6.9200,6.9300,6.9400,6.9500,6.9600,60,570,422,1809,625,198,209,263,482,735
SZ,002342,2017-01-03 09:48:54,6.9200,1,74044.0000,107,B,6.9100,6.9000,6.8900,6.8800,6.8700,6.9200,6.9300,6.9400,6.9500,6.9600,60,570,422,1809,625,191,229,263,482,735
SZ,002342,2017-01-03 09:48:57,6.9100,1,4837.0000,7,S,6.9100,6.9000,6.8900,6.8800,6.8700,6.9200,6.9300,6.9400,6.9500,6.9600,63,570,422,1809,625,201,229,263,482,735
SZ,002342,2017-01-03 09:49:06,6.9100,1,34550.0000,50,S,6.9100,6.9000,6.8900,6.8800,6.8700,6.9200,6.9300,6.9400,6.9500,6.9600,23,570,422,1809,625,983,359,263,492,735
SZ,002342,2017-01-03 09:49:15,6.9100,3,34550.0000,50,S,6.9000,6.8900,6.8800,6.8700,6.8600,6.9100,6.9200,6.9300,6.9400,6.9500,970,422,1819,625,843,80,1033,359,263,642
SZ,002342,2017-01-03 09:49:21,6.9100,2,69100.0000,100,B,6.9000,6.8900,6.8800,6.8700,6.8600,6.9100,6.9200,6.9300,6.9400,6.9500,970,422,1819,630,843,580,1033,359,263,642
SZ,002342,2017-01-03 09:49:27,6.9100,1,135436.0000,196,B,6.9000,6.8900,6.8800,6.8700,6.8600,6.9100,6.9200,6.9300,6.9400,6.9500,970,397,1439,631,843,195,942,359,263,642
SZ,002342,2017-01-03 09:49:30,6.9000,3,54510.0000,79,S,6.9000,6.8900,6.8800,6.8700,6.8600,6.9100,6.9200,6.9300,6.9400,6.9500,891,397,1439,631,843,197,947,359,263,642
SZ,002342,2017-01-03 09:49:33,6.9100,1,34550.0000,50,B,6.9000,6.8900,6.8800,6.8700,6.8600,6.9100,6.9200,6.9300,6.9400,6.9500,891,387,1439,631,843,147,897,359,263,642
SZ,002342,2017-01-03 09:49:48,6.9100,2,55280.0000,80,B,6.9000,6.8900,6.8800,6.8700,6.8600,6.9100,6.9200,6.9300,6.9400,6.9500,891,385,937,773,843,120,1007,359,263,642
SZ,002342,2017-01-03 09:49:54,6.9100,7,84993.0000,123,B,6.9100,6.9000,6.8900,6.8800,6.8700,6.9200,6.9300,6.9400,6.9500,6.9600,97,891,385,937,773,1012,359,263,642,740
SZ,002342,2017-01-03 09:50:00,6.9100,2,201081.0000,291,S,6.9100,6.9000,6.8900,6.8800,6.8700,6.9200,6.9300,6.9400,6.9500,6.9600,106,891,385,937,773,1012,359,260,642,740
SZ,002342,2017-01-03 09:50:03,6.9200,1,13840.0000,20,B,6.9100,6.9000,6.8900,6.8800,6.8700,6.9200,6.9300,6.9400,6.9500,6.9600,106,891,385,937,773,992,359,260,642,740
SZ,002342,2017-01-03 09:50:06,6.9200,1,692.0000,1,B,6.9100,6.9000,6.8900,6.8800,6.8700,6.9200,6.9300,6.9400,6.9500,6.9600,106,891,385,937,753,991,359,260,642,740
SZ,002342,2017-01-03 09:50:09,6.9200,1,3460.0000,5,B,6.9100,6.9000,6.8900,6.8800,6.8700,6.9200,6.9300,6.9400,6.9500,6.9600,108,891,385,937,753,986,359,260,642,740
SZ,002342,2017-01-03 09:50:12,6.9100,1,6910.0000,10,S,6.9100,6.9000,6.8900,6.8800,6.8700,6.9200,6.9300,6.9400,6.9500,6.9600,98,891,385,937,753,986,359,260,642,740
SZ,002342,2017-01-03 09:50:18,6.9200,1,2768.0000,4,B,6.9100,6.9000,6.8900,6.8800,6.8700,6.9200,6.9300,6.9400,6.9500,6.9600,300,891,385,937,753,982,339,260,682,740
SZ,002342,2017-01-03 09:50:33,6.9200,1,2768.0000,4,B,6.9100,6.9000,6.8900,6.8800,6.8700,6.9200,6.9300,6.9400,6.9500,6.9600,356,901,385,984,763,1516,339,260,682,740
SZ,002342,2017-01-03 09:50:36,6.9200,1,1384.0000,2,B,6.9100,6.9000,6.8900,6.8800,6.8700,6.9200,6.9300,6.9400,6.9500,6.9600,356,901,385,984,763,1514,339,260,682,740
SZ,002342,2017-01-03 09:50:42,6.9200,1,2768.0000,4,B,6.9100,6.9000,6.8900,6.8800,6.8700,6.9200,6.9300,6.9400,6.9500,6.9600,356,901,351,984,763,1579,339,260,644,740
SZ,002342,2017-01-03 09:50:45,6.9200,1,29756.0000,43,B,6.9100,6.9000,6.8900,6.8800,6.8700,6.9200,6.9300,6.9400,6.9500,6.9600,356,901,351,984,763,1536,189,260,644,740
SZ,002342,2017-01-03 09:50:57,6.9200,4,55360.0000,80,B,6.9100,6.9000,6.8900,6.8800,6.8700,6.9200,6.9300,6.9400,6.9500,6.9600,356,901,381,984,763,1459,219,260,644,740
SZ,002342,2017-01-03 09:51:00,6.9100,2,10367.0000,15,S,6.9100,6.9000,6.8900,6.8800,6.8700,6.9200,6.9300,6.9400,6.9500,6.9600,343,901,381,984,763,1457,219,260,644,740
SZ,002342,2017-01-03 09:51:06,6.9100,2,305166.0000,441,S,6.9100,6.9000,6.8900,6.8800,6.8700,6.9200,6.9300,6.9400,6.9500,6.9600,385,901,381,984,763,1022,219,260,644,740
SZ,002342,2017-01-03 09:51:15,6.9200,1,1384.0000,2,B,6.9100,6.9000,6.8900,6.8800,6.8700,6.9200,6.9300,6.9400,6.9500,6.9600,385,901,381,984,763,1020,219,260,634,740
SZ,002342,2017-01-03 09:51:24,6.9200,1,2768.0000,4,B,6.9100,6.9000,6.8900,6.8800,6.8700,6.9200,6.9300,6.9400,6.9500,6.9600,385,901,381,984,763,1016,219,260,634,740
SZ,002342,2017-01-03 09:51:27,6.9200,1,19376.0000,28,B,6.9100,6.9000,6.8900,6.8800,6.8700,6.9200,6.9300,6.9400,6.9500,6.9600,385,901,381,984,763,988,219,260,634,740
SZ,002342,2017-01-03 09:51:30,6.9200,2,13824.0000,20,B,6.9100,6.9000,6.8900,6.8800,6.8700,6.9200,6.9300,6.9400,6.9500,6.9600,379,901,381,984,763,984,219,265,634,740
SZ,002342,2017-01-03 09:51:36,6.9200,1,2076.0000,3,B,6.9100,6.9000,6.8900,6.8800,6.8700,6.9200,6.9300,6.9400,6.9500,6.9600,379,901,381,984,763,981,219,265,634,740
SZ,002342,2017-01-03 09:51:45,6.9200,1,3460.0000,5,B,6.9100,6.9000,6.8900,6.8800,6.8700,6.9200,6.9300,6.9400,6.9500,6.9600,379,896,381,984,759,976,219,395,634,740
SZ,002342,2017-01-03 09:51:48,6.9100,1,13820.0000,20,S,6.9100,6.9000,6.8900,6.8800,6.8700,6.9200,6.9300,6.9400,6.9500,6.9600,359,896,381,984,759,980,219,400,634,740
SZ,002342,2017-01-03 09:51:54,6.9100,1,7601.0000,11,S,6.9100,6.9000,6.8900,6.8800,6.8700,6.9200,6.9300,6.9400,6.9500,6.9600,448,896,381,984,759,980,219,400,634,740
SZ,002342,2017-01-03 09:52:06,6.9100,1,5528.0000,8,S,6.9100,6.9000,6.8900,6.8800,6.8700,6.9200,6.9300,6.9400,6.9500,6.9600,443,896,381,984,759,1060,159,400,634,740
SZ,002342,2017-01-03 09:52:15,6.9200,2,1383.0000,2,B,6.9100,6.9000,6.8900,6.8800,6.8700,6.9200,6.9300,6.9400,6.9500,6.9600,442,913,381,984,759,1029,159,400,734,740
SZ,002342,2017-01-03 09:52:18,6.9100,3,21421.0000,31,S,6.9100,6.9000,6.8900,6.8800,6.8700,6.9200,6.9300,6.9400,6.9500,6.9600,411,913,381,984,759,1129,159,400,734,740
SZ,002342,2017-01-03 09:52:21,6.9100,2,27660.0000,40,S,6.9100,6.9000,6.8900,6.8800,6.8700,6.9200,6.9300,6.9400,6.9500,6.9600,388,913,381,984,809,1109,159,400,734,740
SZ,002342,2017-01-03 09:52:24,6.9100,3,152220.0000,220,S,6.9100,6.9000,6.8900,6.8800,6.8700,6.9200,6.9300,6.9400,6.9500,6.9600,368,913,381,984,809,909,159,400,794,740
SZ,002342,2017-01-03 09:52:36,6.9200,2,8996.0000,13,B,6.9100,6.9000,6.8900,6.8800,6.8700,6.9200,6.9300,6.9400,6.9500,6.9600,562,967,382,998,809,806,159,410,794,740
SZ,002342,2017-01-03 09:52:57,6.9100,1,26258.0000,38,S,6.9100,6.9000,6.8900,6.8800,6.8700,6.9200,6.9300,6.9400,6.9500,6.9600,529,967,382,1023,741,811,159,410,794,740
SZ,002342,2017-01-03 09:53:03,6.9200,2,24190.0000,35,B,6.9100,6.9000,6.8900,6.8800,6.8700,6.9200,6.9300,6.9400,6.9500,6.9600,499,913,382,1023,741,853,159,510,794,740
SZ,002342,2017-01-03 09:53:06,6.9200,1,34600.0000,50,B,6.9100,6.9000,6.8900,6.8800,6.8700,6.9200,6.9300,6.9400,6.9500,6.9600,499,913,382,1023,772,803,159,510,794,740
SZ,002342,2017-01-03 09:53:21,6.9100,1,30404.0000,44,S,6.9100,6.9000,6.8900,6.8800,6.8700,6.9200,6.9300,6.9400,6.9500,6.9600,665,913,382,1023,772,853,159,510,794,740
SZ,002342,2017-01-03 09:53:24,6.9200,1,2768.0000,4,B,6.9100,6.9000,6.8900,6.8800,6.8700,6.9200,6.9300,6.9400,6.9500,6.9600,665,913,382,1023,772,858,159,510,764,740
SZ,002342,2017-01-03 09:53:27,6.9100,1,691.0000,1,S,6.9100,6.9000,6.8900,6.8800,6.8700,6.9200,6.9300,6.9400,6.9500,6.9600,664,913,382,1023,772,858,159,510,764,740
SZ,002342,2017-01-03 09:53:36,6.9200,1,692.0000,1,B,6.9100,6.9000,6.8900,6.8800,6.8700,6.9200,6.9300,6.9400,6.9500,6.9600,664,913,382,1023,772,810,159,510,764,740
SZ,002342,2017-01-03 09:53:39,6.9200,5,262960.0000,380,B,6.9100,6.9000,6.8900,6.8800,6.8700,6.9200,6.9300,6.9400,6.9500,6.9600,664,1074,382,1023,772,430,159,510,764,740
SZ,002342,2017-01-03 09:53:42,6.9100,2,139782.0000,202,S,6.9100,6.9000,6.8900,6.8800,6.8700,6.9200,6.9300,6.9400,6.9500,6.9600,662,1074,382,1023,772,230,159,510,764,740
SZ,002342,2017-01-03 09:53:45,6.9200,2,2768.0000,4,B,6.9100,6.9000,6.8900,6.8800,6.8700,6.9200,6.9300,6.9400,6.9500,6.9600,672,1074,382,1023,772,276,159,510,764,740
SZ,002342,2017-01-03 09:53:51,6.9100,1,2764.0000,4,S,6.9100,6.9000,6.8900,6.8800,6.8700,6.9200,6.9300,6.9400,6.9500,6.9600,668,1074,382,1023,772,276,159,510,764,740
SZ,002342,2017-01-03 09:54:06,6.9100,4,57353.0000,83,S,6.9100,6.9000,6.8900,6.8800,6.8700,6.9200,6.9300,6.9400,6.9500,6.9600,598,1095,182,1023,676,467,159,510,714,740
SZ,002342,2017-01-03 09:54:12,6.9200,3,20068.0000,29,B,6.9100,6.9000,6.8900,6.8800,6.8700,6.9200,6.9300,6.9400,6.9500,6.9600,598,1095,182,1023,676,468,159,510,714,740
SZ,002342,2017-01-03 09:54:24,6.9200,5,34600.0000,50,B,6.9100,6.9000,6.8900,6.8800,6.8700,6.9200,6.9300,6.9400,6.9500,6.9600,598,1095,182,1144,676,418,157,510,714,740
SZ,002342,2017-01-03 09:54:33,6.9100,1,691.0000,1,S,6.9100,6.9000,6.8900,6.8800,6.8700,6.9200,6.9300,6.9400,6.9500,6.9600,597,1095,182,1144,676,486,165,380,714,740
SZ,002342,2017-01-03 09:54:36,6.9200,7,207600.0000,300,B,6.9100,6.9000,6.8900,6.8800,6.8700,6.9200,6.9300,6.9400,6.9500,6.9600,597,1095,182,1144,676,316,165,380,714,740
SZ,002342,2017-01-03 09:54:48,6.9200,2,54668.0000,79,B,6.9100,6.9000,6.8900,6.8800,6.8700,6.9200,6.9300,6.9400,6.9500,6.9600,640,1095,182,1144,476,457,165,380,714,740
SZ,002342,2017-01-03 09:54:54,6.9200,1,2076.0000,3,B,6.9100,6.9000,6.8900,6.8800,6.8700,6.9200,6.9300,6.9400,6.9500,6.9600,640,1095,182,1144,476,558,165,380,714,740
SZ,002342,2017-01-03 09:54:57,6.9200,4,36676.0000,53,B,6.9100,6.9000,6.8900,6.8800,6.8700,6.9200,6.9300,6.9400,6.9500,6.9600,640,1095,182,1144,476,515,165,380,714,740
SZ,002342,2017-01-03 09:55:06,6.9200,1,1384.0000,2,B,6.9100,6.9000,6.8900,6.8800,6.8700,6.9200,6.9300,6.9400,6.9500,6.9600,640,1095,182,1144,476,563,165,380,664,740
SZ,002342,2017-01-03 09:55:09,6.9200,2,13840.0000,20,B,6.9100,6.9000,6.8900,6.8800,6.8700,6.9200,6.9300,6.9400,6.9500,6.9600,640,1095,182,1144,776,543,165,380,664,740
SZ,002342,2017-01-03 09:55:18,6.9200,1,1384.0000,2,B,6.9100,6.9000,6.8900,6.8800,6.8700,6.9200,6.9300,6.9400,6.9500,6.9600,640,1095,182,1144,776,561,165,380,664,740
SZ,002342,2017-01-03 09:55:30,6.9200,1,11764.0000,17,B,6.9100,6.9000,6.8900,6.8800,6.8700,6.9200,6.9300,6.9400,6.9500,6.9600,813,1095,182,1344,776,551,165,380,664,740
SZ,002342,2017-01-03 09:55:36,6.9100,4,69100.0000,100,S,6.9100,6.9000,6.8900,6.8800,6.8700,6.9200,6.9300,6.9400,6.9500,6.9600,828,1095,155,1344,772,682,165,380,664,740
SZ,002342,2017-01-03 09:55:39,6.9100,1,6910.0000,10,S,6.9100,6.9000,6.8900,6.8800,6.8700,6.9200,6.9300,6.9400,6.9500,6.9600,818,1095,155,1344,772,682,165,380,664,740
SZ,002342,2017-01-03 09:55:42,6.9200,2,44980.0000,65,B,6.9100,6.9000,6.8900,6.8800,6.8700,6.9200,6.9300,6.9400,6.9500,6.9600,764,1095,155,1344,772,617,165,380,664,740
SZ,002342,2017-01-03 09:55:45,6.9200,1,2076.0000,3,B,6.9100,6.9000,6.8900,6.8800,6.8700,6.9200,6.9300,6.9400,6.9500,6.9600,764,1145,155,1344,772,614,165,380,664,740
SZ,002342,2017-01-03 09:56:42,6.9200,2,106568.0000,154,B,6.9100,6.9000,6.8900,6.8800,6.8700,6.9200,6.9300,6.9400,6.9500,6.9600,842,1175,125,1344,772,509,205,381,664,745
SZ,002342,2017-01-03 09:56:57,6.9200,1,37368.0000,54,B,6.9100,6.9000,6.8900,6.8800,6.8700,6.9200,6.9300,6.9400,6.9500,6.9600,842,1177,125,1344,772,455,205,331,664,745
SZ,002342,2017-01-03 09:57:03,6.9100,1,691.0000,1,S,6.9100,6.9000,6.8900,6.8800,6.8700,6.9200,6.9300,6.9400,6.9500,6.9600,841,1177,125,1344,772,465,205,331,664,745
SZ,002342,2017-01-03 09:57:06,6.9200,5,138400.0000,200,B,6.9100,6.9000,6.8900,6.8800,6.8700,6.9200,6.9300,6.9400,6.9500,6.9600,841,1177,125,1344,772,265,225,331,664,745
SZ,002342,2017-01-03 09:57:15,6.9100,2,6910.0000,10,S,6.9100,6.9000,6.8900,6.8800,6.8700,6.9200,6.9300,6.9400,6.9500,6.9600,788,1177,125,1374,772,144,225,331,664,775
SZ,002342,2017-01-03 09:57:36,6.9100,12,166040.0000,240,S,6.9100,6.9000,6.8900,6.8800,6.8700,6.9200,6.9300,6.9400,6.9500,6.9600,848,1192,125,1374,772,19,285,331,664,775
SZ,002342,2017-01-03 09:57:54,6.9200,3,20760.0000,30,B,6.9100,6.9000,6.8900,6.8800,6.8700,6.9200,6.9300,6.9400,6.9500,6.9600,892,1162,125,1374,772,59,285,331,664,835
SZ,002342,2017-01-03 09:58:18,6.9100,1,1382.0000,2,S,6.9100,6.9000,6.8900,6.8800,6.8700,6.9200,6.9300,6.9400,6.9500,6.9600,890,1162,105,1374,772,119,285,331,664,835
SZ,002342,2017-01-03 09:58:21,6.9100,4,44915.0000,65,S,6.9100,6.9000,6.8900,6.8800,6.8700,6.9200,6.9300,6.9400,6.9500,6.9600,825,1162,105,1374,772,119,285,331,664,835
SZ,002342,2017-01-03 09:58:27,6.9200,1,2076.0000,3,B,6.9100,6.9000,6.8900,6.8800,6.8700,6.9200,6.9300,6.9400,6.9500,6.9600,825,1162,239,1374,772,116,313,331,664,835
SZ,002342,2017-01-03 09:58:36,6.9200,5,96841.0000,140,B,6.9100,6.9000,6.8900,6.8800,6.8700,6.9200,6.9300,6.9400,6.9500,6.9600,786,1176,239,1374,772,115,313,331,664,835
SZ,002342,2017-01-03 09:58:45,6.9200,1,3460.0000,5,B,6.9100,6.9000,6.8900,6.8800,6.8700,6.9200,6.9300,6.9400,6.9500,6.9600,793,1176,239,1374,772,160,313,331,664,835
SZ,002342,2017-01-03 09:59:06,6.9200,3,72660.0000,105,B,6.9100,6.9000,6.8900,6.8800,6.8700,6.9200,6.9300,6.9400,6.9500,6.9600,793,1176,239,1374,772,55,313,331,654,835
SZ,002342,2017-01-03 09:59:24,6.9200,2,34600.0000,50,B,6.9100,6.9000,6.8900,6.8800,6.8700,6.9200,6.9300,6.9400,6.9500,6.9600,793,1176,239,1374,772,19,321,332,654,835
SZ,002342,2017-01-03 09:59:30,6.9200,4,13148.0000,19,B,6.9200,6.9100,6.9000,6.8900,6.8800,6.9300,6.9400,6.9500,6.9600,6.9700,183,793,1197,239,1374,321,332,654,835,191
SZ,002342,2017-01-03 09:59:33,6.9200,1,29064.0000,42,S,6.9200,6.9100,6.9000,6.8900,6.8800,6.9300,6.9400,6.9500,6.9600,6.9700,141,793,1197,239,1374,321,332,654,835,220
SZ,002342,2017-01-03 09:59:36,6.9200,1,6920.0000,10,S,6.9200,6.9100,6.9000,6.8900,6.8800,6.9300,6.9400,6.9500,6.9600,6.9700,131,793,1197,239,1374,321,332,654,835,220
SZ,002342,2017-01-03 09:59:42,6.9200,2,58820.0000,85,S,6.9200,6.9100,6.9000,6.8900,6.8800,6.9300,6.9400,6.9500,6.9600,6.9700,90,793,1197,239,1374,307,332,654,835,220
SZ,002342,2017-01-03 09:59:45,6.9200,1,2076.0000,3,S,6.9200,6.9100,6.9000,6.8900,6.8800,6.9300,6.9400,6.9500,6.9600,6.9700,270,793,1197,239,1374,307,332,654,835,220
SZ,002342,2017-01-03 10:00:00,6.9200,2,58128.0000,84,S,6.9200,6.9100,6.9000,6.8900,6.8800,6.9300,6.9400,6.9500,6.9600,6.9700,138,793,1197,239,1374,307,332,654,835,220
SZ,002342,2017-01-03 10:00:12,6.9300,7,53326.0000,77,B,6.9200,6.9100,6.9000,6.8900,6.8800,6.9300,6.9400,6.9500,6.9600,6.9700,103,793,1197,279,1374,282,532,654,835,220
SZ,002342,2017-01-03 10:00:21,6.9200,1,21452.0000,31,S,6.9200,6.9100,6.9000,6.8900,6.8800,6.9300,6.9400,6.9500,6.9600,6.9700,272,793,1197,279,2126,312,532,654,835,220
SZ,002342,2017-01-03 10:00:33,6.9200,1,692.0000,1,S,6.9200,6.9100,6.9000,6.8900,6.8800,6.9300,6.9400,6.9500,6.9600,6.9700,271,793,1197,279,2126,376,532,660,835,220
SZ,002342,2017-01-03 10:00:36,6.9300,1,692.0000,1,B,6.9200,6.9100,6.9000,6.8900,6.8800,6.9300,6.9400,6.9500,6.9600,6.9700,330,793,1197,297,2126,375,532,660,835,220
SZ,002342,2017-01-03 10:00:39,6.9200,1,6920.0000,10,S,6.9200,6.9100,6.9000,6.8900,6.8800,6.9300,6.9400,6.9500,6.9600,6.9700,292,793,1197,297,2126,375,532,660,835,220
SZ,002342,2017-01-03 10:00:51,6.9300,2,6932.0000,10,B,6.9200,6.9100,6.9000,6.8900,6.8800,6.9300,6.9400,6.9500,6.9600,6.9700,371,793,1176,297,2126,382,532,660,835,220
SZ,002342,2017-01-03 10:00:54,6.9200,1,13840.0000,20,S,6.9200,6.9100,6.9000,6.8900,6.8800,6.9300,6.9400,6.9500,6.9600,6.9700,351,793,1162,297,2126,389,532,660,835,220
SZ,002342,2017-01-03 10:01:06,6.9200,1,3460.0000,5,S,6.9200,6.9100,6.9000,6.8900,6.8800,6.9300,6.9400,6.9500,6.9600,6.9700,506,814,1145,297,2126,474,532,660,835,220
SZ,002342,2017-01-03 10:01:15,6.9300,1,2772.0000,4,B,6.9200,6.9100,6.9000,6.8900,6.8800,6.9300,6.9400,6.9500,6.9600,6.9700,506,814,1145,297,2126,473,532,660,835,220
SZ,002342,2017-01-03 10:01:18,6.9300,7,65140.0000,94,B,6.9200,6.9100,6.9000,6.8900,6.8800,6.9300,6.9400,6.9500,6.9600,6.9700,506,814,1145,297,2126,379,532,660,835,220
SZ,002342,2017-01-03 10:01:24,6.9200,5,207600.0000,300,S,6.9200,6.9100,6.9000,6.8900,6.8800,6.9300,6.9400,6.9500,6.9600,6.9700,206,814,1155,297,2126,379,540,660,835,220
SZ,002342,2017-01-03 10:01:30,6.9300,2,6234.0000,9,B,6.9200,6.9100,6.9000,6.8900,6.8800,6.9300,6.9400,6.9500,6.9600,6.9700,202,814,1155,297,2126,404,540,660,855,220
SZ,002342,2017-01-03 10:01:33,6.9200,1,2768.0000,4,S,6.9200,6.9100,6.9000,6.8900,6.8800,6.9300,6.9400,6.9500,6.9600,6.9700,198,814,1155,297,2126,404,540,681,855,220
SZ,002342,2017-01-03 10:01:36,6.9300,3,55440.0000,80,B,6.9200,6.9100,6.9000,6.8900,6.8800,6.9300,6.9400,6.9500,6.9600,6.9700,229,814,1155,297,2126,324,540,681,855,220
SZ,002342,2017-01-03 10:01:39,6.9200,3,41520.0000,60,S,6.9200,6.9100,6.9000,6.8900,6.8800,6.9300,6.9400,6.9500,6.9600,6.9700,169,814,1155,297,2126,324,540,681,855,220
SZ,002342,2017-01-03 10:01:42,6.9200,1,6920.0000,10,S,6.9200,6.9100,6.9000,6.8900,6.8800,6.9300,6.9400,6.9500,6.9600,6.9700,159,814,1155,297,2126,324,540,681,855,220
SZ,002342,2017-01-03 10:01:45,6.9200,8,126690.0000,183,S,6.9200,6.9100,6.9000,6.8900,6.8800,6.9300,6.9400,6.9500,6.9600,6.9700,210,814,1155,297,2126,301,540,681,855,220
SZ,002342,2017-01-03 10:01:48,6.9200,2,69200.0000,100,S,6.9200,6.9100,6.9000,6.8900,6.8800,6.9300,6.9400,6.9500,6.9600,6.9700,110,814,1155,297,2126,301,540,681,855,220
SZ,002342,2017-01-03 10:01:51,6.9300,5,64448.0000,93,B,6.9200,6.9100,6.9000,6.8900,6.8800,6.9300,6.9400,6.9500,6.9600,6.9700,120,814,1225,297,2126,511,540,681,855,220
SZ,002342,2017-01-03 10:02:09,6.9300,1,2772.0000,4,B,6.9200,6.9100,6.9000,6.8900,6.8800,6.9300,6.9400,6.9500,6.9600,6.9700,125,1146,1239,297,2126,537,541,681,855,220
SZ,002342,2017-01-03 10:02:12,6.9300,6,55440.0000,80,B,6.9200,6.9100,6.9000,6.8900,6.8800,6.9300,6.9400,6.9500,6.9600,6.9700,203,1146,1239,297,2130,457,541,681,855,220
SZ,002342,2017-01-03 10:02:15,6.9200,1,4844.0000,7,S,6.9200,6.9100,6.9000,6.8900,6.8800,6.9300,6.9400,6.9500,6.9600,6.9700,196,1146,1239,297,2130,457,541,681,855,220
SZ,002342,2017-01-03 10:02:24,6.9300,1,3464.0000,5,B,6.9200,6.9100,6.9000,6.8900,6.8800,6.9300,6.9400,6.9500,6.9600,6.9700,191,1146,1239,297,2130,517,541,641,855,220
SZ,002342,2017-01-03 10:02:27,6.9200,3,46364.0000,67,S,6.9200,6.9100,6.9000,6.8900,6.8800,6.9300,6.9400,6.9500,6.9600,6.9700,124,1146,1239,297,2130,547,541,651,855,226
SZ,002342,2017-01-03 10:02:30,6.9300,3,55440.0000,80,B,6.9200,6.9100,6.9000,6.8900,6.8800,6.9300,6.9400,6.9500,6.9600,6.9700,124,1146,1239,297,2130,467,541,651,855,226
SZ,002342,2017-01-03 10:02:39,6.9200,1,13840.0000,20,S,6.9200,6.9100,6.9000,6.8900,6.8800,6.9300,6.9400,6.9500,6.9600,6.9700,104,1146,1225,297,2130,618,541,652,855,231
SZ,002342,2017-01-03 10:02:42,6.9200,1,4152.0000,6,S,6.9200,6.9100,6.9000,6.8900,6.8800,6.9300,6.9400,6.9500,6.9600,6.9700,98,1146,1225,297,2130,638,541,652,855,231
SZ,002342,2017-01-03 10:02:45,6.9300,3,55440.0000,80,B,6.9200,6.9100,6.9000,6.8900,6.8800,6.9300,6.9400,6.9500,6.9600,6.9700,98,1146,1225,297,2009,558,541,652,855,231
SZ,002342,2017-01-03 10:02:48,6.9300,1,694.0000,1,B,6.9200,6.9100,6.9000,6.8900,6.8800,6.9300,6.9400,6.9500,6.9600,6.9700,98,1146,1225,297,2009,557,541,652,855,231
SZ,002342,2017-01-03 10:02:54,6.9300,2,119196.0000,172,B,6.9200,6.9100,6.9000,6.8900,6.8800,6.9300,6.9400,6.9500,6.9600,6.9700,98,1005,1225,297,2009,385,541,652,855,231
SZ,002342,2017-01-03 10:03:00,6.9200,3,25604.0000,37,S,6.9200,6.9100,6.9000,6.8900,6.8800,6.9300,6.9400,6.9500,6.9600,6.9700,75,1005,1225,297,2009,388,541,652,855,231
SZ,002342,2017-01-03 10:03:03,6.9300,1,27720.0000,40,B,6.9200,6.9100,6.9000,6.8900,6.8800,6.9300,6.9400,6.9500,6.9600,6.9700,243,1005,1225,297,2009,348,551,652,855,231
SZ,002342,2017-01-03 10:03:09,6.9200,1,6920.0000,10,S,6.9200,6.9100,6.9000,6.8900,6.8800,6.9300,6.9400,6.9500,6.9600,6.9700,247,984,1225,297,2019,348,551,652,855,231
SZ,002342,2017-01-03 10:03:15,6.9300,2,48510.0000,70,B,6.9200,6.9100,6.9000,6.8900,6.8800,6.9300,6.9400,6.9500,6.9600,6.9700,387,984,1225,297,2019,278,551,652,855,231
SZ,002342,2017-01-03 10:03:18,6.9300,1,2080.0000,3,B,6.9200,6.9100,6.9000,6.8900,6.8800,6.9300,6.9400,6.9500,6.9600,6.9700,387,984,1225,297,2019,275,551,682,855,231
SZ,002342,2017-01-03 10:03:24,6.9200,2,6228.0000,9,S,6.9200,6.9100,6.9000,6.8900,6.8800,6.9300,6.9400,6.9500,6.9600,6.9700,378,916,1225,297,2019,483,551,682,855,272
SZ,002342,2017-01-03 10:03:30,6.9300,6,74792.0000,108,B,6.9200,6.9100,6.9000,6.8900,6.8800,6.9300,6.9400,6.9500,6.9600,6.9700,328,938,1225,297,2019,440,579,682,855,272
SZ,002342,2017-01-03 10:03:42,6.9200,1,2768.0000,4,S,6.9200,6.9100,6.9000,6.8900,6.8800,6.9300,6.9400,6.9500,6.9600,6.9700,339,935,1235,297,2019,440,579,682,855,272
SZ,002342,2017-01-03 10:03:51,6.9200,2,6920.0000,10,S,6.9200,6.9100,6.9000,6.8900,6.8800,6.9300,6.9400,6.9500,6.9600,6.9700,329,935,1235,297,2019,449,579,682,868,272
SZ,002342,2017-01-03 10:03:57,6.9200,5,190300.0000,275,S,6.9200,6.9100,6.9000,6.8900,6.8800,6.9300,6.9400,6.9500,6.9600,6.9700,54,946,1235,297,2019,569,579,682,868,272
SZ,002342,2017-01-03 10:04:03,6.9200,1,5536.0000,8,S,6.9200,6.9100,6.9000,6.8900,6.8800,6.9300,6.9400,6.9500,6.9600,6.9700,46,939,1235,297,2019,599,579,682,868,272
SZ,002342,2017-01-03 10:04:12,6.9200,1,13840.0000,20,S,6.9200,6.9100,6.9000,6.8900,6.8800,6.9300,6.9400,6.9500,6.9600,6.9700,46,917,1235,297,2019,618,580,682,868,272
SZ,002342,2017-01-03 10:04:18,6.9200,3,31832.0000,46,S,6.9100,6.9000,6.8900,6.8800,6.8700,6.9200,6.9300,6.9400,6.9500,6.9600,917,1235,297,2019,645,24,618,580,882,868
SZ,002342,2017-01-03 10:04:33,6.9100,11,301968.0000,437,S,6.9100,6.9000,6.8900,6.8800,6.8700,6.9200,6.9300,6.9400,6.9500,6.9600,480,1235,297,2019,645,124,628,580,1082,868
SZ,002342,2017-01-03 10:04:48,6.9100,1,692.0000,1,S,6.9100,6.9000,6.8900,6.8800,6.8700,6.9200,6.9300,6.9400,6.9500,6.9600,435,1235,297,2019,645,140,628,538,1082,868
SZ,002342,2017-01-03 10:04:54,6.9100,1,4836.0000,7,S,6.9100,6.9000,6.8900,6.8800,6.8700,6.9200,6.9300,6.9400,6.9500,6.9600,433,1235,297,2029,645,456,628,468,1082,868
SZ,002342,2017-01-03 10:04:57,6.9100,1,692.0000,1,S,6.9100,6.9000,6.8900,6.8800,6.8700,6.9200,6.9300,6.9400,6.9500,6.9600,432,1235,297,2029,645,456,628,468,1082,868
SZ,002342,2017-01-03 10:05:00,6.9100,1,13128.0000,19,S,6.9100,6.9000,6.8900,6.8800,6.8700,6.9200,6.9300,6.9400,6.9500,6.9600,413,1235,297,2029,645,456,628,468,1082,868
SZ,002342,2017-01-03 10:05:15,6.9200,8,475404.0000,687,B,6.9200,6.9100,6.9000,6.8900,6.8800,6.9300,6.9400,6.9500,6.9600,6.9700,211,513,1235,297,2029,628,468,1082,868,272
SZ,002342,2017-01-03 10:05:24,6.9200,1,3460.0000,5,S,6.9200,6.9100,6.9000,6.8900,6.8800,6.9300,6.9400,6.9500,6.9600,6.9700,207,513,1235,297,2059,638,608,1072,868,272
SZ,002342,2017-01-03 10:05:27,6.9300,2,9702.0000,14,B,6.9200,6.9100,6.9000,6.8900,6.8800,6.9300,6.9400,6.9500,6.9600,6.9700,207,513,1235,297,2059,624,608,1072,868,272
SZ,002342,2017-01-03 10:05:30,6.9300,3,62370.0000,90,B,6.9200,6.9100,6.9000,6.8900,6.8800,6.9300,6.9400,6.9500,6.9600,6.9700,207,513,1235,297,2059,534,608,1072,868,272
SZ,002342,2017-01-03 10:05:42,6.9200,1,6920.0000,10,S,6.9200,6.9100,6.9000,6.8900,6.8800,6.9300,6.9400,6.9500,6.9600,6.9700,247,513,1235,297,2059,553,665,1072,868,272
SZ,002342,2017-01-03 10:05:45,6.9300,2,48510.0000,70,B,6.9200,6.9100,6.9000,6.8900,6.8800,6.9300,6.9400,6.9500,6.9600,6.9700,247,513,1235,297,2059,468,735,1072,868,272
SZ,002342,2017-01-03 10:05:51,6.9300,4,69300.0000,100,B,6.9200,6.9100,6.9000,6.8900,6.8800,6.9300,6.9400,6.9500,6.9600,6.9700,260,650,1235,297,2059,368,768,1072,868,272
SZ,002342,2017-01-03 10:06:09,6.9300,1,69300.0000,100,B,6.9200,6.9100,6.9000,6.8900,6.8800,6.9300,6.9400,6.9500,6.9600,6.9700,343,645,1235,297,2059,395,768,1082,868,272
SZ,002342,2017-01-03 10:06:12,6.9300,5,62360.0000,90,B,6.9200,6.9100,6.9000,6.8900,6.8800,6.9300,6.9400,6.9500,6.9600,6.9700,333,645,1235,297,2059,345,768,1082,868,272
SZ,002342,2017-01-03 10:06:24,6.9300,2,41580.0000,60,B,6.9200,6.9100,6.9000,6.8900,6.8800,6.9300,6.9400,6.9500,6.9600,6.9700,383,645,1235,297,2059,274,768,1082,868,272
SZ,002342,2017-01-03 10:06:27,6.9300,1,10394.0000,15,B,6.9200,6.9100,6.9000,6.8900,6.8800,6.9300,6.9400,6.9500,6.9600,6.9700,383,671,1265,297,2059,259,768,1082,896,272
SZ,002342,2017-01-03 10:06:30,6.9300,3,36004.0000,52,B,6.9200,6.9100,6.9000,6.8900,6.8800,6.9300,6.9400,6.9500,6.9600,6.9700,351,671,1265,297,2059,239,768,1082,896,272
SZ,002342,2017-01-03 10:06:39,6.9300,4,40888.0000,59,B,6.9200,6.9100,6.9000,6.8900,6.8800,6.9300,6.9400,6.9500,6.9600,6.9700,510,671,1265,297,2059,185,698,1082,911,272
SZ,002342,2017-01-03 10:07:00,6.9200,1,2768.0000,4,S,6.9200,6.9100,6.9000,6.8900,6.8800,6.9300,6.9400,6.9500,6.9600,6.9700,356,671,1265,297,2059,535,1048,1082,911,272
SZ,002342,2017-01-03 10:07:03,6.9300,3,13860.0000,20,B,6.9200,6.9100,6.9000,6.8900,6.8800,6.9300,6.9400,6.9500,6.9600,6.9700,356,671,1265,297,2059,515,1048,1082,911,272
SZ,002342,2017-01-03 10:07:18,6.9200,1,4152.0000,6,S,6.9200,6.9100,6.9000,6.8900,6.8800,6.9300,6.9400,6.9500,6.9600,6.9700,550,680,1265,297,2059,484,1048,1092,911,272
SZ,002342,2017-01-03 10:07:24,6.9300,1,692.0000,1,B,6.9200,6.9100,6.9000,6.8900,6.8800,6.9300,6.9400,6.9500,6.9600,6.9700,560,680,1265,297,2059,483,1048,1092,911,272
SZ,002342,2017-01-03 10:07:27,6.9300,10,138600.0000,200,B,6.9200,6.9100,6.9000,6.8900,6.8800,6.9300,6.9400,6.9500,6.9600,6.9700,560,680,1265,297,2059,283,1048,1092,911,272
SZ,002342,2017-01-03 10:07:48,6.9200,1,8304.0000,12,S,6.9200,6.9100,6.9000,6.8900,6.8800,6.9300,6.9400,6.9500,6.9600,6.9700,558,680,1265,297,2079,303,1048,1092,981,272
SZ,002342,2017-01-03 10:07:51,6.9300,7,207900.0000,300,B,6.9200,6.9100,6.9000,6.8900,6.8800,6.9300,6.9400,6.9500,6.9600,6.9700,558,680,1265,297,2079,23,1048,1092,981,272
SZ,002342,2017-01-03 10:07:54,6.9200,1,13840.0000,20,S,6.9200,6.9100,6.9000,6.8900,6.8800,6.9300,6.9400,6.9500,6.9600,6.9700,538,680,1265,297,2079,23,1048,1174,981,272
SZ,002342,2017-01-03 10:08:03,6.9300,1,694.0000,1,B,6.9200,6.9100,6.9000,6.8900,6.8800,6.9300,6.9400,6.9500,6.9600,6.9700,538,680,1265,297,2079,114,1051,1174,981,272
SZ,002342,2017-01-03 10:08:21,6.9200,1,3460.0000,5,S,6.9200,6.9100,6.9000,6.8900,6.8800,6.9300,6.9400,6.9500,6.9600,6.9700,533,682,1250,297,2079,114,1051,1174,981,272
SZ,002342,2017-01-03 10:08:24,6.9200,1,15916.0000,23,S,6.9200,6.9100,6.9000,6.8900,6.8800,6.9300,6.9400,6.9500,6.9600,6.9700,510,682,1250,297,2079,114,1051,1174,981,272
SZ,002342,2017-01-03 10:08:48,6.9200,1,1384.0000,2,S,6.9200,6.9100,6.9000,6.8900,6.8800,6.9300,6.9400,6.9500,6.9600,6.9700,536,682,1250,297,2079,396,1051,1174,981,272
SZ,002342,2017-01-03 10:08:54,6.9200,1,2076.0000,3,S,6.9200,6.9100,6.9000,6.8900,6.8800,6.9300,6.9400,6.9500,6.9600,6.9700,531,701,1250,297,2079,489,1051,1174,981,272
SZ,002342,2017-01-03 10:09:12,6.9200,2,16608.0000,24,S,6.9200,6.9100,6.9000,6.8900,6.8800,6.9300,6.9400,6.9500,6.9600,6.9700,507,701,1252,330,2079,646,1051,1164,981,272
SZ,002342,2017-01-03 10:09:18,6.9300,2,13860.0000,20,B,6.9200,6.9100,6.9000,6.8900,6.8800,6.9300,6.9400,6.9500,6.9600,6.9700,507,701,1252,330,2079,626,1051,1164,981,272
SZ,002342,2017-01-03 10:09:27,6.9200,1,6920.0000,10,S,6.9200,6.9100,6.9000,6.8900,6.8800,6.9300,6.9400,6.9500,6.9600,6.9700,497,701,1252,330,2079,636,1051,1164,981,272
SZ,002342,2017-01-03 10:09:42,6.9300,2,7622.0000,11,B,6.9200,6.9100,6.9000,6.8900,6.8800,6.9300,6.9400,6.9500,6.9600,6.9700,509,701,1252,330,2079,638,1051,1164,981,272
SZ,002342,2017-01-03 10:10:00,6.9300,1,6932.0000,10,B,6.9200,6.9100,6.9000,6.8900,6.8800,6.9300,6.9400,6.9500,6.9600,6.9700,504,701,1252,330,2079,628,1051,1174,981,272
SZ,002342,2017-01-03 10:10:03,6.9200,1,20760.0000,30,S,6.9200,6.9100,6.9000,6.8900,6.8800,6.9300,6.9400,6.9500,6.9600,6.9700,474,701,1252,330,2079,628,751,1174,981,272
SZ,002342,2017-01-03 10:10:12,6.9300,11,205108.0000,296,B,6.9200,6.9100,6.9000,6.8900,6.8800,6.9300,6.9400,6.9500,6.9600,6.9700,494,701,1252,330,2079,370,751,1174,981,272
SZ,002342,2017-01-03 10:10:15,6.9300,2,9008.0000,13,B,6.9200,6.9100,6.9000,6.8900,6.8800,6.9300,6.9400,6.9500,6.9600,6.9700,494,692,1242,330,2079,357,751,1174,981,272
SZ,002342,2017-01-03 10:10:21,6.9300,1,13860.0000,20,B,6.9200,6.9100,6.9000,6.8900,6.8800,6.9300,6.9400,6.9500,6.9600,6.9700,526,705,1242,330,2079,337,751,1174,981,277
SZ,002342,2017-01-03 10:10:24,6.9300,1,4158.0000,6,B,6.9200,6.9100,6.9000,6.8900,6.8800,6.9300,6.9400,6.9500,6.9600,6.9700,526,705,1242,330,2079,331,751,1174,981,277
SZ,002342,2017-01-03 10:10:27,6.9300,1,694.0000,1,B,6.9200,6.9100,6.9000,6.8900,6.8800,6.9300,6.9400,6.9500,6.9600,6.9700,526,705,1242,330,2079,330,751,1174,981,277
SZ,002342,2017-01-03 10:10:30,6.9300,1,13166.0000,19,B,6.9200,6.9100,6.9000,6.8900,6.8800,6.9300,6.9400,6.9500,6.9600,6.9700,526,705,1242,330,2079,311,751,1194,981,277
SZ,002342,2017-01-03 10:10:39,6.9300,2,27720.0000,40,B,6.9200,6.9100,6.9000,6.8900,6.8800,6.9300,6.9400,6.9500,6.9600,6.9700,486,705,1242,330,2079,301,794,1199,981,277
SZ,002342,2017-01-03 10:10:45,6.9300,2,12474.0000,18,B,6.9200,6.9100,6.9000,6.8900,6.8800,6.9300,6.9400,6.9500,6.9600,6.9700,486,1139,1242,330,2079,702,794,1199,981,277
SZ,002342,2017-01-03 10:11:09,6.9200,2,42262.0000,61,S,6.9200,6.9100,6.9000,6.8900,6.8800,6.9300,6.9400,6.9500,6.9600,6.9700,516,1159,1247,330,2079,1131,794,1199,981,277
SZ,002342,2017-01-03 10:11:12,6.9200,1,11072.0000,16,S,6.9200,6.9100,6.9000,6.8900,6.8800,6.9300,6.9400,6.9500,6.9600,6.9700,500,1159,1247,330,2079,1131,794,1199,981,277
SZ,002342,2017-01-03 10:11:21,6.9300,3,7622.0000,11,B,6.9200,6.9100,6.9000,6.8900,6.8800,6.9300,6.9400,6.9500,6.9600,6.9700,504,1159,1247,330,2079,1120,794,1179,981,277
SZ,002342,2017-01-03 10:11:36,6.9200,1,9688.0000,14,S,6.9200,6.9100,6.9000,6.8900,6.8800,6.9300,6.9400,6.9500,6.9600,6.9700,490,1202,1247,330,2079,1125,786,1179,983,277
SZ,002342,2017-01-03 10:11:51,6.9200,1,692.0000,1,S,6.9200,6.9100,6.9000,6.8900,6.8800,6.9300,6.9400,6.9500,6.9600,6.9700,517,1202,1247,330,2079,1285,786,1179,981,285
SZ,002342,2017-01-03 10:12:00,6.9200,2,6228.0000,9,S,6.9200,6.9100,6.9000,6.8900,6.8800,6.9300,6.9400,6.9500,6.9600,6.9700,523,1202,1247,330,2079,1285,786,1179,981,287
SZ,002342,2017-01-03 10:12:06,6.9200,1,3460.0000,5,S,6.9200,6.9100,6.9000,6.8900,6.8800,6.9300,6.9400,6.9500,6.9600,6.9700,518,1202,1247,330,2079,1285,786,1179,981,287
SZ,002342,2017-01-03 10:12:12,6.9300,2,6932.0000,10,B,6.9200,6.9100,6.9000,6.8900,6.8800,6.9300,6.9400,6.9500,6.9600,6.9700,513,1202,1247,330,2079,856,786,1179,981,287
SZ,002342,2017-01-03 10:12:15,6.9300,2,2772.0000,4,B,6.9200,6.9100,6.9000,6.8900,6.8800,6.9300,6.9400,6.9500,6.9600,6.9700,537,1202,1247,330,2079,852,786,1179,981,287
SZ,002342,2017-01-03 10:12:27,6.9300,3,69300.0000,100,B,6.9200,6.9100,6.9000,6.8900,6.8800,6.9300,6.9400,6.9500,6.9600,6.9700,537,1202,1247,330,2079,812,786,1179,981,287
SZ,002342,2017-01-03 10:12:30,6.9200,8,131526.0000,190,S,6.9200,6.9100,6.9000,6.8900,6.8800,6.9300,6.9400,6.9500,6.9600,6.9700,409,1202,1247,330,2079,765,786,1179,981,287
SZ,002342,2017-01-03 10:12:33,6.9200,20,283028.0000,409,B,6.9100,6.9000,6.8900,6.8800,6.8700,6.9200,6.9300,6.9400,6.9500,6.9600,1202,1247,330,2079,645,10,805,786,1179,981
SZ,002342,2017-01-03 10:12:36,6.9200,1,6920.0000,10,B,6.9200,6.9100,6.9000,6.8900,6.8800,6.9300,6.9400,6.9500,6.9600,6.9700,27,1210,1247,330,2079,815,786,1179,981,287
SZ,002342,2017-01-03 10:12:42,6.9200,1,1384.0000,2,S,6.9200,6.9100,6.9000,6.8900,6.8800,6.9300,6.9400,6.9500,6.9600,6.9700,125,1210,1247,330,2079,815,786,1179,981,287
SZ,002342,2017-01-03 10:12:45,6.9200,3,40828.0000,59,S,6.9200,6.9100,6.9000,6.8900,6.8800,6.9300,6.9400,6.9500,6.9600,6.9700,66,1210,1247,330,2079,815,786,1179,981,287
SZ,002342,2017-01-03 10:12:48,6.9300,2,694.0000,1,B,6.9200,6.9100,6.9000,6.8900,6.8800,6.9300,6.9400,6.9500,6.9600,6.9700,66,1210,1247,330,2079,814,786,1179,981,287
SZ,002342,2017-01-03 10:12:54,6.9200,1,40828.0000,59,S,6.9200,6.9100,6.9000,6.8900,6.8800,6.9300,6.9400,6.9500,6.9600,6.9700,7,1210,1247,330,2079,814,786,1179,981,287
SZ,002342,2017-01-03 10:13:00,6.9300,1,6928.0000,10,B,6.9200,6.9100,6.9000,6.8900,6.8800,6.9300,6.9400,6.9500,6.9600,6.9700,17,1210,1247,330,2079,804,786,1179,981,287
SZ,002342,2017-01-03 10:13:03,6.9200,2,6920.0000,10,S,6.9200,6.9100,6.9000,6.8900,6.8800,6.9300,6.9400,6.9500,6.9600,6.9700,7,1210,1267,330,2079,804,786,1179,981,287
SZ,002342,2017-01-03 10:13:06,6.9200,1,692.0000,1,S,6.9200,6.9100,6.9000,6.8900,6.8800,6.9300,6.9400,6.9500,6.9600,6.9700,14,1210,1267,330,2079,804,786,1179,981,287
SZ,002342,2017-01-03 10:13:15,6.9200,5,26988.0000,39,S,6.9100,6.9000,6.8900,6.8800,6.8700,6.9200,6.9300,6.9400,6.9500,6.9600,1210,1267,330,2079,645,192,704,786,1179,981
SZ,002342,2017-01-03 10:13:18,6.9200,3,34600.0000,50,B,6.9100,6.9000,6.8900,6.8800,6.8700,6.9200,6.9300,6.9400,6.9500,6.9600,1210,1267,330,2079,645,142,704,786,1179,981
SZ,002342,2017-01-03 10:13:21,6.9200,1,48440.0000,70,B,6.9100,6.9000,6.8900,6.8800,6.8700,6.9200,6.9300,6.9400,6.9500,6.9600,1210,1267,330,2079,645,72,704,786,1179,981
SZ,002342,2017-01-03 10:13:24,6.9100,1,1384.0000,2,S,6.9100,6.9000,6.8900,6.8800,6.8700,6.9200,6.9300,6.9400,6.9500,6.9600,1208,1267,330,2079,645,72,714,816,1179,981
SZ,002342,2017-01-03 10:13:42,6.9100,3,69100.0000,100,S,6.9100,6.9000,6.8900,6.8800,6.8700,6.9200,6.9300,6.9400,6.9500,6.9600,1108,1267,330,2079,645,172,714,816,1179,981
SZ,002342,2017-01-03 10:13:51,6.9200,3,26288.0000,38,B,6.9100,6.9000,6.8900,6.8800,6.8700,6.9200,6.9300,6.9400,6.9500,6.9600,1121,1267,330,2079,645,180,734,816,1179,981
SZ,002342,2017-01-03 10:14:03,6.9200,1,3460.0000,5,B,6.9100,6.9000,6.8900,6.8800,6.8700,6.9200,6.9300,6.9400,6.9500,6.9600,1131,1267,330,2079,645,890,734,816,1179,981
SZ,002342,2017-01-03 10:14:06,6.9100,1,17276.0000,25,S,6.9100,6.9000,6.8900,6.8800,6.8700,6.9200,6.9300,6.9400,6.9500,6.9600,1106,1267,330,2079,645,1395,734,816,1179,981
SZ,002342,2017-01-03 10:14:18,6.9100,16,771848.0000,1117,S,6.9000,6.8900,6.8800,6.8700,6.8600,6.9100,6.9200,6.9300,6.9400,6.9500,1277,330,2079,645,916,383,1402,734,816,1179
SZ,002342,2017-01-03 10:14:27,6.9000,1,195960.0000,284,S,6.9000,6.8900,6.8800,6.8700,6.8600,6.9100,6.9200,6.9300,6.9400,6.9500,993,330,2079,645,916,386,737,724,816,1179
SZ,002342,2017-01-03 10:14:36,6.9100,5,209072.0000,303,B,6.9000,6.8900,6.8800,6.8700,6.8600,6.9100,6.9200,6.9300,6.9400,6.9500,693,330,2079,645,916,398,687,724,811,1179
SZ,002342,2017-01-03 10:14:39,6.9000,1,1380.0000,2,S,6.9000,6.8900,6.8800,6.8700,6.8600,6.9100,6.9200,6.9300,6.9400,6.9500,691,340,2079,645,916,398,687,724,811,1179
SZ,002342,2017-01-03 10:14:42,6.9000,1,138690.0000,201,S,6.9000,6.8900,6.8800,6.8700,6.8600,6.9100,6.9200,6.9300,6.9400,6.9500,490,340,2079,645,916,398,687,804,811,1179
SZ,002342,2017-01-03 10:14:51,6.9100,1,2764.0000,4,B,6.9000,6.8900,6.8800,6.8700,6.8600,6.9100,6.9200,6.9300,6.9400,6.9500,530,340,2083,650,916,444,687,809,783,1179
SZ,002342,2017-01-03 10:15:03,6.9000,1,34500.0000,50,S,6.9000,6.8900,6.8800,6.8700,6.8600,6.9100,6.9200,6.9300,6.9400,6.9500,481,307,2083,650,930,574,687,819,808,1179
SZ,002342,2017-01-03 10:15:09,6.9000,1,20700.0000,30,S,6.9000,6.8900,6.8800,6.8700,6.8600,6.9100,6.9200,6.9300,6.9400,6.9500,451,307,2083,650,930,809,692,819,813,1179
SZ,002342,2017-01-03 10:15:12,6.9000,1,2070.0000,3,S,6.9000,6.8900,6.8800,6.8700,6.8600,6.9100,6.9200,6.9300,6.9400,6.9500,448,307,2083,650,930,809,692,819,813,1179
SZ,002342,2017-01-03 10:15:21,6.9100,1,20730.0000,30,B,6.9000,6.8900,6.8800,6.8700,6.8600,6.9100,6.9200,6.9300,6.9400,6.9500,472,347,2083,650,930,779,692,819,813,1199
SZ,002342,2017-01-03 10:15:33,6.9100,8,221492.0000,321,B,6.9000,6.8900,6.8800,6.8700,6.8600,6.9100,6.9200,6.9300,6.9400,6.9500,161,347,2083,650,930,792,705,823,813,1199
SZ,002342,2017-01-03 10:15:36,6.9000,1,5520.0000,8,S,6.9000,6.8900,6.8800,6.8700,6.8600,6.9100,6.9200,6.9300,6.9400,6.9500,153,347,2083,350,930,672,755,823,813,1199
SZ,002342,2017-01-03 10:15:39,6.9000,12,105570.0000,153,S,6.8900,6.8800,6.8700,6.8600,6.8500,6.9000,6.9100,6.9200,6.9300,6.9400,347,2093,350,900,1415,6,672,755,823,813
SZ,002342,2017-01-03 10:15:42,6.9000,1,4140.0000,6,B,6.9000,6.8900,6.8800,6.8700,6.8600,6.9100,6.9200,6.9300,6.9400,6.9500,4,347,2093,350,900,672,755,828,813,1199
SZ,002342,2017-01-03 10:15:48,6.9000,2,6900.0000,10,S,6.9000,6.8900,6.8800,6.8700,6.8600,6.9100,6.9200,6.9300,6.9400,6.9500,20,347,2093,340,900,632,705,828,813,1199
SZ,002342,2017-01-03 10:15:51,6.9000,2,13800.0000,20,S,6.8900,6.8800,6.8700,6.8600,6.8500,6.9000,6.9100,6.9200,6.9300,6.9400,347,2093,340,900,1415,30,632,705,828,813
SZ,002342,2017-01-03 10:15:54,6.9000,1,6900.0000,10,B,6.8900,6.8800,6.8700,6.8600,6.8500,6.9000,6.9100,6.9200,6.9300,6.9400,347,2093,340,900,1415,20,632,705,828,813
SZ,002342,2017-01-03 10:16:03,6.9000,3,89700.0000,130,B,6.9000,6.8900,6.8800,6.8700,6.8600,6.9100,6.9200,6.9300,6.9400,6.9500,70,348,2093,340,900,642,705,828,813,1199
SZ,002342,2017-01-03 10:16:06,6.9000,1,11040.0000,16,S,6.9000,6.8900,6.8800,6.8700,6.8600,6.9100,6.9200,6.9300,6.9400,6.9500,54,348,2094,340,900,642,705,828,813,1199
SZ,002342,2017-01-03 10:16:15,6.9000,1,37260.0000,54,S,6.8900,6.8800,6.8700,6.8600,6.8500,6.9000,6.9100,6.9200,6.9300,6.9400,399,2094,340,905,1415,246,632,705,788,813
SZ,002342,2017-01-03 10:16:18,6.9000,1,6900.0000,10,B,6.8900,6.8800,6.8700,6.8600,6.8500,6.9000,6.9100,6.9200,6.9300,6.9400,399,2094,340,905,1415,346,632,705,888,813
SZ,002342,2017-01-03 10:16:24,6.9000,1,34500.0000,50,B,6.8900,6.8800,6.8700,6.8600,6.8500,6.9000,6.9100,6.9200,6.9300,6.9400,399,2094,340,905,1415,296,632,715,888,813
SZ,002342,2017-01-03 10:16:33,6.9000,1,2070.0000,3,B,6.8900,6.8800,6.8700,6.8600,6.8500,6.9000,6.9100,6.9200,6.9300,6.9400,402,2094,340,905,1415,333,632,715,906,813
SZ,002342,2017-01-03 10:16:36,6.8900,1,3446.0000,5,S,6.8900,6.8800,6.8700,6.8600,6.8500,6.9000,6.9100,6.9200,6.9300,6.9400,397,2094,340,905,1415,333,632,715,906,812
SZ,002342,2017-01-03 10:17:03,6.8900,3,14468.0000,21,S,6.8900,6.8800,6.8700,6.8600,6.8500,6.9000,6.9100,6.9200,6.9300,6.9400,508,2094,267,939,1565,333,667,215,888,812
SZ,002342,2017-01-03 10:17:15,6.8900,6,89570.0000,130,S,6.8900,6.8800,6.8700,6.8600,6.8500,6.9000,6.9100,6.9200,6.9300,6.9400,424,2094,267,939,1565,343,667,215,958,812
SZ,002342,2017-01-03 10:17:21,6.9000,1,34500.0000,50,B,6.8900,6.8800,6.8700,6.8600,6.8500,6.9000,6.9100,6.9200,6.9300,6.9400,434,2094,267,939,1575,303,652,265,997,812
SZ,002342,2017-01-03 10:17:24,6.8900,1,6890.0000,10,S,6.8900,6.8800,6.8700,6.8600,6.8500,6.9000,6.9100,6.9200,6.9300,6.9400,444,2094,267,914,1575,303,652,265,997,812
SZ,002342,2017-01-03 10:17:39,6.9000,6,101974.0000,148,B,6.8900,6.8800,6.8700,6.8600,6.8500,6.9000,6.9100,6.9200,6.9300,6.9400,378,2096,267,954,1575,261,652,265,997,812
SZ,002342,2017-01-03 10:17:45,6.8900,6,34450.0000,50,S,6.8900,6.8800,6.8700,6.8600,6.8500,6.9000,6.9100,6.9200,6.9300,6.9400,358,2096,267,954,1575,261,652,295,1027,812
SZ,002342,2017-01-03 10:17:48,6.9000,2,75890.0000,110,B,6.8900,6.8800,6.8700,6.8600,6.8500,6.9000,6.9100,6.9200,6.9300,6.9400,378,2096,267,954,1605,161,652,295,1067,812
SZ,002342,2017-01-03 10:17:51,6.8900,1,18602.0000,27,S,6.8900,6.8800,6.8700,6.8600,6.8500,6.9000,6.9100,6.9200,6.9300,6.9400,351,2096,267,954,1605,161,652,295,1067,812
SZ,002342,2017-01-03 10:18:00,6.9000,1,20700.0000,30,B,6.8900,6.8800,6.8700,6.8600,6.8500,6.9000,6.9100,6.9200,6.9300,6.9400,374,2104,267,930,1605,31,652,195,1067,812
SZ,002342,2017-01-03 10:18:12,6.9000,4,21392.0000,31,B,6.9000,6.8900,6.8800,6.8700,6.8600,6.9100,6.9200,6.9300,6.9400,6.9500,442,570,2094,267,930,652,195,1072,812,1169
SZ,002342,2017-01-03 10:18:24,6.9100,8,450532.0000,652,B,6.9100,6.9000,6.8900,6.8800,6.8700,6.9200,6.9300,6.9400,6.9500,6.9600,46,462,600,2114,267,195,1078,812,1169,911
SZ,002342,2017-01-03 10:18:39,6.9100,1,31784.0000,46,S,6.9000,6.8900,6.8800,6.8700,6.8600,6.9100,6.9200,6.9300,6.9400,6.9500,462,555,2114,267,960,10,195,1078,812,1169
SZ,002342,2017-01-03 10:18:51,6.9100,3,20732.0000,30,B,6.9100,6.9000,6.8900,6.8800,6.8700,6.9200,6.9300,6.9400,6.9500,6.9600,6,672,555,2114,327,225,1078,812,1169,851
SZ,002342,2017-01-03 10:18:54,6.9100,1,4144.0000,6,S,6.9000,6.8900,6.8800,6.8700,6.8600,6.9100,6.9200,6.9300,6.9400,6.9500,672,555,2114,327,960,21,225,1138,812,1169
SZ,002342,2017-01-03 10:19:12,6.9000,2,18648.0000,27,S,6.9000,6.8900,6.8800,6.8700,6.8600,6.9100,6.9200,6.9300,6.9400,6.9500,1035,573,2114,348,960,4,252,1138,812,1169
SZ,002342,2017-01-03 10:19:15,6.9100,1,2764.0000,4,B,6.9100,6.9000,6.8900,6.8800,6.8700,6.9200,6.9300,6.9400,6.9500,6.9600,296,1035,573,2114,348,252,1138,804,1169,851
SZ,002342,2017-01-03 10:19:18,6.9100,1,10364.0000,15,S,6.9100,6.9000,6.8900,6.8800,6.8700,6.9200,6.9300,6.9400,6.9500,6.9600,281,1035,573,2114,348,252,1138,804,1169,851
SZ,002342,2017-01-03 10:19:21,6.9100,1,20732.0000,30,S,6.9100,6.9000,6.8900,6.8800,6.8700,6.9200,6.9300,6.9400,6.9500,6.9600,251,1035,573,2114,348,252,1138,804,1169,851
SZ,002342,2017-01-03 10:19:30,6.9100,1,5528.0000,8,S,6.9100,6.9000,6.8900,6.8800,6.8700,6.9200,6.9300,6.9400,6.9500,6.9600,421,1035,558,2114,348,299,1138,804,1169,851
SZ,002342,2017-01-03 10:19:36,6.9100,1,34548.0000,50,S,6.9100,6.9000,6.8900,6.8800,6.8700,6.9200,6.9300,6.9400,6.9500,6.9600,381,1035,558,2119,348,307,1138,804,1189,851
SZ,002342,2017-01-03 10:19:48,6.9100,1,130600.0000,189,S,6.9100,6.9000,6.8900,6.8800,6.8700,6.9200,6.9300,6.9400,6.9500,6.9600,192,1035,548,2119,348,307,1138,804,1189,851
SZ,002342,2017-01-03 10:19:57,6.9100,2,3456.0000,5,S,6.9100,6.9000,6.8900,6.8800,6.8700,6.9200,6.9300,6.9400,6.9500,6.9600,212,1035,548,2139,348,307,1138,799,1189,851
SZ,002342,2017-01-03 10:20:03,6.9100,1,3454.0000,5,S,6.9100,6.9000,6.8900,6.8800,6.8700,6.9200,6.9300,6.9400,6.9500,6.9600,207,1035,548,2139,348,307,1138,799,1189,851
SZ,002342,2017-01-03 10:20:06,6.9200,1,11764.0000,17,B,6.9100,6.9000,6.8900,6.8800,6.8700,6.9200,6.9300,6.9400,6.9500,6.9600,207,1035,548,2139,348,290,1138,799,1189,851
SZ,002342,2017-01-03 10:20:21,6.9200,1,692.0000,1,B,6.9100,6.9000,6.8900,6.8800,6.8700,6.9200,6.9300,6.9400,6.9500,6.9600,209,1035,564,2139,348,289,1138,799,1189,851
SZ,002342,2017-01-03 10:20:24,6.9200,1,2768.0000,4,B,6.9100,6.9000,6.8900,6.8800,6.8700,6.9200,6.9300,6.9400,6.9500,6.9600,209,1035,564,2139,348,255,1138,799,1189,851
SZ,002342,2017-01-03 10:20:42,6.9200,1,8996.0000,13,B,6.9100,6.9000,6.8900,6.8800,6.8700,6.9200,6.9300,6.9400,6.9500,6.9600,209,1035,551,2139,348,315,1132,799,1189,851
SZ,002342,2017-01-03 10:20:45,6.9200,17,206216.0000,298,B,6.9100,6.9000,6.8900,6.8800,6.8700,6.9200,6.9300,6.9400,6.9500,6.9600,209,1035,551,2139,348,17,1132,799,1189,851
SZ,002342,2017-01-03 10:20:51,6.9200,2,2076.0000,3,B,6.9100,6.9000,6.8900,6.8800,6.8700,6.9200,6.9300,6.9400,6.9500,6.9600,209,1035,551,2139,348,14,1132,799,1189,861
SZ,002342,2017-01-03 10:21:15,6.9100,1,4838.0000,7,S,6.9100,6.9000,6.8900,6.8800,6.8700,6.9200,6.9300,6.9400,6.9500,6.9600,202,1035,541,2139,348,113,1167,769,1189,871
SZ,002342,2017-01-03 10:21:18,6.9100,1,10364.0000,15,S,6.9100,6.9000,6.8900,6.8800,6.8700,6.9200,6.9300,6.9400,6.9500,6.9600,187,1035,541,2139,317,113,1167,769,1189,871
SZ,002342,2017-01-03 10:21:21,6.9200,5,79570.0000,115,B,6.9100,6.9000,6.8900,6.8800,6.8700,6.9200,6.9300,6.9400,6.9500,6.9600,177,1035,541,2139,317,28,1167,769,1189,871
SZ,002342,2017-01-03 10:21:27,6.9200,1,4844.0000,7,B,6.9100,6.9000,6.8900,6.8800,6.8700,6.9200,6.9300,6.9400,6.9500,6.9600,177,1035,551,2139,317,91,1167,769,1189,871
SZ,002342,2017-01-03 10:21:42,6.9100,1,69100.0000,100,S,6.9100,6.9000,6.8900,6.8800,6.8700,6.9200,6.9300,6.9400,6.9500,6.9600,164,1035,551,2139,317,162,1167,789,1189,871
SZ,002342,2017-01-03 10:21:45,6.9100,1,3454.0000,5,S,6.9100,6.9000,6.8900,6.8800,6.8700,6.9200,6.9300,6.9400,6.9500,6.9600,159,1035,551,2139,317,162,1167,789,1189,871
SZ,002342,2017-01-03 10:21:48,6.9200,2,5536.0000,8,B,6.9100,6.9000,6.8900,6.8800,6.8700,6.9200,6.9300,6.9400,6.9500,6.9600,159,1035,551,2139,317,157,1167,789,1183,871
SZ,002342,2017-01-03 10:21:51,6.9100,4,34552.0000,50,S,6.9100,6.9000,6.8900,6.8800,6.8700,6.9200,6.9300,6.9400,6.9500,6.9600,109,1035,551,2139,317,177,1167,789,1183,871
SZ,002342,2017-01-03 10:22:00,6.9200,9,122484.0000,177,B,6.9200,6.9100,6.9000,6.8900,6.8800,6.9300,6.9400,6.9500,6.9600,6.9700,642,150,1035,551,2139,1167,789,1183,871,258
SZ,002342,2017-01-03 10:22:03,6.9200,1,4152.0000,6,S,6.9200,6.9100,6.9000,6.8900,6.8800,6.9300,6.9400,6.9500,6.9600,6.9700,636,150,1035,551,2139,1167,789,1183,871,258
SZ,002342,2017-01-03 10:22:06,6.9300,2,2772.0000,4,B,6.9200,6.9100,6.9000,6.8900,6.8800,6.9300,6.9400,6.9500,6.9600,6.9700,636,150,1035,551,2139,1163,789,1183,871,258
SZ,002342,2017-01-03 10:22:24,6.9300,1,692.0000,1,B,6.9200,6.9100,6.9000,6.8900,6.8800,6.9300,6.9400,6.9500,6.9600,6.9700,656,150,1035,571,2130,1162,792,1183,871,263
SZ,002342,2017-01-03 10:22:30,6.9300,2,69300.0000,100,B,6.9200,6.9100,6.9000,6.8900,6.8800,6.9300,6.9400,6.9500,6.9600,6.9700,656,150,1035,571,2130,1062,792,1183,871,263
SZ,002342,2017-01-03 10:22:33,6.9300,13,483020.0000,697,B,6.9200,6.9100,6.9000,6.8900,6.8800,6.9300,6.9400,6.9500,6.9600,6.9700,656,150,1035,571,2130,365,792,1183,871,263
SZ,002342,2017-01-03 10:22:36,6.9300,2,42968.0000,62,B,6.9200,6.9100,6.9000,6.8900,6.8800,6.9300,6.9400,6.9500,6.9600,6.9700,656,150,1035,571,2130,303,792,1183,871,263
SZ,002342,2017-01-03 10:22:39,6.9300,2,4156.0000,6,B,6.9200,6.9100,6.9000,6.8900,6.8800,6.9300,6.9400,6.9500,6.9600,6.9700,20,150,1035,571,2130,297,792,1183,871,263
SZ,002342,2017-01-03 10:22:45,6.9200,1,13840.0000,20,S,6.9100,6.9000,6.8900,6.8800,6.8700,6.9200,6.9300,6.9400,6.9500,6.9600,150,1035,571,2130,317,21,297,792,1183,871
SZ,002342,2017-01-03 10:22:51,6.9300,9,220950.0000,319,B,6.9300,6.9200,6.9100,6.9000,6.8900,6.9400,6.9500,6.9600,6.9700,6.9800,316,150,150,1035,581,792,1183,871,263,1688
SZ,002342,2017-01-03 10:22:54,6.9300,2,14554.0000,21,S,6.9300,6.9200,6.9100,6.9000,6.8900,6.9400,6.9500,6.9600,6.9700,6.9800,295,165,170,1035,581,792,1183,871,263,1688
SZ,002342,2017-01-03 10:23:06,6.9300,1,68606.0000,99,S,6.9300,6.9200,6.9100,6.9000,6.8900,6.9400,6.9500,6.9600,6.9700,6.9800,246,165,190,603,545,792,1183,871,263,1688
SZ,002342,2017-01-03 10:23:12,6.9400,13,300502.0000,433,B,6.9300,6.9200,6.9100,6.9000,6.8900,6.9400,6.9500,6.9600,6.9700,6.9800,245,165,290,603,545,360,1183,871,263,1688
SZ,002342,2017-01-03 10:23:24,6.9300,2,110894.0000,160,S,6.9300,6.9200,6.9100,6.9000,6.8900,6.9400,6.9500,6.9600,6.9700,6.9800,115,65,284,603,545,345,1183,871,263,1688
SZ,002342,2017-01-03 10:23:27,6.9400,1,6940.0000,10,B,6.9300,6.9200,6.9100,6.9000,6.8900,6.9400,6.9500,6.9600,6.9700,6.9800,115,65,284,603,545,535,1123,843,263,1688
SZ,002342,2017-01-03 10:23:33,6.9400,1,34700.0000,50,B,6.9300,6.9200,6.9100,6.9000,6.8900,6.9400,6.9500,6.9600,6.9700,6.9800,135,315,284,603,545,525,1123,843,263,1688
SZ,002342,2017-01-03 10:23:42,6.9300,1,4158.0000,6,S,6.9300,6.9200,6.9100,6.9000,6.8900,6.9400,6.9500,6.9600,6.9700,6.9800,254,315,284,643,535,545,1123,843,263,475
SZ,002342,2017-01-03 10:23:48,6.9300,6,166320.0000,240,S,6.9300,6.9200,6.9100,6.9000,6.8900,6.9400,6.9500,6.9600,6.9700,6.9800,24,315,494,643,535,595,1123,843,263,475
SZ,002342,2017-01-03 10:23:51,6.9400,2,4858.0000,7,B,6.9300,6.9200,6.9100,6.9000,6.8900,6.9400,6.9500,6.9600,6.9700,6.9800,33,315,494,643,535,588,1123,843,263,475
SZ,002342,2017-01-03 10:23:54,6.9400,1,1388.0000,2,B,6.9300,6.9200,6.9100,6.9000,6.8900,6.9400,6.9500,6.9600,6.9700,6.9800,33,315,494,643,535,736,1123,843,263,475
SZ,002342,2017-01-03 10:24:03,6.9400,2,4164.0000,6,B,6.9300,6.9200,6.9100,6.9000,6.8900,6.9400,6.9500,6.9600,6.9700,6.9800,43,315,494,643,535,730,1123,843,263,535
SZ,002342,2017-01-03 10:24:06,6.9400,2,2776.0000,4,B,6.9300,6.9200,6.9100,6.9000,6.8900,6.9400,6.9500,6.9600,6.9700,6.9800,34,615,494,643,485,926,1123,843,263,535
SZ,002342,2017-01-03 10:24:09,6.9400,5,61766.0000,89,B,6.9300,6.9200,6.9100,6.9000,6.8900,6.9400,6.9500,6.9600,6.9700,6.9800,34,615,494,643,485,817,1123,843,263,535
SZ,002342,2017-01-03 10:24:12,6.9400,5,69400.0000,100,B,6.9300,6.9200,6.9100,6.9000,6.8900,6.9400,6.9500,6.9600,6.9700,6.9800,34,445,494,643,485,752,1123,843,263,535
SZ,002342,2017-01-03 10:24:15,6.9300,4,23660.0000,34,S,6.9200,6.9100,6.9000,6.8900,6.8800,6.9300,6.9400,6.9500,6.9600,6.9700,445,494,643,525,2110,15,752,1123,843,263
SZ,002342,2017-01-03 10:24:18,6.9300,2,10990.0000,16,B,6.9300,6.9200,6.9100,6.9000,6.8900,6.9400,6.9500,6.9600,6.9700,6.9800,35,445,494,643,525,762,1123,843,263,515
SZ,002342,2017-01-03 10:24:24,6.9400,2,13880.0000,20,B,6.9300,6.9200,6.9100,6.9000,6.8900,6.9400,6.9500,6.9600,6.9700,6.9800,43,445,494,643,525,742,1123,843,263,515
SZ,002342,2017-01-03 10:24:30,6.9300,1,6930.0000,10,S,6.9300,6.9200,6.9100,6.9000,6.8900,6.9400,6.9500,6.9600,6.9700,6.9800,213,452,494,643,525,742,1123,843,263,515
SZ,002342,2017-01-03 10:24:36,6.9300,1,692.0000,1,S,6.9300,6.9200,6.9100,6.9000,6.8900,6.9400,6.9500,6.9600,6.9700,6.9800,232,452,494,663,525,760,1123,843,263,515
SZ,002342,2017-01-03 10:24:39,6.9300,2,16636.0000,24,S,6.9300,6.9200,6.9100,6.9000,6.8900,6.9400,6.9500,6.9600,6.9700,6.9800,210,372,494,663,525,758,1123,843,263,515
SZ,002342,2017-01-03 10:24:42,6.9300,2,6928.0000,10,S,6.9300,6.9200,6.9100,6.9000,6.8900,6.9400,6.9500,6.9600,6.9700,6.9800,219,402,494,663,525,758,1153,843,263,515
SZ,002342,2017-01-03 10:24:45,6.9300,2,2080.0000,3,S,6.9300,6.9200,6.9100,6.9000,6.8900,6.9400,6.9500,6.9600,6.9700,6.9800,216,402,494,663,525,758,1153,843,263,515
SZ,002342,2017-01-03 10:24:51,6.9300,5,219084.0000,316,S,6.9200,6.9100,6.9000,6.8900,6.8800,6.9300,6.9400,6.9500,6.9600,6.9700,402,494,663,525,2110,283,758,1153,843,263
SZ,002342,2017-01-03 10:24:57,6.9200,2,15228.0000,22,S,6.9200,6.9100,6.9000,6.8900,6.8800,6.9300,6.9400,6.9500,6.9600,6.9700,402,494,663,525,2110,281,758,1163,843,263
SZ,002342,2017-01-03 10:25:00,6.9200,2,88676.0000,128,S,6.9200,6.9100,6.9000,6.8900,6.8800,6.9300,6.9400,6.9500,6.9600,6.9700,374,494,663,525,2110,243,758,1163,843,263
SZ,002342,2017-01-03 10:25:15,6.9200,3,12456.0000,18,S,6.9200,6.9100,6.9000,6.8900,6.8800,6.9300,6.9400,6.9500,6.9600,6.9700,356,524,773,515,2110,323,768,1163,398,263
SZ,002342,2017-01-03 10:25:33,6.9200,1,138400.0000,200,S,6.9200,6.9100,6.9000,6.8900,6.8800,6.9300,6.9400,6.9500,6.9600,6.9700,156,524,773,555,2100,361,589,1163,398,263
SZ,002342,2017-01-03 10:25:42,6.9300,1,6928.0000,10,B,6.9200,6.9100,6.9000,6.8900,6.8800,6.9300,6.9400,6.9500,6.9600,6.9700,218,524,773,575,2100,351,604,1163,843,263
SZ,002342,2017-01-03 10:25:48,6.9300,1,6238.0000,9,B,6.9200,6.9100,6.9000,6.8900,6.8800,6.9300,6.9400,6.9500,6.9600,6.9700,218,524,767,596,2100,362,604,1163,843,263
SZ,002342,2017-01-03 10:25:51,6.9300,1,55440.0000,80,B,6.9200,6.9100,6.9000,6.8900,6.8800,6.9300,6.9400,6.9500,6.9600,6.9700,224,524,767,596,2100,292,604,1163,843,263
SZ,002342,2017-01-03 10:25:57,6.9300,3,91476.0000,132,B,6.9200,6.9100,6.9000,6.8900,6.8800,6.9300,6.9400,6.9500,6.9600,6.9700,234,529,767,596,2100,160,604,1163,843,263
SZ,002342,2017-01-03 10:26:00,6.9200,1,20760.0000,30,S,6.9200,6.9100,6.9000,6.8900,6.8800,6.9300,6.9400,6.9500,6.9600,6.9700,204,529,767,596,2100,170,604,1163,843,263
SZ,002342,2017-01-03 10:26:03,6.9300,1,6930.0000,10,B,6.9200,6.9100,6.9000,6.8900,6.8800,6.9300,6.9400,6.9500,6.9600,6.9700,204,529,767,646,2100,160,604,1163,843,263
SZ,002342,2017-01-03 10:26:06,6.9300,5,68608.0000,99,B,6.9200,6.9100,6.9000,6.8900,6.8800,6.9300,6.9400,6.9500,6.9600,6.9700,230,529,767,646,2100,61,604,1163,843,263
SZ,002342,2017-01-03 10:26:27,6.9300,2,13860.0000,20,B,6.9200,6.9100,6.9000,6.8900,6.8800,6.9300,6.9400,6.9500,6.9600,6.9700,230,595,627,666,2100,41,569,1148,843,263
SZ,002342,2017-01-03 10:26:36,6.9300,6,63658.0000,92,B,6.9300,6.9200,6.9100,6.9000,6.8900,6.9400,6.9500,6.9600,6.9700,6.9800,8,250,595,627,666,574,1148,843,263,555
SZ,002342,2017-01-03 10:26:45,6.9300,2,6930.0000,10,S,6.9300,6.9200,6.9100,6.9000,6.8900,6.9400,6.9500,6.9600,6.9700,6.9800,107,270,625,627,666,662,1148,853,263,555
SZ,002342,2017-01-03 10:26:48,6.9300,1,3464.0000,5,S,6.9300,6.9200,6.9100,6.9000,6.8900,6.9400,6.9500,6.9600,6.9700,6.9800,102,270,625,627,666,662,1148,853,263,560
SZ,002342,2017-01-03 10:26:51,6.9400,1,2084.0000,3,B,6.9300,6.9200,6.9100,6.9000,6.8900,6.9400,6.9500,6.9600,6.9700,6.9800,102,270,625,627,666,659,1148,853,263,560
SZ,002342,2017-01-03 10:27:15,6.9300,1,15244.0000,22,S,6.9300,6.9200,6.9100,6.9000,6.8900,6.9400,6.9500,6.9600,6.9700,6.9800,109,290,615,657,665,659,1148,853,263,565
SZ,002342,2017-01-03 10:27:24,6.9300,6,73460.0000,106,S,6.9300,6.9200,6.9100,6.9000,6.8900,6.9400,6.9500,6.9600,6.9700,6.9800,3,290,615,657,665,659,1148,853,263,565
SZ,002342,2017-01-03 10:27:27,6.9400,1,6940.0000,10,B,6.9300,6.9200,6.9100,6.9000,6.8900,6.9400,6.9500,6.9600,6.9700,6.9800,3,290,615,657,665,649,1148,853,263,565
SZ,002342,2017-01-03 10:27:39,6.9300,4,27026.0000,39,S,6.9300,6.9200,6.9100,6.9000,6.8900,6.9400,6.9500,6.9600,6.9700,6.9800,27,390,615,1157,685,669,1148,853,263,575
SZ,002342,2017-01-03 10:27:51,6.9400,4,8328.0000,12,B,6.9300,6.9200,6.9100,6.9000,6.8900,6.9400,6.9500,6.9600,6.9700,6.9800,40,388,625,1137,685,657,1148,853,263,575
SZ,002342,2017-01-03 10:28:03,6.9400,1,2082.0000,3,B,6.9300,6.9200,6.9100,6.9000,6.8900,6.9400,6.9500,6.9600,6.9700,6.9800,40,388,645,1137,685,654,1148,853,263,575
SZ,002342,2017-01-03 10:28:06,6.9400,1,6940.0000,10,B,6.9300,6.9200,6.9100,6.9000,6.8900,6.9400,6.9500,6.9600,6.9700,6.9800,60,388,645,1137,685,664,1148,853,263,575
SZ,002342,2017-01-03 10:28:12,6.9400,3,48580.0000,70,B,6.9300,6.9200,6.9100,6.9000,6.8900,6.9400,6.9500,6.9600,6.9700,6.9800,60,388,655,1137,685,616,1128,853,263,585
SZ,002342,2017-01-03 10:28:15,6.9300,2,8320.0000,12,S,6.9300,6.9200,6.9100,6.9000,6.8900,6.9400,6.9500,6.9600,6.9700,6.9800,51,388,655,1137,685,622,1128,853,263,585
SZ,002342,2017-01-03 10:28:42,6.9300,3,27720.0000,40,S,6.9300,6.9200,6.9100,6.9000,6.8900,6.9400,6.9500,6.9600,6.9700,6.9800,11,388,662,1237,685,628,1128,853,291,585
SZ,002342,2017-01-03 10:28:48,6.9300,1,7720.0000,11,S,6.9200,6.9100,6.9000,6.8900,6.8800,6.9300,6.9400,6.9500,6.9600,6.9700,288,662,1237,685,1348,88,628,1128,853,291
SZ,002342,2017-01-03 10:28:51,6.9300,1,3464.0000,5,B,6.9200,6.9100,6.9000,6.8900,6.8800,6.9300,6.9400,6.9500,6.9600,6.9700,288,662,1237,685,1348,83,678,1128,853,291
SZ,002342,2017-01-03 10:29:21,6.9200,3,48440.0000,70,S,6.9200,6.9100,6.9000,6.8900,6.8800,6.9300,6.9400,6.9500,6.9600,6.9700,268,642,1237,1385,1348,83,678,1122,853,291
SZ,002342,2017-01-03 10:29:24,6.9200,2,6920.0000,10,S,6.9200,6.9100,6.9000,6.8900,6.8800,6.9300,6.9400,6.9500,6.9600,6.9700,258,642,1237,1385,1348,121,678,1122,853,291
SZ,002342,2017-01-03 10:29:30,6.9200,9,139784.0000,202,S,6.9200,6.9100,6.9000,6.8900,6.8800,6.9300,6.9400,6.9500,6.9600,6.9700,56,642,1237,1385,1348,121,692,1122,853,291
SZ,002342,2017-01-03 10:29:36,6.9300,1,11088.0000,16,B,6.9200,6.9100,6.9000,6.8900,6.8800,6.9300,6.9400,6.9500,6.9600,6.9700,56,647,1237,1385,1348,105,692,1122,853,291
SZ,002342,2017-01-03 10:29:45,6.9300,1,2772.0000,4,B,6.9200,6.9100,6.9000,6.8900,6.8800,6.9300,6.9400,6.9500,6.9600,6.9700,56,647,1237,1385,1348,111,712,1122,853,291
SZ,002342,2017-01-03 10:29:54,6.9300,2,10396.0000,15,B,6.9200,6.9100,6.9000,6.8900,6.8800,6.9300,6.9400,6.9500,6.9600,6.9700,56,818,1237,1375,1348,96,717,1222,853,291
SZ,002342,2017-01-03 10:30:00,6.9300,1,1384.0000,2,B,6.9200,6.9100,6.9000,6.8900,6.8800,6.9300,6.9400,6.9500,6.9600,6.9700,56,818,1237,1395,1348,94,727,1222,853,291
SZ,002342,2017-01-03 10:30:06,6.9300,1,4852.0000,7,B,6.9200,6.9100,6.9000,6.8900,6.8800,6.9300,6.9400,6.9500,6.9600,6.9700,56,818,1237,1395,1348,97,723,1222,863,291
SZ,002342,2017-01-03 10:30:12,6.9300,1,2772.0000,4,B,6.9200,6.9100,6.9000,6.8900,6.8800,6.9300,6.9400,6.9500,6.9600,6.9700,56,818,1237,1395,1348,93,723,1222,863,291
SZ,002342,2017-01-03 10:30:15,6.9300,5,65044.0000,94,B,6.9300,6.9200,6.9100,6.9000,6.8900,6.9400,6.9500,6.9600,6.9700,6.9800,110,56,818,1237,1395,723,1222,863,291,601
SZ,002342,2017-01-03 10:30:18,6.9300,2,66528.0000,96,S,6.9300,6.9200,6.9100,6.9000,6.8900,6.9400,6.9500,6.9600,6.9700,6.9800,61,56,818,1237,1395,723,1232,863,291,601
SZ,002342,2017-01-03 10:30:27,6.9200,6,69292.0000,100,S,6.9200,6.9100,6.9000,6.8900,6.8800,6.9400,6.9500,6.9600,6.9700,6.9800,78,828,1237,1395,1358,723,1232,863,291,601
SZ,002342,2017-01-03 10:30:36,6.9200,1,2076.0000,3,S,6.9200,6.9100,6.9000,6.8900,6.8800,6.9300,6.9400,6.9500,6.9600,6.9700,252,828,1114,1395,1363,29,726,1222,863,291
SZ,002342,2017-01-03 10:30:42,6.9200,3,30480.0000,44,S,6.9200,6.9100,6.9000,6.8900,6.8800,6.9400,6.9500,6.9600,6.9700,6.9800,250,828,1114,1395,1363,726,1222,863,291,601
SZ,002342,2017-01-03 10:30:45,6.9200,3,22836.0000,33,S,6.9200,6.9100,6.9000,6.8900,6.8800,6.9400,6.9500,6.9600,6.9700,6.9800,234,828,1114,1395,1363,726,1222,863,291,601
SZ,002342,2017-01-03 10:31:03,6.9300,1,6238.0000,9,S,6.9300,6.9200,6.9100,6.9000,6.8900,6.9400,6.9500,6.9600,6.9700,6.9800,11,268,828,1114,1395,709,1222,863,291,611
SZ,002342,2017-01-03 10:31:06,6.9300,1,6930.0000,10,S,6.9300,6.9200,6.9100,6.9000,6.8900,6.9400,6.9500,6.9600,6.9700,6.9800,1,268,828,1114,1395,709,1222,863,291,611
SZ,002342,2017-01-03 10:31:12,6.9400,1,6940.0000,10,B,6.9300,6.9200,6.9100,6.9000,6.8900,6.9400,6.9500,6.9600,6.9700,6.9800,51,268,838,1114,1395,699,1222,863,291,611
SZ,002342,2017-01-03 10:31:15,6.9400,1,2082.0000,3,B,6.9300,6.9200,6.9100,6.9000,6.8900,6.9400,6.9500,6.9600,6.9700,6.9800,71,261,838,1114,1395,696,1222,863,291,611
SZ,002342,2017-01-03 10:31:21,6.9400,1,49274.0000,71,B,6.9300,6.9200,6.9100,6.9000,6.8900,6.9400,6.9500,6.9600,6.9700,6.9800,102,230,838,1114,1395,625,1222,863,291,611
SZ,002342,2017-01-03 10:31:45,6.9400,1,11798.0000,17,B,6.9300,6.9200,6.9100,6.9000,6.8900,6.9400,6.9500,6.9600,6.9700,6.9800,272,193,787,1114,1395,659,1322,863,291,615
SZ,002342,2017-01-03 10:31:48,6.9400,1,20820.0000,30,B,6.9300,6.9200,6.9100,6.9000,6.8900,6.9400,6.9500,6.9600,6.9700,6.9800,272,193,787,1114,1395,629,1332,863,291,615
SZ,002342,2017-01-03 10:31:51,6.9400,4,58990.0000,85,B,6.9300,6.9200,6.9100,6.9000,6.8900,6.9400,6.9500,6.9600,6.9700,6.9800,272,193,787,1114,1395,546,1332,863,291,615
SZ,002342,2017-01-03 10:31:54,6.9400,1,34700.0000,50,B,6.9300,6.9200,6.9100,6.9000,6.8900,6.9400,6.9500,6.9600,6.9700,6.9800,272,193,787,1114,1395,496,1332,863,291,615
SZ,002342,2017-01-03 10:32:03,6.9400,2,7634.0000,11,B,6.9300,6.9200,6.9100,6.9000,6.8900,6.9400,6.9500,6.9600,6.9700,6.9800,292,193,787,1114,1503,485,1332,850,291,615
SZ,002342,2017-01-03 10:32:06,6.9400,1,25678.0000,37,B,6.9300,6.9200,6.9100,6.9000,6.8900,6.9400,6.9500,6.9600,6.9700,6.9800,292,193,787,1114,1503,448,1332,850,291,615
SZ,002342,2017-01-03 10:32:09,6.9400,1,20820.0000,30,B,6.9300,6.9200,6.9100,6.9000,6.8900,6.9400,6.9500,6.9600,6.9700,6.9800,292,190,787,1114,1503,418,1332,850,291,615
SZ,002342,2017-01-03 10:32:21,6.9300,4,53360.0000,77,S,6.9300,6.9200,6.9100,6.9000,6.8900,6.9400,6.9500,6.9600,6.9700,6.9800,214,190,787,1114,1503,619,1332,850,291,615
SZ,002342,2017-01-03 10:32:24,6.9400,1,6940.0000,10,B,6.9300,6.9200,6.9100,6.9000,6.8900,6.9400,6.9500,6.9600,6.9700,6.9800,214,190,787,1114,1503,609,1332,850,291,615
SZ,002342,2017-01-03 10:32:27,6.9400,1,2776.0000,4,B,6.9300,6.9200,6.9100,6.9000,6.8900,6.9400,6.9500,6.9600,6.9700,6.9800,224,190,787,1114,1503,615,1302,850,291,615
SZ,002342,2017-01-03 10:32:42,6.9300,2,69300.0000,100,S,6.9300,6.9200,6.9100,6.9000,6.8900,6.9400,6.9500,6.9600,6.9700,6.9800,286,490,789,1805,1513,718,1302,850,291,615
SZ,002342,2017-01-03 10:32:51,6.9300,5,198200.0000,286,S,6.9200,6.9100,6.9000,6.8900,6.8800,6.9300,6.9400,6.9500,6.9600,6.9700,490,789,1805,1513,1377,214,619,1302,850,291
SZ,002342,2017-01-03 10:32:54,6.9300,1,20788.0000,30,B,6.9200,6.9100,6.9000,6.8900,6.8800,6.9300,6.9400,6.9500,6.9600,6.9700,490,809,1775,1513,1377,384,649,1302,850,291
SZ,002342,2017-01-03 10:33:06,6.9300,1,27028.0000,39,B,6.9200,6.9100,6.9000,6.8900,6.8800,6.9300,6.9400,6.9500,6.9600,6.9700,492,809,1775,1513,1377,345,649,1302,850,291
SZ,002342,2017-01-03 10:33:24,6.9300,1,692.0000,1,B,6.9200,6.9100,6.9000,6.8900,6.8800,6.9300,6.9400,6.9500,6.9600,6.9700,492,879,1775,1513,1377,347,646,1302,850,291
SZ,002342,2017-01-03 10:33:39,6.9300,2,22176.0000,32,B,6.9200,6.9100,6.9000,6.8900,6.8800,6.9300,6.9400,6.9500,6.9600,6.9700,492,879,1795,1513,1377,329,665,1302,850,291
SZ,002342,2017-01-03 10:34:24,6.9300,2,24256.0000,35,B,6.9200,6.9100,6.9000,6.8900,6.8800,6.9300,6.9400,6.9500,6.9600,6.9700,512,889,1795,1513,1377,304,767,1301,850,291
SZ,002342,2017-01-03 10:34:36,6.9000,41,1381908.0000,2000,S,6.9000,6.8900,6.8800,6.8700,6.8600,6.9300,6.9400,6.9500,6.9600,6.9700,1194,1513,1377,326,847,334,770,1301,850,291
SZ,002342,2017-01-03 10:35:03,6.9300,1,18712.0000,27,B,6.9200,6.9000,6.8900,6.8800,6.8700,6.9300,6.9400,6.9500,6.9600,6.9700,150,1205,1513,1377,326,347,763,1301,850,291
SZ,002342,2017-01-03 10:35:09,6.9300,1,9702.0000,14,B,6.9200,6.9100,6.9000,6.8900,6.8800,6.9300,6.9400,6.9500,6.9600,6.9700,150,27,1205,1522,1377,333,753,1301,850,291
SZ,002342,2017-01-03 10:35:12,6.9300,1,2078.0000,3,B,6.9200,6.9100,6.9000,6.8900,6.8800,6.9300,6.9400,6.9500,6.9600,6.9700,150,27,1205,1522,1377,330,803,1301,850,291
SZ,002342,2017-01-03 10:35:15,6.9300,3,94942.0000,137,B,6.9200,6.9100,6.9000,6.8900,6.8800,6.9300,6.9400,6.9500,6.9600,6.9700,150,27,1205,1522,1377,193,803,1301,850,291
SZ,002342,2017-01-03 10:35:18,6.9300,2,53362.0000,77,B,6.9200,6.9100,6.9000,6.8900,6.8800,6.9300,6.9400,6.9500,6.9600,6.9700,150,27,1196,1522,1377,175,803,1301,850,291
SZ,002342,2017-01-03 10:35:21,6.9200,1,1384.0000,2,S,6.9200,6.9100,6.9000,6.8900,6.8800,6.9300,6.9400,6.9500,6.9600,6.9700,148,27,1224,1522,1377,175,803,1301,850,291
SZ,002342,2017-01-03 10:35:30,6.9300,3,20788.0000,30,B,6.9200,6.9100,6.9000,6.8900,6.8800,6.9300,6.9400,6.9500,6.9600,6.9700,148,27,1224,1522,1382,155,803,1301,850,291
SZ,002342,2017-01-03 10:35:42,6.9300,5,18712.0000,27,B,6.9200,6.9100,6.9000,6.8900,6.8800,6.9300,6.9400,6.9500,6.9600,6.9700,148,27,1255,1522,1382,138,825,1306,850,291
SZ,002342,2017-01-03 10:35:57,6.9300,4,55440.0000,80,B,6.9200,6.9100,6.9000,6.8900,6.8800,6.9300,6.9400,6.9500,6.9600,6.9700,148,30,1289,1522,1382,124,832,1306,910,291
SZ,002342,2017-01-03 10:36:06,6.9300,1,6236.0000,9,B,6.9200,6.9100,6.9000,6.8900,6.8800,6.9300,6.9400,6.9500,6.9600,6.9700,178,258,1289,822,1382,165,846,1306,910,291
SZ,002342,2017-01-03 10:36:09,6.9300,4,41580.0000,60,B,6.9200,6.9100,6.9000,6.8900,6.8800,6.9300,6.9400,6.9500,6.9600,6.9700,178,258,1269,822,1382,105,846,1306,910,291
SZ,002342,2017-01-03 10:36:18,6.9300,1,27720.0000,40,B,6.9200,6.9100,6.9000,6.8900,6.8800,6.9300,6.9400,6.9500,6.9600,6.9700,178,258,1272,822,1382,65,846,1306,910,291
SZ,002342,2017-01-03 10:36:36,6.9200,1,4844.0000,7,S,6.9200,6.9100,6.9000,6.8900,6.8800,6.9300,6.9400,6.9500,6.9600,6.9700,141,258,1272,813,1382,222,865,1306,910,291
SZ,002342,2017-01-03 10:36:48,6.9200,1,6228.0000,9,S,6.9200,6.9100,6.9000,6.8900,6.8800,6.9300,6.9400,6.9500,6.9600,6.9700,152,258,1276,813,1382,270,865,1306,910,291
SZ,002342,2017-01-03 10:36:54,6.9200,1,6920.0000,10,S,6.9200,6.9100,6.9000,6.8900,6.8800,6.9300,6.9400,6.9500,6.9600,6.9700,142,267,1276,813,1382,274,858,1306,910,291
SZ,002342,2017-01-03 10:36:57,6.9200,1,3460.0000,5,S,6.9200,6.9100,6.9000,6.8900,6.8800,6.9300,6.9400,6.9500,6.9600,6.9700,137,267,1276,813,1382,312,858,1306,910,291
SZ,002342,2017-01-03 10:37:03,6.9200,1,31832.0000,46,S,6.9200,6.9100,6.9000,6.8900,6.8800,6.9300,6.9400,6.9500,6.9600,6.9700,91,267,1276,813,1382,312,873,1306,910,291
SZ,002342,2017-01-03 10:37:12,6.9200,1,34600.0000,50,S,6.9200,6.9100,6.9000,6.8900,6.8800,6.9300,6.9400,6.9500,6.9600,6.9700,41,267,1276,813,1382,312,873,1306,910,291
SZ,002342,2017-01-03 10:37:15,6.9300,2,22870.0000,33,B,6.9200,6.9100,6.9000,6.8900,6.8800,6.9300,6.9400,6.9500,6.9600,6.9700,41,267,1276,813,1382,279,877,1306,910,291
SZ,002342,2017-01-03 10:37:39,6.9200,4,138400.0000,200,S,6.9200,6.9100,6.9000,6.8900,6.8800,6.9300,6.9400,6.9500,6.9600,6.9700,68,65,1276,813,1382,296,927,1316,910,291
SZ,002342,2017-01-03 10:37:51,6.9200,2,53976.0000,78,S,6.9100,6.9000,6.8900,6.8800,6.8700,6.9200,6.9300,6.9400,6.9500,6.9600,65,1276,813,1382,346,122,296,927,1316,910
SZ,002342,2017-01-03 10:37:54,6.9200,1,69200.0000,100,B,6.9100,6.9000,6.8900,6.8800,6.8700,6.9200,6.9300,6.9400,6.9500,6.9600,65,1276,813,1382,346,22,296,927,1316,910
SZ,002342,2017-01-03 10:38:15,6.9100,1,2764.0000,4,S,6.9100,6.9000,6.8900,6.8800,6.8700,6.9200,6.9300,6.9400,6.9500,6.9600,148,1276,793,1382,346,30,286,907,1296,910
SZ,002342,2017-01-03 10:38:27,6.9200,3,55360.0000,80,B,6.9100,6.9000,6.8900,6.8800,6.8700,6.9200,6.9300,6.9400,6.9500,6.9600,278,1276,793,1382,346,23,286,907,1296,923
SZ,002342,2017-01-03 10:38:33,6.9200,1,15916.0000,23,B,6.9200,6.9100,6.9000,6.8900,6.8800,6.9300,6.9400,6.9500,6.9600,6.9700,3,288,1276,795,1382,286,950,1296,923,250
SZ,002342,2017-01-03 10:38:51,6.9300,2,34650.0000,50,B,6.9200,6.9100,6.9000,6.8900,6.8800,6.9300,6.9400,6.9500,6.9600,6.9700,3,201,1291,795,1382,442,941,1296,478,261
SZ,002342,2017-01-03 10:39:03,6.9200,2,62280.0000,90,S,6.9100,6.9000,6.8900,6.8800,6.8700,6.9200,6.9300,6.9400,6.9500,6.9600,204,1292,795,1382,346,9,460,799,1306,478
SZ,002342,2017-01-03 10:39:09,6.9100,7,58044.0000,84,S,6.9000,6.8900,6.8800,6.8700,6.8600,6.9100,6.9200,6.9300,6.9400,6.9500,1292,795,1382,346,847,176,59,460,779,1406
SZ,002342,2017-01-03 10:39:12,6.9100,1,25568.0000,37,B,6.9000,6.8900,6.8800,6.8700,6.8600,6.9100,6.9200,6.9300,6.9400,6.9500,1292,795,1382,346,847,339,59,460,779,1396
SZ,002342,2017-01-03 10:39:15,6.9100,1,34548.0000,50,B,6.9000,6.8900,6.8800,6.8700,6.8600,6.9100,6.9200,6.9300,6.9400,6.9500,1292,795,1382,346,847,289,59,905,776,1396
SZ,002342,2017-01-03 10:39:21,6.9100,3,90522.0000,131,B,6.9000,6.8900,6.8800,6.8700,6.8600,6.9100,6.9200,6.9300,6.9400,6.9500,1292,795,1382,346,847,202,59,905,776,1396
SZ,002342,2017-01-03 10:39:24,6.9100,1,13820.0000,20,B,6.9000,6.8900,6.8800,6.8700,6.8600,6.9100,6.9200,6.9300,6.9400,6.9500,1292,795,1382,346,847,182,59,955,776,1396
SZ,002342,2017-01-03 10:39:42,6.9000,1,106950.0000,155,S,6.9000,6.8900,6.8800,6.8700,6.8600,6.9100,6.9200,6.9300,6.9400,6.9500,1166,1547,1382,346,847,168,59,938,776,1416
SZ,002342,2017-01-03 10:39:45,6.9000,1,9660.0000,14,S,6.9000,6.8900,6.8800,6.8700,6.8600,6.9100,6.9200,6.9300,6.9400,6.9500,1152,1547,1382,346,847,168,59,938,776,1416
SZ,002342,2017-01-03 10:40:00,6.9000,1,2070.0000,3,S,6.9000,6.8900,6.8800,6.8700,6.8600,6.9100,6.9200,6.9300,6.9400,6.9500,1149,1548,1382,346,847,168,59,832,976,1416
SZ,002342,2017-01-03 10:40:03,6.9100,1,1382.0000,2,B,6.9000,6.8900,6.8800,6.8700,6.8600,6.9100,6.9200,6.9300,6.9400,6.9500,1159,1548,1382,346,847,166,59,832,982,1416
SZ,002342,2017-01-03 10:40:15,6.9000,1,27600.0000,40,S,6.9000,6.8900,6.8800,6.8700,6.8600,6.9100,6.9200,6.9300,6.9400,6.9500,1152,1548,1382,346,847,166,59,832,978,1416
SZ,002342,2017-01-03 10:40:18,6.9100,1,34550.0000,50,B,6.9000,6.8900,6.8800,6.8700,6.8600,6.9100,6.9200,6.9300,6.9400,6.9500,1152,1548,1377,346,847,116,59,832,978,1416
