市场代码,证券代码,时间,最新价,成交笔数,成交额,成交量,方向,买一价,买二价,买三价,买四价,买五价,卖一价,卖二价,卖三价,卖四价,卖五价,买一量,买二量,买三量,买四量,买五量,卖一量,卖二量,卖三量,卖四量,卖五量
SZ,002329,2017-01-03 09:25:03,14.2900,29,1540462.0000,1078,B,14.2500,14.1200,14.1100,14.1000,14.0800,14.2900,14.3000,14.3100,14.3200,14.3300,2,8,11,15,8,510,351,7,35,162
SZ,002329,2017-01-03 09:30:03,14.2500,41,1074695.0000,753,S,14.1900,14.1800,14.1600,14.1500,14.1300,14.2200,14.2500,14.2600,14.2700,14.2800,10,2,8,8,158,1,50,5,101,1179
SZ,002329,2017-01-03 09:30:06,14.1900,7,19923.0000,14,S,14.2100,14.1900,14.1800,14.1600,14.1500,14.2200,14.2500,14.2600,14.2700,14.2800,20,6,2,108,8,22,42,5,101,1258
SZ,002329,2017-01-03 09:30:12,14.2200,1,14220.0000,10,B,14.2100,14.1900,14.1800,14.1600,14.1500,14.2200,14.2500,14.2600,14.2700,14.2800,20,6,2,108,8,12,42,5,101,1268
SZ,002329,2017-01-03 09:30:24,14.2200,4,19906.0000,14,B,14.2100,14.1900,14.1800,14.1600,14.1500,14.2500,14.2600,14.2700,14.2800,14.2900,18,6,2,108,8,42,5,19,1195,153
SZ,002329,2017-01-03 09:30:33,14.2200,2,12822.0000,9,S,14.2200,14.2100,14.1900,14.1800,14.1600,14.2500,14.2600,14.2700,14.2800,14.2900,45,18,6,2,108,38,90,167,1148,153
SZ,002329,2017-01-03 09:30:39,14.2500,5,29925.0000,21,B,14.2200,14.2100,14.1900,14.1800,14.1600,14.2500,14.2600,14.2700,14.2800,14.2900,45,18,6,12,108,23,90,167,1148,153
SZ,002329,2017-01-03 09:30:42,14.2500,9,61275.0000,43,B,14.2200,14.2100,14.1900,14.1800,14.1600,14.2600,14.2700,14.2800,14.2900,14.3000,45,18,6,12,108,90,167,1148,153,154
SZ,002329,2017-01-03 09:30:45,14.2200,2,4266.0000,3,S,14.2200,14.2100,14.1900,14.1800,14.1600,14.2600,14.2700,14.2800,14.2900,14.3000,45,18,6,12,108,140,167,1129,153,146
SZ,002329,2017-01-03 09:30:48,14.2500,1,76950.0000,54,B,14.2200,14.2100,14.1900,14.1800,14.1600,14.2500,14.2600,14.2700,14.2800,14.2900,45,18,6,12,108,11,145,167,1114,149
SZ,002329,2017-01-03 09:30:51,14.2500,1,12825.0000,9,B,14.2200,14.1900,14.1800,14.1600,14.1500,14.2500,14.2600,14.2700,14.2800,14.2900,55,6,12,108,8,7,161,167,1114,117
SZ,002329,2017-01-03 09:30:54,14.2600,7,119759.0000,84,B,14.2200,14.1900,14.1800,14.1600,14.1500,14.2600,14.2700,14.2800,14.2900,14.3000,64,6,12,108,8,122,167,1040,117,141
SZ,002329,2017-01-03 09:30:57,14.2200,2,9954.0000,7,S,14.2200,14.1900,14.1800,14.1700,14.1600,14.2500,14.2600,14.2700,14.2800,14.2900,57,6,12,10,142,5,122,167,538,117
SZ,002329,2017-01-03 09:31:03,14.2300,1,4269.0000,3,B,14.2300,14.2200,14.1900,14.1800,14.1700,14.2500,14.2600,14.2700,14.2800,14.2900,12,57,6,12,10,121,122,167,528,117
SZ,002329,2017-01-03 09:31:06,14.2500,1,2850.0000,2,B,14.2300,14.2200,14.1900,14.1800,14.1700,14.2500,14.2600,14.2700,14.2800,14.2900,12,57,6,12,10,124,122,157,528,117
SZ,002329,2017-01-03 09:31:09,14.2300,2,35575.0000,25,S,14.2300,14.2200,14.1900,14.1800,14.1700,14.2500,14.2600,14.2700,14.2800,14.2900,23,57,6,12,10,175,122,157,528,117
SZ,002329,2017-01-03 09:31:15,14.2300,5,62664.0000,44,S,14.2300,14.2200,14.1900,14.1800,14.1700,14.2500,14.2600,14.2700,14.2800,14.2900,75,58,6,12,10,151,122,3,518,117
SZ,002329,2017-01-03 09:31:18,14.2500,6,215175.0000,151,B,14.2500,14.2300,14.2200,14.1900,14.1800,14.2600,14.2700,14.2800,14.2900,14.3000,378,89,58,6,12,91,3,514,117,141
SZ,002329,2017-01-03 09:31:21,14.2500,1,29925.0000,21,S,14.2500,14.2300,14.2200,14.1900,14.1800,14.2600,14.2700,14.2800,14.2900,14.3000,357,89,58,6,12,91,3,514,117,141
SZ,002329,2017-01-03 09:31:27,14.2500,7,149713.0000,105,S,14.2500,14.2300,14.2200,14.1900,14.1800,14.2600,14.2700,14.2800,14.2900,14.3000,344,89,58,6,12,3,8,514,117,141
SZ,002329,2017-01-03 09:31:30,14.2600,1,4278.0000,3,B,14.2600,14.2500,14.2300,14.2200,14.1900,14.2700,14.2800,14.2900,14.3000,14.3100,20,344,89,58,6,23,514,117,141,15
SZ,002329,2017-01-03 09:31:33,14.2600,3,29946.0000,21,S,14.2600,14.2500,14.2300,14.2200,14.1900,14.2700,14.2800,14.2900,14.3000,14.3100,16,669,89,58,6,93,514,112,141,15
SZ,002329,2017-01-03 09:31:36,14.2600,1,4278.0000,3,S,14.2600,14.2500,14.2300,14.2200,14.1900,14.2700,14.2800,14.2900,14.3000,14.3100,48,669,83,58,6,99,486,112,141,15
SZ,002329,2017-01-03 09:31:39,14.2600,5,39928.0000,28,S,14.2600,14.2500,14.2300,14.2200,14.1900,14.2700,14.2800,14.2900,14.3000,14.3100,59,669,83,58,6,99,486,112,141,15
SZ,002329,2017-01-03 09:31:42,14.2700,2,28522.0000,20,B,14.2600,14.2500,14.2300,14.2200,14.1900,14.2700,14.2800,14.2900,14.3000,14.3100,46,673,83,58,6,97,427,112,141,15
SZ,002329,2017-01-03 09:31:45,14.2600,2,7130.0000,5,S,14.2600,14.2500,14.2300,14.2200,14.2000,14.2700,14.2800,14.2900,14.3000,14.3100,41,673,83,57,16,97,427,111,141,15
SZ,002329,2017-01-03 09:31:48,14.2700,3,14270.0000,10,B,14.2600,14.2500,14.2300,14.2200,14.2000,14.2700,14.2800,14.2900,14.3000,14.3100,46,669,83,57,16,93,427,111,141,15
SZ,002329,2017-01-03 09:31:51,14.2600,5,19976.0000,14,S,14.2600,14.2500,14.2300,14.2200,14.2000,14.2700,14.2800,14.2900,14.3000,14.3100,44,669,83,57,16,181,424,111,141,15
SZ,002329,2017-01-03 09:31:54,14.2600,4,84134.0000,59,S,14.2600,14.2500,14.2300,14.2200,14.2000,14.2700,14.2800,14.2900,14.3000,14.3100,63,669,83,57,16,182,424,111,141,15
SZ,002329,2017-01-03 09:31:57,14.2700,6,75592.0000,53,B,14.2600,14.2500,14.2300,14.2200,14.2000,14.2700,14.2800,14.2900,14.3000,14.3100,24,669,83,57,16,172,424,111,141,15
SZ,002329,2017-01-03 09:32:00,14.2600,2,48484.0000,34,S,14.2500,14.2300,14.2200,14.2000,14.1900,14.2600,14.2700,14.2800,14.2900,14.3000,669,83,57,16,6,66,183,414,111,141
SZ,002329,2017-01-03 09:32:03,14.2600,3,47058.0000,33,B,14.2500,14.2300,14.2200,14.2000,14.1900,14.2600,14.2700,14.2800,14.2900,14.3000,669,83,57,16,6,63,196,412,111,141
SZ,002329,2017-01-03 09:32:06,14.2500,1,1425.0000,1,S,14.2500,14.2300,14.2200,14.2000,14.1900,14.2600,14.2700,14.2800,14.2900,14.3000,668,83,57,16,6,63,196,412,111,141
SZ,002329,2017-01-03 09:32:09,14.2600,1,1426.0000,1,B,14.2500,14.2300,14.2200,14.2000,14.1900,14.2600,14.2700,14.2800,14.2900,14.3000,668,83,57,16,6,62,196,412,111,141
SZ,002329,2017-01-03 09:32:12,14.2500,1,14250.0000,10,S,14.2500,14.2300,14.2200,14.2000,14.1900,14.2600,14.2700,14.2800,14.2900,14.3000,658,83,57,16,6,79,196,382,111,141
SZ,002329,2017-01-03 09:32:15,14.2600,4,54178.0000,38,B,14.2500,14.2300,14.2200,14.2000,14.1900,14.2600,14.2700,14.2800,14.2900,14.3000,648,83,57,16,6,51,196,380,111,143
SZ,002329,2017-01-03 09:32:18,14.2600,4,71260.0000,50,B,14.2500,14.2300,14.2200,14.2000,14.1900,14.2600,14.2700,14.2800,14.2900,14.3000,608,83,57,16,6,101,196,387,111,114
SZ,002329,2017-01-03 09:32:21,14.2500,2,18525.0000,13,S,14.2500,14.2400,14.2300,14.2200,14.2000,14.2600,14.2700,14.2800,14.2900,14.3000,595,2,69,57,16,101,196,387,111,114
SZ,002329,2017-01-03 09:32:24,14.2500,2,48450.0000,34,S,14.2500,14.2400,14.2300,14.2200,14.2000,14.2600,14.2700,14.2800,14.2900,14.3000,561,2,69,48,16,106,184,387,111,114
SZ,002329,2017-01-03 09:32:27,14.2500,2,2850.0000,2,S,14.2500,14.2400,14.2300,14.2200,14.2000,14.2600,14.2700,14.2800,14.2900,14.3000,346,2,64,48,16,135,184,387,111,114
SZ,002329,2017-01-03 09:32:30,14.2500,6,69829.0000,49,S,14.2500,14.2400,14.2300,14.2200,14.2000,14.2600,14.2700,14.2800,14.2900,14.3000,336,2,64,38,16,142,68,387,111,114
SZ,002329,2017-01-03 09:32:33,14.2500,9,448875.0000,315,S,14.2500,14.2400,14.2300,14.2200,14.2000,14.2600,14.2700,14.2800,14.2900,14.3000,21,2,64,38,16,231,68,387,111,114
SZ,002329,2017-01-03 09:32:36,14.2500,4,31350.0000,22,S,14.2400,14.2300,14.2200,14.2000,14.1900,14.2500,14.2600,14.2700,14.2800,14.2900,2,64,38,16,6,15,231,68,387,51
SZ,002329,2017-01-03 09:32:39,14.2500,5,22796.0000,16,B,14.2300,14.2200,14.2000,14.1900,14.1800,14.2500,14.2600,14.2700,14.2800,14.2900,64,47,16,106,42,79,231,68,387,51
SZ,002329,2017-01-03 09:32:42,14.2400,1,7120.0000,5,S,14.2400,14.2300,14.2200,14.2000,14.1900,14.2500,14.2600,14.2700,14.2800,14.2900,4,64,47,16,106,189,211,65,387,51
SZ,002329,2017-01-03 09:32:48,14.2500,1,2850.0000,2,B,14.2400,14.2300,14.2200,14.2000,14.1900,14.2500,14.2600,14.2700,14.2800,14.2900,4,64,47,16,157,283,201,26,387,51
SZ,002329,2017-01-03 09:32:51,14.2300,5,83979.0000,59,S,14.2300,14.2200,14.2000,14.1900,14.1800,14.2500,14.2600,14.2700,14.2800,14.2900,18,47,18,157,42,274,201,26,389,51
SZ,002329,2017-01-03 09:32:57,14.2400,1,1424.0000,1,B,14.2300,14.2200,14.2000,14.1900,14.1800,14.2400,14.2500,14.2600,14.2700,14.2800,18,47,18,157,42,19,349,166,26,384
SZ,002329,2017-01-03 09:33:03,14.2400,2,21355.0000,15,B,14.2300,14.2200,14.2000,14.1900,14.1800,14.2400,14.2500,14.2600,14.2700,14.2800,16,47,20,157,42,38,349,166,25,384
SZ,002329,2017-01-03 09:33:06,14.2300,3,27037.0000,19,S,14.2200,14.2000,14.1900,14.1800,14.1700,14.2300,14.2400,14.2500,14.2600,14.2700,47,20,157,42,10,31,44,349,149,35
SZ,002329,2017-01-03 09:33:12,14.2300,2,15653.0000,11,B,14.2200,14.2000,14.1900,14.1800,14.1700,14.2300,14.2400,14.2500,14.2600,14.2700,47,21,157,42,10,20,44,339,144,35
SZ,002329,2017-01-03 09:33:15,14.2300,2,29883.0000,21,B,14.2300,14.2200,14.2000,14.1900,14.1800,14.2400,14.2500,14.2600,14.2700,14.2800,79,47,21,157,40,44,339,144,34,384
SZ,002329,2017-01-03 09:33:18,14.2300,1,42690.0000,30,S,14.2300,14.2200,14.2000,14.1900,14.1800,14.2400,14.2500,14.2600,14.2700,14.2800,149,47,21,157,40,44,339,144,34,384
SZ,002329,2017-01-03 09:33:21,14.2300,1,7115.0000,5,S,14.2300,14.2200,14.2000,14.1900,14.1800,14.2400,14.2500,14.2600,14.2700,14.2800,145,47,21,157,40,44,339,144,34,384
SZ,002329,2017-01-03 09:33:30,14.2300,1,1423.0000,1,S,14.2300,14.2200,14.2000,14.1900,14.1800,14.2400,14.2500,14.2600,14.2700,14.2800,177,47,31,157,40,49,323,144,34,384
SZ,002329,2017-01-03 09:33:39,14.2300,2,71150.0000,50,S,14.2300,14.2200,14.2000,14.1900,14.1800,14.2400,14.2500,14.2600,14.2700,14.2800,145,51,31,157,40,59,353,134,34,384
SZ,002329,2017-01-03 09:33:45,14.2300,10,184990.0000,130,S,14.2300,14.2200,14.2000,14.1900,14.1800,14.2400,14.2500,14.2600,14.2700,14.2800,15,51,31,157,40,59,348,134,34,384
SZ,002329,2017-01-03 09:33:48,14.2400,2,48416.0000,34,B,14.2300,14.2200,14.2000,14.1900,14.1800,14.2400,14.2500,14.2600,14.2700,14.2800,15,51,29,157,40,25,348,134,24,384
SZ,002329,2017-01-03 09:33:51,14.2400,4,35600.0000,25,B,14.2400,14.2300,14.2200,14.2000,14.1900,14.2500,14.2600,14.2700,14.2800,14.2900,10,20,47,29,157,348,134,24,383,71
SZ,002329,2017-01-03 09:34:00,14.2400,2,28480.0000,20,S,14.2400,14.2300,14.2200,14.2000,14.1900,14.2500,14.2600,14.2700,14.2800,14.2900,95,20,47,31,157,348,134,24,383,71
SZ,002329,2017-01-03 09:34:03,14.2400,1,42720.0000,30,S,14.2400,14.2300,14.2200,14.2000,14.1900,14.2500,14.2600,14.2700,14.2800,14.2900,84,20,47,31,157,348,134,24,383,71
SZ,002329,2017-01-03 09:34:06,14.2400,2,46992.0000,33,S,14.2400,14.2300,14.2200,14.2000,14.1900,14.2500,14.2600,14.2700,14.2800,14.2900,51,20,47,29,157,398,134,24,383,71
SZ,002329,2017-01-03 09:34:12,14.2400,4,72624.0000,51,S,14.2300,14.2200,14.2000,14.1900,14.1800,14.2400,14.2500,14.2600,14.2700,14.2800,20,99,29,157,40,49,340,149,24,383
SZ,002329,2017-01-03 09:34:15,14.2400,1,14240.0000,10,B,14.2300,14.2200,14.2000,14.1900,14.1800,14.2400,14.2500,14.2600,14.2700,14.2800,20,99,29,157,40,40,355,149,24,363
SZ,002329,2017-01-03 09:34:21,14.2400,1,5696.0000,4,B,14.2300,14.2200,14.2000,14.1900,14.1800,14.2400,14.2500,14.2600,14.2700,14.2800,20,99,32,157,42,36,355,149,24,358
SZ,002329,2017-01-03 09:34:27,14.2400,1,5696.0000,4,B,14.2300,14.2200,14.2000,14.1900,14.1800,14.2400,14.2500,14.2600,14.2700,14.2800,66,49,32,157,42,77,355,149,24,358
SZ,002329,2017-01-03 09:34:30,14.2400,1,9968.0000,7,B,14.2300,14.2200,14.2000,14.1900,14.1800,14.2400,14.2500,14.2600,14.2700,14.2800,66,49,36,157,42,70,352,149,24,358
SZ,002329,2017-01-03 09:34:39,14.2300,2,29895.0000,21,S,14.2300,14.2200,14.2000,14.1900,14.1800,14.2400,14.2500,14.2600,14.2700,14.2800,112,49,36,157,42,58,352,149,24,358
SZ,002329,2017-01-03 09:34:45,14.2300,4,31306.0000,22,S,14.2300,14.2200,14.2000,14.1900,14.1800,14.2400,14.2500,14.2600,14.2700,14.2800,90,49,36,157,42,58,342,149,24,358
SZ,002329,2017-01-03 09:34:48,14.2400,3,42720.0000,30,B,14.2300,14.2200,14.2000,14.1900,14.1800,14.2400,14.2500,14.2600,14.2700,14.2800,95,49,36,157,42,58,342,129,24,358
SZ,002329,2017-01-03 09:34:57,14.2400,2,18502.0000,13,B,14.2300,14.2200,14.2000,14.1900,14.1800,14.2400,14.2500,14.2600,14.2700,14.2800,85,49,20,157,42,76,342,129,24,358
SZ,002329,2017-01-03 09:35:00,14.2300,1,4269.0000,3,S,14.2300,14.2200,14.2000,14.1900,14.1800,14.2400,14.2500,14.2600,14.2700,14.2800,82,50,20,157,42,111,342,129,24,348
SZ,002329,2017-01-03 09:35:06,14.2300,3,51243.0000,36,S,14.2300,14.2200,14.2000,14.1900,14.1800,14.2400,14.2500,14.2600,14.2700,14.2800,161,50,20,157,42,108,342,129,24,348
SZ,002329,2017-01-03 09:35:12,14.2300,2,4269.0000,3,S,14.2300,14.2200,14.2000,14.1900,14.1800,14.2400,14.2500,14.2600,14.2700,14.2800,158,50,20,157,42,188,266,129,24,348
SZ,002329,2017-01-03 09:35:18,14.2300,3,21345.0000,15,S,14.2300,14.2200,14.2000,14.1900,14.1800,14.2400,14.2500,14.2600,14.2700,14.2800,143,50,40,157,42,188,266,129,24,348
SZ,002329,2017-01-03 09:35:21,14.2300,2,14239.0000,10,S,14.2300,14.2200,14.2000,14.1900,14.1800,14.2400,14.2500,14.2600,14.2700,14.2800,142,50,40,157,42,259,266,129,24,348
SZ,002329,2017-01-03 09:35:24,14.2400,2,4272.0000,3,B,14.2300,14.2200,14.2000,14.1900,14.1800,14.2400,14.2500,14.2600,14.2700,14.2800,142,50,40,157,42,256,266,129,24,348
SZ,002329,2017-01-03 09:35:36,14.2300,1,5692.0000,4,S,14.2300,14.2200,14.2000,14.1900,14.1800,14.2400,14.2500,14.2600,14.2700,14.2800,153,50,40,157,42,256,266,129,24,349
SZ,002329,2017-01-03 09:35:39,14.2300,8,212057.0000,149,S,14.2300,14.2200,14.2000,14.1900,14.1800,14.2400,14.2500,14.2600,14.2700,14.2800,34,50,40,157,42,226,266,129,24,349
SZ,002329,2017-01-03 09:35:42,14.2300,5,69727.0000,49,S,14.2200,14.2000,14.1900,14.1800,14.1700,14.2300,14.2400,14.2500,14.2600,14.2700,50,40,157,42,10,74,226,266,129,24
SZ,002329,2017-01-03 09:35:45,14.2300,1,14230.0000,10,B,14.2200,14.2000,14.1900,14.1800,14.1700,14.2300,14.2400,14.2500,14.2600,14.2700,50,40,157,42,10,64,228,266,129,24
SZ,002329,2017-01-03 09:35:51,14.2200,1,11376.0000,8,S,14.2200,14.2000,14.1900,14.1800,14.1700,14.2300,14.2400,14.2500,14.2600,14.2700,42,40,157,42,10,73,228,256,129,24
SZ,002329,2017-01-03 09:35:54,14.2200,3,28440.0000,20,S,14.2200,14.2000,14.1900,14.1800,14.1700,14.2300,14.2400,14.2500,14.2600,14.2700,22,40,157,47,10,92,228,273,129,24
SZ,002329,2017-01-03 09:36:00,14.2200,4,31284.0000,22,S,14.2000,14.1900,14.1800,14.1700,14.1600,14.2200,14.2300,14.2400,14.2500,14.2600,40,157,47,10,42,2,92,228,273,129
SZ,002329,2017-01-03 09:36:06,14.2300,2,7113.0000,5,B,14.2000,14.1900,14.1800,14.1700,14.1600,14.2300,14.2400,14.2500,14.2600,14.2700,65,157,47,10,42,98,228,273,129,24
SZ,002329,2017-01-03 09:36:09,14.2000,6,56800.0000,40,S,14.2200,14.2000,14.1900,14.1800,14.1700,14.2300,14.2400,14.2500,14.2600,14.2700,1,10,157,47,10,98,228,273,129,24
SZ,002329,2017-01-03 09:36:12,14.2200,1,1422.0000,1,S,14.2000,14.1900,14.1800,14.1700,14.1600,14.2200,14.2300,14.2400,14.2500,14.2600,10,163,47,10,42,3,99,228,273,129
SZ,002329,2017-01-03 09:36:27,14.2300,2,32726.0000,23,B,14.2000,14.1900,14.1800,14.1700,14.1600,14.2300,14.2400,14.2500,14.2600,14.2700,62,163,47,10,42,60,154,273,129,14
SZ,002329,2017-01-03 09:36:30,14.2000,4,106518.0000,75,S,14.2000,14.1900,14.1800,14.1700,14.1600,14.2300,14.2400,14.2500,14.2600,14.2700,6,163,47,10,42,60,154,273,129,14
SZ,002329,2017-01-03 09:36:33,14.2000,2,8520.0000,6,S,14.1900,14.1800,14.1700,14.1600,14.1500,14.2000,14.2200,14.2300,14.2400,14.2500,178,47,10,42,40,11,10,51,154,273
SZ,002329,2017-01-03 09:36:36,14.2000,2,17040.0000,12,B,14.2000,14.1900,14.1800,14.1700,14.1600,14.2200,14.2300,14.2400,14.2500,14.2600,88,178,60,10,42,10,50,154,273,129
SZ,002329,2017-01-03 09:36:42,14.2000,1,4260.0000,3,S,14.2000,14.1900,14.1800,14.1700,14.1600,14.2100,14.2200,14.2300,14.2400,14.2500,88,178,60,10,42,1,29,50,154,273
SZ,002329,2017-01-03 09:36:51,14.2000,1,1420.0000,1,S,14.2000,14.1900,14.1800,14.1700,14.1600,14.2100,14.2200,14.2300,14.2400,14.2500,89,178,60,10,42,7,34,50,154,268
SZ,002329,2017-01-03 09:36:54,14.2000,3,32661.0000,23,S,14.2000,14.1900,14.1800,14.1700,14.1600,14.2100,14.2200,14.2300,14.2400,14.2500,87,178,50,10,42,6,34,50,154,268
SZ,002329,2017-01-03 09:36:57,14.2000,4,100820.0000,71,S,14.2000,14.1900,14.1800,14.1700,14.1600,14.2100,14.2200,14.2300,14.2400,14.2500,16,178,50,10,42,6,34,57,142,268
SZ,002329,2017-01-03 09:37:00,14.2100,4,24154.0000,17,B,14.2000,14.1900,14.1800,14.1700,14.1600,14.2100,14.2200,14.2300,14.2400,14.2500,13,178,50,10,42,22,34,77,142,268
SZ,002329,2017-01-03 09:37:03,14.2000,1,18460.0000,13,S,14.1900,14.1800,14.1700,14.1600,14.1500,14.2000,14.2100,14.2200,14.2300,14.2400,178,50,10,42,42,5,23,34,77,142
SZ,002329,2017-01-03 09:37:09,14.2000,1,7100.0000,5,B,14.2000,14.1900,14.1800,14.1700,14.1600,14.2100,14.2200,14.2300,14.2400,14.2500,5,178,50,10,42,23,34,77,142,268
SZ,002329,2017-01-03 09:37:15,14.1900,2,11357.0000,8,S,14.1900,14.1800,14.1700,14.1600,14.1500,14.2100,14.2200,14.2300,14.2400,14.2500,175,52,10,42,43,28,34,77,142,268
SZ,002329,2017-01-03 09:37:24,14.2000,2,36920.0000,26,S,14.1900,14.1800,14.1700,14.1600,14.1500,14.2000,14.2100,14.2200,14.2300,14.2400,175,55,10,42,43,10,29,42,77,142
SZ,002329,2017-01-03 09:37:27,14.2100,2,15621.0000,11,B,14.1900,14.1800,14.1700,14.1600,14.1500,14.2100,14.2200,14.2300,14.2400,14.2500,175,56,10,42,43,28,42,77,62,268
SZ,002329,2017-01-03 09:37:33,14.1900,1,1419.0000,1,S,14.1900,14.1800,14.1700,14.1600,14.1500,14.2000,14.2100,14.2200,14.2300,14.2400,174,56,10,42,43,1,28,42,77,62
SZ,002329,2017-01-03 09:37:36,14.2000,2,2840.0000,2,B,14.2000,14.1900,14.1800,14.1700,14.1600,14.2100,14.2200,14.2300,14.2400,14.2500,8,177,56,10,42,28,42,77,62,268
SZ,002329,2017-01-03 09:37:39,14.2000,1,4260.0000,3,S,14.2000,14.1900,14.1800,14.1700,14.1600,14.2100,14.2200,14.2300,14.2400,14.2500,15,177,56,10,42,108,42,77,62,268
SZ,002329,2017-01-03 09:37:42,14.1900,5,70965.0000,50,S,14.1900,14.1800,14.1700,14.1600,14.1500,14.2100,14.2200,14.2300,14.2400,14.2500,349,54,10,42,43,108,42,77,62,268
SZ,002329,2017-01-03 09:37:48,14.2100,2,9945.0000,7,B,14.1900,14.1800,14.1700,14.1600,14.1500,14.2000,14.2100,14.2200,14.2300,14.2400,349,54,10,42,43,8,103,42,77,62
SZ,002329,2017-01-03 09:37:51,14.2000,1,11360.0000,8,B,14.2000,14.1900,14.1800,14.1700,14.1600,14.2100,14.2200,14.2300,14.2400,14.2500,1,349,58,10,42,103,42,77,62,268
SZ,002329,2017-01-03 09:37:54,14.2100,1,1421.0000,1,B,14.2000,14.1900,14.1800,14.1700,14.1600,14.2100,14.2200,14.2300,14.2400,14.2500,1,354,58,10,42,103,42,77,62,268
SZ,002329,2017-01-03 09:37:57,14.2000,4,21299.0000,15,S,14.2000,14.1900,14.1800,14.1700,14.1600,14.2100,14.2200,14.2300,14.2400,14.2500,2,353,58,10,42,103,42,77,62,268
SZ,002329,2017-01-03 09:38:00,14.2000,2,4260.0000,3,S,14.2000,14.1900,14.1800,14.1700,14.1600,14.2100,14.2200,14.2300,14.2400,14.2500,16,353,59,10,42,103,42,77,62,268
SZ,002329,2017-01-03 09:38:09,14.2000,1,2840.0000,2,S,14.2000,14.1900,14.1800,14.1700,14.1600,14.2100,14.2200,14.2300,14.2400,14.2500,58,353,59,10,42,104,42,77,62,268
SZ,002329,2017-01-03 09:38:18,14.2000,1,1420.0000,1,S,14.2000,14.1900,14.1800,14.1700,14.1600,14.2100,14.2200,14.2300,14.2400,14.2500,68,356,55,10,42,108,42,57,62,268
SZ,002329,2017-01-03 09:38:21,14.2100,9,153468.0000,108,S,14.2000,14.1900,14.1800,14.1700,14.1600,14.2200,14.2300,14.2400,14.2500,14.2600,71,356,55,10,42,42,57,54,268,119
SZ,002329,2017-01-03 09:38:33,14.2000,9,221532.0000,156,S,14.2000,14.1900,14.1800,14.1700,14.1600,14.2200,14.2300,14.2400,14.2500,14.2600,44,371,54,20,42,46,57,54,268,119
SZ,002329,2017-01-03 09:38:42,14.2100,1,1421.0000,1,B,14.2000,14.1900,14.1800,14.1700,14.1600,14.2200,14.2300,14.2400,14.2500,14.2600,54,373,54,20,42,51,57,54,268,119
SZ,002329,2017-01-03 09:38:54,14.2000,1,11360.0000,8,S,14.2000,14.1900,14.1800,14.1700,14.1600,14.2100,14.2200,14.2300,14.2400,14.2500,144,381,64,20,42,11,51,57,54,268
SZ,002329,2017-01-03 09:38:57,14.2100,4,34108.0000,24,B,14.2100,14.2000,14.1900,14.1800,14.1700,14.2200,14.2300,14.2400,14.2500,14.2600,26,144,381,64,20,47,57,54,268,119
SZ,002329,2017-01-03 09:39:12,14.2100,3,42630.0000,30,S,14.2000,14.1900,14.1800,14.1700,14.1600,14.2100,14.2200,14.2300,14.2400,14.2500,154,408,74,20,42,3,48,57,67,268
SZ,002329,2017-01-03 09:39:27,14.2100,5,46893.0000,33,B,14.2100,14.2000,14.1900,14.1800,14.1700,14.2200,14.2300,14.2400,14.2500,14.2600,16,179,416,74,20,48,37,67,268,119
SZ,002329,2017-01-03 09:39:33,14.2100,2,12789.0000,9,S,14.2100,14.2000,14.1900,14.1800,14.1700,14.2200,14.2300,14.2400,14.2500,14.2600,7,99,416,74,20,48,37,67,268,119
SZ,002329,2017-01-03 09:39:39,14.2100,4,11368.0000,8,S,14.2000,14.1900,14.1800,14.1700,14.1600,14.2100,14.2200,14.2300,14.2400,14.2500,101,416,74,20,42,2,50,37,67,268
SZ,002329,2017-01-03 09:39:45,14.2200,5,28427.0000,20,B,14.2100,14.2000,14.1900,14.1800,14.1700,14.2200,14.2300,14.2400,14.2500,14.2600,7,91,416,64,20,43,37,67,268,119
SZ,002329,2017-01-03 09:39:48,14.2100,1,1421.0000,1,S,14.2100,14.2000,14.1900,14.1800,14.1700,14.2200,14.2300,14.2400,14.2500,14.2600,100,91,416,64,20,43,37,67,268,119
SZ,002329,2017-01-03 09:39:57,14.2200,7,58302.0000,41,B,14.2100,14.2000,14.1900,14.1800,14.1700,14.2200,14.2300,14.2400,14.2500,14.2600,103,100,416,64,20,9,57,67,251,119
SZ,002329,2017-01-03 09:40:00,14.2100,1,2842.0000,2,S,14.2100,14.2000,14.1900,14.1800,14.1700,14.2200,14.2300,14.2400,14.2500,14.2600,101,103,416,64,20,12,57,117,251,119
SZ,002329,2017-01-03 09:40:06,14.2100,3,42630.0000,30,S,14.2100,14.2000,14.1900,14.1800,14.1700,14.2200,14.2300,14.2400,14.2500,14.2600,141,103,416,64,20,12,57,117,251,119
SZ,002329,2017-01-03 09:40:09,14.2100,1,1421.0000,1,S,14.2100,14.2000,14.1900,14.1800,14.1700,14.2200,14.2300,14.2400,14.2500,14.2600,150,103,416,64,20,12,57,117,251,119
SZ,002329,2017-01-03 09:40:12,14.2100,1,1421.0000,1,S,14.2100,14.2000,14.1900,14.1800,14.1700,14.2200,14.2300,14.2400,14.2500,14.2600,169,103,389,64,20,12,57,117,251,119
SZ,002329,2017-01-03 09:40:15,14.2100,2,29841.0000,21,S,14.2100,14.2000,14.1900,14.1800,14.1700,14.2200,14.2300,14.2400,14.2500,14.2600,148,105,389,64,20,12,57,117,251,119
SZ,002329,2017-01-03 09:40:21,14.2200,4,27002.0000,19,B,14.2100,14.2000,14.1900,14.1800,14.1700,14.2200,14.2300,14.2400,14.2500,14.2600,147,105,389,64,20,14,57,117,251,119
SZ,002329,2017-01-03 09:40:24,14.2200,3,14220.0000,10,B,14.2100,14.2000,14.1900,14.1800,14.1700,14.2200,14.2300,14.2400,14.2500,14.2600,147,100,389,64,20,21,57,117,251,119
SZ,002329,2017-01-03 09:40:27,14.2200,1,4266.0000,3,B,14.2100,14.2000,14.1900,14.1800,14.1700,14.2200,14.2300,14.2400,14.2500,14.2600,153,100,389,64,20,18,57,117,244,119
SZ,002329,2017-01-03 09:40:33,14.2200,3,32690.0000,23,B,14.2100,14.2000,14.1900,14.1800,14.1700,14.2200,14.2300,14.2400,14.2500,14.2600,147,100,389,64,20,11,57,117,244,119
SZ,002329,2017-01-03 09:40:39,14.2200,1,15642.0000,11,B,14.2200,14.2100,14.2000,14.1900,14.1800,14.2300,14.2400,14.2500,14.2600,14.2700,59,147,100,394,64,57,117,244,119,13
SZ,002329,2017-01-03 09:40:42,14.2200,1,48348.0000,34,S,14.2200,14.2100,14.2000,14.1900,14.1800,14.2300,14.2400,14.2500,14.2600,14.2700,25,147,100,394,64,57,117,244,119,13
SZ,002329,2017-01-03 09:40:51,14.2300,2,9960.0000,7,B,14.2200,14.2100,14.2000,14.1900,14.1800,14.2300,14.2400,14.2500,14.2600,14.2700,29,147,100,394,64,67,117,244,119,13
SZ,002329,2017-01-03 09:40:54,14.2200,1,1422.0000,1,S,14.2200,14.2100,14.2000,14.1900,14.1800,14.2300,14.2400,14.2500,14.2600,14.2700,28,147,100,394,64,68,117,244,119,13
SZ,002329,2017-01-03 09:40:57,14.2300,3,42690.0000,30,B,14.2200,14.2100,14.2000,14.1900,14.1800,14.2300,14.2400,14.2500,14.2600,14.2700,28,147,100,394,64,38,82,244,119,13
SZ,002329,2017-01-03 09:41:18,14.2300,2,9961.0000,7,B,14.2200,14.2100,14.2000,14.1900,14.1800,14.2300,14.2400,14.2500,14.2600,14.2700,58,141,110,394,64,106,182,244,119,13
SZ,002329,2017-01-03 09:41:21,14.2200,1,4266.0000,3,S,14.2200,14.2100,14.2000,14.1900,14.1800,14.2300,14.2400,14.2500,14.2600,14.2700,55,141,90,394,64,154,182,244,119,13
SZ,002329,2017-01-03 09:41:24,14.2200,1,5688.0000,4,S,14.2200,14.2100,14.2000,14.1900,14.1800,14.2300,14.2400,14.2500,14.2600,14.2700,51,141,90,394,64,154,182,244,119,13
SZ,002329,2017-01-03 09:41:27,14.2200,2,8537.0000,6,S,14.2200,14.2100,14.2000,14.1900,14.1800,14.2300,14.2400,14.2500,14.2600,14.2700,25,141,90,394,64,150,182,244,119,13
SZ,002329,2017-01-03 09:41:33,14.2200,4,35550.0000,25,S,14.2100,14.2000,14.1900,14.1800,14.1700,14.2200,14.2300,14.2400,14.2500,14.2600,141,90,400,64,20,3,150,182,244,119
SZ,002329,2017-01-03 09:41:36,14.2300,2,12804.0000,9,B,14.2200,14.2100,14.2000,14.1900,14.1800,14.2300,14.2400,14.2500,14.2600,14.2700,2,141,90,400,64,144,182,244,119,13
SZ,002329,2017-01-03 09:41:42,14.2300,4,22768.0000,16,B,14.2200,14.2100,14.2000,14.1900,14.1800,14.2300,14.2400,14.2500,14.2600,14.2700,2,141,95,400,64,128,182,244,119,13
SZ,002329,2017-01-03 09:41:51,14.2300,4,17076.0000,12,B,14.2200,14.2100,14.2000,14.1900,14.1800,14.2300,14.2400,14.2500,14.2600,14.2700,2,141,95,400,64,116,182,244,119,13
SZ,002329,2017-01-03 09:42:09,14.2100,9,213162.0000,150,S,14.2100,14.2000,14.1900,14.1800,14.1700,14.2300,14.2400,14.2500,14.2600,14.2700,3,100,400,64,20,131,182,254,127,13
SZ,002329,2017-01-03 09:42:15,14.2200,1,1422.0000,1,B,14.2100,14.2000,14.1900,14.1800,14.1700,14.2300,14.2400,14.2500,14.2600,14.2700,3,125,400,64,20,131,182,254,127,13
SZ,002329,2017-01-03 09:42:24,14.2300,1,1423.0000,1,B,14.2200,14.2100,14.2000,14.1900,14.1800,14.2300,14.2400,14.2500,14.2600,14.2700,10,5,125,400,64,150,182,254,127,13
SZ,002329,2017-01-03 09:42:27,14.2200,1,14220.0000,10,S,14.2100,14.2000,14.1900,14.1800,14.1700,14.2200,14.2300,14.2400,14.2500,14.2600,15,125,400,64,20,2,152,182,254,127
SZ,002329,2017-01-03 09:42:33,14.1900,37,766415.0000,540,S,14.1800,14.1700,14.1600,14.1500,14.1400,14.1900,14.2200,14.2300,14.2400,14.2500,64,10,8,63,5,60,7,182,182,254
SZ,002329,2017-01-03 09:42:36,14.1900,1,14190.0000,10,B,14.1800,14.1700,14.1600,14.1500,14.1400,14.1900,14.2200,14.2300,14.2400,14.2500,64,10,8,63,5,50,9,180,182,254
SZ,002329,2017-01-03 09:42:39,14.1900,1,7095.0000,5,B,14.1800,14.1700,14.1600,14.1500,14.1400,14.1900,14.2200,14.2300,14.2400,14.2500,72,10,8,63,5,48,9,180,182,254
SZ,002329,2017-01-03 09:42:42,14.1900,2,45386.0000,32,B,14.1800,14.1700,14.1600,14.1500,14.1400,14.1900,14.2200,14.2300,14.2400,14.2500,56,10,8,63,5,38,9,180,182,254
SZ,002329,2017-01-03 09:42:45,14.1800,12,127654.0000,90,S,14.1700,14.1600,14.1500,14.1400,14.1300,14.1800,14.1900,14.2100,14.2200,14.2300,10,8,63,5,68,74,4,28,9,180
SZ,002329,2017-01-03 09:42:48,14.1800,1,4254.0000,3,B,14.1700,14.1600,14.1500,14.1400,14.1300,14.1800,14.1900,14.2100,14.2200,14.2300,10,8,63,5,68,71,4,28,19,180
SZ,002329,2017-01-03 09:42:57,14.1800,1,36868.0000,26,B,14.1700,14.1600,14.1500,14.1400,14.1300,14.1800,14.1900,14.2100,14.2200,14.2300,10,10,63,5,68,45,4,28,19,180
SZ,002329,2017-01-03 09:43:00,14.1800,1,8508.0000,6,B,14.1700,14.1600,14.1500,14.1400,14.1300,14.1800,14.1900,14.2100,14.2200,14.2300,10,10,63,5,81,39,4,28,14,180
SZ,002329,2017-01-03 09:43:03,14.1800,3,66641.0000,47,B,14.1800,14.1700,14.1600,14.1500,14.1400,14.1900,14.2000,14.2100,14.2200,14.2300,7,5,15,63,13,4,2,28,14,180
SZ,002329,2017-01-03 09:43:15,14.1900,2,4257.0000,3,B,14.1800,14.1700,14.1600,14.1500,14.1400,14.1900,14.2000,14.2100,14.2200,14.2300,48,5,15,63,13,2,2,21,14,180
SZ,002329,2017-01-03 09:43:18,14.1900,2,2838.0000,2,B,14.1900,14.1800,14.1700,14.1600,14.1500,14.2000,14.2100,14.2200,14.2300,14.2400,4,48,5,20,63,41,21,14,180,182
SZ,002329,2017-01-03 09:43:21,14.1800,3,28364.0000,20,S,14.1800,14.1700,14.1600,14.1500,14.1400,14.2000,14.2100,14.2200,14.2300,14.2400,42,5,20,63,13,41,21,14,180,182
SZ,002329,2017-01-03 09:43:24,14.1800,1,1418.0000,1,S,14.1900,14.1800,14.1700,14.1600,14.1500,14.2000,14.2100,14.2200,14.2300,14.2400,20,41,5,20,64,41,21,14,180,182
SZ,002329,2017-01-03 09:43:27,14.2000,4,12780.0000,9,B,14.1900,14.1800,14.1700,14.1600,14.1500,14.2000,14.2100,14.2200,14.2300,14.2400,20,41,5,20,64,32,21,14,178,182
SZ,002329,2017-01-03 09:43:30,14.1900,1,2838.0000,2,S,14.1900,14.1800,14.1700,14.1600,14.1500,14.2000,14.2100,14.2200,14.2300,14.2400,18,41,5,20,66,62,21,14,178,182
SZ,002329,2017-01-03 09:43:33,14.2000,3,72419.0000,51,B,14.1900,14.1800,14.1700,14.1600,14.1500,14.2000,14.2100,14.2200,14.2300,14.2400,17,41,15,20,69,12,21,14,178,182
SZ,002329,2017-01-03 09:43:36,14.1900,1,4257.0000,3,S,14.1900,14.1800,14.1700,14.1600,14.1500,14.2000,14.2100,14.2200,14.2300,14.2400,14,41,15,20,69,12,21,14,178,182
SZ,002329,2017-01-03 09:43:45,14.1900,1,2838.0000,2,S,14.1900,14.1800,14.1700,14.1600,14.1500,14.2000,14.2100,14.2200,14.2300,14.2400,14,50,15,20,69,13,21,14,178,182
SZ,002329,2017-01-03 09:43:48,14.2000,1,8520.0000,6,B,14.1900,14.1800,14.1700,14.1600,14.1500,14.2000,14.2100,14.2200,14.2300,14.2400,24,60,20,50,69,7,21,14,178,182
SZ,002329,2017-01-03 09:43:51,14.2000,4,22720.0000,16,B,14.2000,14.1900,14.1800,14.1700,14.1600,14.2100,14.2200,14.2300,14.2400,14.2500,4,24,60,20,50,21,14,178,182,204
SZ,002329,2017-01-03 09:43:54,14.1900,2,7099.0000,5,S,14.1900,14.1800,14.1700,14.1600,14.1500,14.2100,14.2200,14.2300,14.2400,14.2500,28,60,20,50,69,21,14,158,182,204
SZ,002329,2017-01-03 09:44:00,14.2000,1,19880.0000,14,S,14.1900,14.1800,14.1700,14.1600,14.1500,14.2000,14.2100,14.2200,14.2300,14.2400,28,80,15,50,69,26,21,14,158,182
SZ,002329,2017-01-03 09:44:03,14.1900,4,35481.0000,25,S,14.1900,14.1800,14.1700,14.1600,14.1500,14.2000,14.2100,14.2200,14.2300,14.2400,14,80,15,50,69,20,21,14,158,182
SZ,002329,2017-01-03 09:44:06,14.2000,2,29820.0000,21,B,14.2000,14.1900,14.1800,14.1700,14.1600,14.2100,14.2200,14.2300,14.2400,14.2500,29,14,80,15,50,21,14,158,182,204
SZ,002329,2017-01-03 09:44:12,14.2000,1,9940.0000,7,S,14.2000,14.1900,14.1800,14.1700,14.1600,14.2100,14.2200,14.2300,14.2400,14.2500,66,14,86,15,50,21,14,158,172,204
SZ,002329,2017-01-03 09:44:18,14.2100,6,36941.0000,26,B,14.2000,14.1900,14.1800,14.1700,14.1600,14.2200,14.2300,14.2400,14.2500,14.2600,97,14,86,15,50,14,158,172,204,147
SZ,002329,2017-01-03 09:44:21,14.2000,2,17040.0000,12,S,14.2000,14.1900,14.1800,14.1700,14.1600,14.2100,14.2200,14.2300,14.2400,14.2500,94,9,86,15,50,1,14,158,172,199
SZ,002329,2017-01-03 09:44:27,14.2000,6,71000.0000,50,S,14.2000,14.1900,14.1800,14.1700,14.1600,14.2100,14.2200,14.2300,14.2400,14.2500,44,9,86,15,50,1,14,158,172,199
SZ,002329,2017-01-03 09:44:30,14.2100,3,9941.0000,7,B,14.2000,14.1900,14.1800,14.1700,14.1600,14.2200,14.2300,14.2400,14.2500,14.2600,38,29,86,15,50,35,158,172,209,147
SZ,002329,2017-01-03 09:44:36,14.2000,2,28400.0000,20,S,14.2000,14.1900,14.1800,14.1700,14.1600,14.2200,14.2300,14.2400,14.2500,14.2600,18,38,87,15,50,42,158,172,209,137
SZ,002329,2017-01-03 09:44:42,14.2000,3,25560.0000,18,S,14.1900,14.1800,14.1700,14.1600,14.1500,14.2000,14.2100,14.2200,14.2300,14.2400,38,87,15,50,71,37,10,43,158,172
SZ,002329,2017-01-03 09:44:48,14.1900,1,1419.0000,1,S,14.1900,14.1800,14.1700,14.1600,14.1500,14.2000,14.2100,14.2200,14.2300,14.2400,37,96,15,50,71,48,10,43,160,172
SZ,002329,2017-01-03 09:44:51,14.2000,1,1420.0000,1,B,14.1900,14.1800,14.1700,14.1600,14.1500,14.2000,14.2100,14.2200,14.2300,14.2400,37,153,15,50,71,27,10,43,160,172
SZ,002329,2017-01-03 09:44:54,14.2000,5,58188.0000,41,B,14.1900,14.1800,14.1700,14.1600,14.1500,14.2000,14.2100,14.2200,14.2300,14.2400,5,153,15,50,71,18,10,43,160,172
SZ,002329,2017-01-03 09:45:03,14.2000,5,26980.0000,19,B,14.2000,14.1900,14.1800,14.1700,14.1600,14.2100,14.2200,14.2300,14.2400,14.2500,6,52,153,15,50,14,43,160,172,209
SZ,002329,2017-01-03 09:45:09,14.2000,1,4260.0000,3,S,14.2000,14.1900,14.1800,14.1700,14.1600,14.2100,14.2200,14.2300,14.2400,14.2500,27,54,153,15,50,15,43,160,172,209
SZ,002329,2017-01-03 09:45:18,14.2000,4,15620.0000,11,S,14.2000,14.1900,14.1800,14.1700,14.1600,14.2100,14.2200,14.2300,14.2400,14.2500,63,54,153,32,50,15,43,160,172,209
SZ,002329,2017-01-03 09:45:21,14.2100,4,49735.0000,35,B,14.2000,14.1900,14.1800,14.1700,14.1600,14.2100,14.2200,14.2300,14.2400,14.2500,63,54,153,32,50,2,43,156,172,209
SZ,002329,2017-01-03 09:45:30,14.2000,4,72420.0000,51,S,14.2000,14.1900,14.1800,14.1700,14.1600,14.2100,14.2200,14.2300,14.2400,14.2500,12,56,174,32,70,3,53,156,172,209
SZ,002329,2017-01-03 09:45:36,14.2000,3,103660.0000,73,S,14.2000,14.1900,14.1800,14.1700,14.1600,14.2100,14.2200,14.2300,14.2400,14.2500,59,56,181,32,71,3,53,156,172,209
SZ,002329,2017-01-03 09:45:42,14.2100,5,39788.0000,28,B,14.2000,14.1900,14.1800,14.1700,14.1600,14.2200,14.2300,14.2400,14.2500,14.2600,59,66,181,32,71,53,156,172,209,63
SZ,002329,2017-01-03 09:45:45,14.2000,1,42600.0000,30,S,14.2100,14.2000,14.1900,14.1800,14.1700,14.2200,14.2300,14.2400,14.2500,14.2600,2,29,66,181,32,53,156,172,209,63
SZ,002329,2017-01-03 09:45:51,14.2000,3,15626.0000,11,S,14.2000,14.1900,14.1800,14.1700,14.1600,14.2200,14.2300,14.2400,14.2500,14.2600,24,66,181,32,71,53,156,172,209,63
SZ,002329,2017-01-03 09:45:57,14.2100,1,14210.0000,10,S,14.2100,14.2000,14.1900,14.1800,14.1700,14.2200,14.2300,14.2400,14.2500,14.2600,40,124,116,181,32,53,156,172,209,63
SZ,002329,2017-01-03 09:46:00,14.2100,1,35525.0000,25,S,14.2100,14.2000,14.1900,14.1800,14.1700,14.2200,14.2300,14.2400,14.2500,14.2600,20,150,116,181,32,53,156,172,209,63
SZ,002329,2017-01-03 09:46:06,14.2100,1,7105.0000,5,S,14.2100,14.2000,14.1900,14.1800,14.1700,14.2200,14.2300,14.2400,14.2500,14.2600,15,187,116,181,32,54,156,172,209,63
SZ,002329,2017-01-03 09:46:09,14.2100,2,21315.0000,15,S,14.2000,14.1900,14.1800,14.1700,14.1600,14.2100,14.2200,14.2300,14.2400,14.2500,192,116,181,32,81,229,54,156,172,209
SZ,002329,2017-01-03 09:46:12,14.2100,1,71050.0000,50,B,14.2000,14.1900,14.1800,14.1700,14.1600,14.2100,14.2200,14.2300,14.2400,14.2500,192,109,181,32,81,179,54,156,172,209
SZ,002329,2017-01-03 09:46:15,14.2000,4,46891.0000,33,S,14.2000,14.1900,14.1800,14.1700,14.1600,14.2100,14.2200,14.2300,14.2400,14.2500,358,109,181,32,81,150,54,156,172,209
SZ,002329,2017-01-03 09:46:18,14.2100,1,14210.0000,10,B,14.2000,14.1900,14.1800,14.1700,14.1600,14.2100,14.2200,14.2300,14.2400,14.2500,358,109,181,32,81,140,54,156,172,209
SZ,002329,2017-01-03 09:46:21,14.2100,1,2842.0000,2,B,14.2000,14.1900,14.1800,14.1700,14.1600,14.2100,14.2200,14.2300,14.2400,14.2500,359,109,181,32,81,140,54,156,172,209
SZ,002329,2017-01-03 09:46:24,14.2000,3,85210.0000,60,S,14.2000,14.1900,14.1800,14.1700,14.1600,14.2100,14.2200,14.2300,14.2400,14.2500,309,109,188,32,81,130,54,156,172,209
SZ,002329,2017-01-03 09:46:27,14.2100,3,78155.0000,55,B,14.2000,14.1900,14.1800,14.1700,14.1600,14.2100,14.2200,14.2300,14.2400,14.2500,329,109,188,32,81,86,54,156,172,209
SZ,002329,2017-01-03 09:46:30,14.2100,5,122206.0000,86,B,14.2100,14.2000,14.1900,14.1800,14.1700,14.2200,14.2300,14.2400,14.2500,14.2600,14,341,109,188,32,54,156,172,209,63
SZ,002329,2017-01-03 09:46:42,14.2100,1,12789.0000,9,S,14.2100,14.2000,14.1900,14.1800,14.1700,14.2200,14.2300,14.2400,14.2500,14.2600,18,342,109,198,32,33,156,172,205,63
SZ,002329,2017-01-03 09:46:45,14.2100,4,25578.0000,18,S,14.2000,14.1900,14.1800,14.1700,14.1600,14.2100,14.2200,14.2300,14.2400,14.2500,342,109,198,32,81,2,34,156,172,205
SZ,002329,2017-01-03 09:46:48,14.2100,3,38367.0000,27,B,14.2000,14.1900,14.1800,14.1700,14.1600,14.2100,14.2200,14.2300,14.2400,14.2500,342,109,198,32,81,175,34,156,172,205
SZ,002329,2017-01-03 09:46:54,14.2100,1,4263.0000,3,B,14.2000,14.1900,14.1800,14.1700,14.1600,14.2100,14.2200,14.2300,14.2400,14.2500,341,109,141,32,81,172,45,156,172,205
SZ,002329,2017-01-03 09:46:57,14.2100,1,4263.0000,3,B,14.2000,14.1900,14.1800,14.1700,14.1600,14.2100,14.2200,14.2300,14.2400,14.2500,341,109,141,32,81,169,45,156,172,206
SZ,002329,2017-01-03 09:47:00,14.2000,1,1420.0000,1,S,14.2000,14.1900,14.1800,14.1700,14.1600,14.2100,14.2200,14.2300,14.2400,14.2500,320,124,141,32,81,169,45,156,172,206
SZ,002329,2017-01-03 09:47:12,14.2100,1,14210.0000,10,B,14.2000,14.1900,14.1800,14.1700,14.1600,14.2100,14.2200,14.2300,14.2400,14.2500,334,124,141,32,81,164,45,156,172,206
SZ,002329,2017-01-03 09:47:21,14.2000,3,22720.0000,16,S,14.2000,14.1900,14.1800,14.1700,14.1600,14.2100,14.2200,14.2300,14.2400,14.2500,318,124,143,32,81,165,45,156,172,206
SZ,002329,2017-01-03 09:47:24,14.2100,4,53974.0000,38,B,14.2000,14.1900,14.1800,14.1700,14.1600,14.2100,14.2200,14.2300,14.2400,14.2500,294,124,143,32,81,151,45,156,172,206
SZ,002329,2017-01-03 09:47:27,14.2000,1,1420.0000,1,S,14.2000,14.1900,14.1800,14.1700,14.1600,14.2100,14.2200,14.2300,14.2400,14.2500,279,124,143,32,81,151,45,156,172,206
SZ,002329,2017-01-03 09:47:30,14.2000,3,20107.0000,14,S,14.2000,14.1900,14.1800,14.1700,14.1600,14.2100,14.2200,14.2300,14.2400,14.2500,278,124,143,32,81,161,45,156,172,206
SZ,002329,2017-01-03 09:47:33,14.2100,1,14210.0000,10,B,14.2000,14.1900,14.1800,14.1700,14.1600,14.2100,14.2200,14.2300,14.2400,14.2500,281,124,143,32,81,151,45,156,172,206
SZ,002329,2017-01-03 09:47:39,14.2100,1,7105.0000,5,B,14.2000,14.1900,14.1800,14.1700,14.1600,14.2100,14.2200,14.2300,14.2400,14.2500,322,124,143,32,81,146,45,156,172,206
SZ,002329,2017-01-03 09:47:42,14.2100,2,24157.0000,17,B,14.2000,14.1900,14.1800,14.1700,14.1600,14.2100,14.2200,14.2300,14.2400,14.2500,322,124,143,32,81,140,45,146,172,206
SZ,002329,2017-01-03 09:47:45,14.2100,1,59682.0000,42,B,14.2000,14.1900,14.1800,14.1700,14.1600,14.2100,14.2200,14.2300,14.2400,14.2500,322,124,143,32,81,157,45,146,172,206
SZ,002329,2017-01-03 09:47:48,14.2100,2,29841.0000,21,B,14.2000,14.1900,14.1800,14.1700,14.1600,14.2100,14.2200,14.2300,14.2400,14.2500,322,124,143,32,81,137,45,146,172,206
SZ,002329,2017-01-03 09:47:57,14.2000,2,8520.0000,6,S,14.2000,14.1900,14.1800,14.1700,14.1600,14.2100,14.2200,14.2300,14.2400,14.2500,346,134,143,32,81,178,45,146,172,242
SZ,002329,2017-01-03 09:48:03,14.2000,2,22720.0000,16,S,14.2000,14.1900,14.1800,14.1700,14.1600,14.2100,14.2200,14.2300,14.2400,14.2500,330,134,143,32,81,178,45,146,172,242
SZ,002329,2017-01-03 09:48:06,14.2100,11,225843.0000,159,B,14.2000,14.1900,14.1800,14.1700,14.1600,14.2100,14.2200,14.2300,14.2400,14.2500,234,134,143,15,81,115,45,146,172,242
SZ,002329,2017-01-03 09:48:12,14.2100,1,1421.0000,1,B,14.2000,14.1900,14.1800,14.1700,14.1600,14.2100,14.2200,14.2300,14.2400,14.2500,248,134,143,15,81,126,45,146,172,242
SZ,002329,2017-01-03 09:48:15,14.2100,12,183309.0000,129,B,14.2100,14.2000,14.1900,14.1800,14.1700,14.2200,14.2300,14.2400,14.2500,14.2600,68,258,134,143,15,45,146,172,206,64
SZ,002329,2017-01-03 09:48:21,14.2100,2,24157.0000,17,S,14.2100,14.2000,14.1900,14.1800,14.1700,14.2200,14.2300,14.2400,14.2500,14.2600,51,258,134,143,15,45,146,172,206,64
SZ,002329,2017-01-03 09:48:27,14.2100,1,7105.0000,5,S,14.2100,14.2000,14.1900,14.1800,14.1700,14.2200,14.2300,14.2400,14.2500,14.2600,53,258,134,153,15,45,143,172,206,64
SZ,002329,2017-01-03 09:48:39,14.2200,2,14212.0000,10,B,14.2100,14.2000,14.1900,14.1800,14.1700,14.2200,14.2300,14.2400,14.2500,14.2600,63,263,134,155,15,44,143,172,206,64
SZ,002329,2017-01-03 09:48:42,14.2200,3,19906.0000,14,B,14.2100,14.2000,14.1900,14.1800,14.1700,14.2200,14.2300,14.2400,14.2500,14.2600,103,263,134,155,15,32,143,172,206,64
SZ,002329,2017-01-03 09:48:48,14.2100,1,15631.0000,11,S,14.2100,14.2000,14.1900,14.1800,14.1700,14.2200,14.2300,14.2400,14.2500,14.2600,104,260,134,155,15,37,143,172,206,64
SZ,002329,2017-01-03 09:48:51,14.2200,7,56860.0000,40,B,14.2100,14.2000,14.1900,14.1800,14.1700,14.2200,14.2300,14.2400,14.2500,14.2600,84,260,134,155,15,17,143,172,206,64
SZ,002329,2017-01-03 09:48:57,14.2200,2,14220.0000,10,B,14.2100,14.2000,14.1900,14.1800,14.1700,14.2200,14.2300,14.2400,14.2500,14.2600,62,260,134,155,15,24,143,172,206,64
SZ,002329,2017-01-03 09:49:00,14.2200,5,18486.0000,13,B,14.2100,14.2000,14.1900,14.1800,14.1700,14.2200,14.2300,14.2400,14.2500,14.2600,117,260,134,155,15,19,143,172,206,64
SZ,002329,2017-01-03 09:49:03,14.2100,1,7105.0000,5,S,14.2100,14.2000,14.1900,14.1800,14.1700,14.2200,14.2300,14.2400,14.2500,14.2600,112,260,134,155,15,98,143,172,206,64
SZ,002329,2017-01-03 09:49:06,14.2100,2,8526.0000,6,S,14.2100,14.2000,14.1900,14.1800,14.1700,14.2200,14.2300,14.2400,14.2500,14.2600,106,260,134,155,15,98,143,172,206,64
SZ,002329,2017-01-03 09:49:09,14.2100,5,66827.0000,47,S,14.2100,14.2000,14.1900,14.1800,14.1700,14.2200,14.2300,14.2400,14.2500,14.2600,99,272,141,155,15,68,143,161,206,64
SZ,002329,2017-01-03 09:49:15,14.2200,1,2844.0000,2,B,14.2100,14.2000,14.1900,14.1800,14.1700,14.2200,14.2300,14.2400,14.2500,14.2600,101,289,141,155,15,67,143,161,201,64
SZ,002329,2017-01-03 09:49:18,14.2100,1,2842.0000,2,S,14.2100,14.2000,14.1900,14.1800,14.1700,14.2200,14.2300,14.2400,14.2500,14.2600,99,279,141,155,15,67,143,161,201,64
SZ,002329,2017-01-03 09:49:27,14.2100,2,14210.0000,10,S,14.2100,14.2000,14.1900,14.1800,14.1700,14.2200,14.2300,14.2400,14.2500,14.2600,89,294,141,155,15,68,143,161,201,64
SZ,002329,2017-01-03 09:49:36,14.2200,3,98103.0000,69,B,14.2100,14.2000,14.1900,14.1800,14.1700,14.2200,14.2300,14.2400,14.2500,14.2600,72,294,141,155,15,57,116,161,201,64
SZ,002329,2017-01-03 09:49:39,14.2100,2,7105.0000,5,S,14.2100,14.2000,14.1900,14.1800,14.1700,14.2200,14.2300,14.2400,14.2500,14.2600,67,294,141,155,15,57,116,161,201,64
SZ,002329,2017-01-03 09:49:48,14.2100,4,95207.0000,67,S,14.2000,14.1900,14.1800,14.1700,14.1600,14.2100,14.2200,14.2300,14.2400,14.2500,294,141,173,15,81,33,61,116,161,201
SZ,002329,2017-01-03 09:49:51,14.2100,1,2842.0000,2,B,14.2000,14.1900,14.1800,14.1700,14.1600,14.2100,14.2200,14.2300,14.2400,14.2500,294,141,173,15,81,31,61,116,161,201
SZ,002329,2017-01-03 09:49:54,14.2100,2,79576.0000,56,B,14.2100,14.2000,14.1900,14.1800,14.1700,14.2200,14.2300,14.2400,14.2500,14.2600,65,294,141,173,15,61,116,161,201,65
SZ,002329,2017-01-03 09:49:57,14.2200,1,1422.0000,1,B,14.2100,14.2000,14.1900,14.1800,14.1700,14.2200,14.2300,14.2400,14.2500,14.2600,65,294,141,173,15,60,116,161,201,65
SZ,002329,2017-01-03 09:50:06,14.2100,1,1421.0000,1,S,14.2100,14.2000,14.1900,14.1800,14.1700,14.2200,14.2300,14.2400,14.2500,14.2600,73,298,141,173,15,67,116,172,201,65
SZ,002329,2017-01-03 09:50:12,14.2100,1,31262.0000,22,S,14.2100,14.2000,14.1900,14.1800,14.1700,14.2200,14.2300,14.2400,14.2500,14.2600,84,298,141,173,15,141,116,167,201,65
SZ,002329,2017-01-03 09:50:27,14.2100,3,59682.0000,42,S,14.2100,14.2000,14.1900,14.1800,14.1700,14.2200,14.2300,14.2400,14.2500,14.2600,47,300,191,173,15,147,116,167,201,65
SZ,002329,2017-01-03 09:50:36,14.2100,4,15634.0000,11,S,14.2100,14.2000,14.1900,14.1800,14.1700,14.2200,14.2300,14.2400,14.2500,14.2600,45,320,191,173,15,144,116,167,201,65
SZ,002329,2017-01-03 09:50:39,14.2100,5,51156.0000,36,S,14.2100,14.2000,14.1900,14.1800,14.1700,14.2200,14.2300,14.2400,14.2500,14.2600,11,320,189,173,15,144,116,167,201,65
SZ,002329,2017-01-03 09:50:42,14.2200,1,9954.0000,7,B,14.2100,14.2000,14.1900,14.1800,14.1700,14.2200,14.2300,14.2400,14.2500,14.2600,21,320,189,173,15,137,116,167,201,65
SZ,002329,2017-01-03 09:50:45,14.2100,1,4263.0000,3,S,14.2100,14.2000,14.1900,14.1800,14.1700,14.2200,14.2300,14.2400,14.2500,14.2600,23,320,189,173,15,137,116,167,201,65
SZ,002329,2017-01-03 09:50:48,14.2100,6,42630.0000,30,S,14.2000,14.1900,14.1800,14.1700,14.1600,14.2100,14.2200,14.2300,14.2400,14.2500,320,191,173,15,51,18,137,116,167,201
SZ,002329,2017-01-03 09:50:51,14.2100,3,25578.0000,18,B,14.2100,14.2000,14.1900,14.1800,14.1700,14.2200,14.2300,14.2400,14.2500,14.2600,2,320,191,173,15,137,116,167,201,65
SZ,002329,2017-01-03 09:51:00,14.2100,6,35525.0000,25,S,14.2000,14.1900,14.1800,14.1700,14.1600,14.2100,14.2200,14.2300,14.2400,14.2500,320,191,173,15,51,75,137,116,167,201
SZ,002329,2017-01-03 09:51:03,14.2100,1,42630.0000,30,B,14.2000,14.1900,14.1800,14.1700,14.1600,14.2100,14.2200,14.2300,14.2400,14.2500,320,191,173,15,51,45,138,116,167,201
SZ,002329,2017-01-03 09:51:06,14.2100,2,18473.0000,13,B,14.2000,14.1900,14.1800,14.1700,14.1600,14.2100,14.2200,14.2300,14.2400,14.2500,320,191,173,15,51,32,138,116,167,201
SZ,002329,2017-01-03 09:51:09,14.2100,2,45472.0000,32,B,14.2100,14.2000,14.1900,14.1800,14.1700,14.2200,14.2300,14.2400,14.2500,14.2600,8,320,191,173,15,146,116,167,525,65
SZ,002329,2017-01-03 09:51:12,14.2100,1,11368.0000,8,S,14.2000,14.1900,14.1800,14.1700,14.1600,14.2100,14.2200,14.2300,14.2400,14.2500,320,191,173,15,51,2,146,116,167,525
SZ,002329,2017-01-03 09:51:15,14.2000,1,4260.0000,3,S,14.2000,14.1900,14.1800,14.1700,14.1600,14.2100,14.2200,14.2300,14.2400,14.2500,317,191,173,15,51,2,146,116,167,525
SZ,002329,2017-01-03 09:51:21,14.2100,5,22736.0000,16,B,14.2100,14.2000,14.1900,14.1800,14.1700,14.2200,14.2300,14.2400,14.2500,14.2600,5,322,191,173,29,146,116,167,525,65
SZ,002329,2017-01-03 09:51:24,14.2100,1,7105.0000,5,S,14.2000,14.1900,14.1800,14.1700,14.1600,14.2100,14.2200,14.2300,14.2400,14.2500,322,191,173,29,46,15,146,116,167,525
SZ,002329,2017-01-03 09:51:39,14.2100,1,7105.0000,5,B,14.2000,14.1900,14.1800,14.1700,14.1600,14.2100,14.2200,14.2300,14.2400,14.2500,328,191,173,29,46,223,146,116,167,545
SZ,002329,2017-01-03 09:51:42,14.2100,5,65341.0000,46,B,14.2000,14.1900,14.1800,14.1700,14.1600,14.2100,14.2200,14.2300,14.2400,14.2500,303,191,173,29,46,203,146,116,167,545
SZ,002329,2017-01-03 09:51:48,14.2000,1,8520.0000,6,S,14.2000,14.1900,14.1800,14.1700,14.1600,14.2100,14.2200,14.2300,14.2400,14.2500,297,191,173,29,46,223,141,116,167,545
SZ,002329,2017-01-03 09:51:51,14.2100,2,82410.0000,58,B,14.2000,14.1900,14.1800,14.1700,14.1600,14.2100,14.2200,14.2300,14.2400,14.2500,317,191,176,29,46,173,141,116,167,545
SZ,002329,2017-01-03 09:51:54,14.2000,2,109340.0000,77,S,14.2000,14.1900,14.1800,14.1700,14.1600,14.2100,14.2200,14.2300,14.2400,14.2500,240,191,176,29,46,173,141,116,167,545
SZ,002329,2017-01-03 09:51:57,14.2100,2,42620.0000,30,B,14.2000,14.1900,14.1800,14.1700,14.1600,14.2100,14.2200,14.2300,14.2400,14.2500,216,191,176,29,46,153,141,116,167,545
SZ,002329,2017-01-03 09:52:00,14.2000,2,42625.0000,30,S,14.2000,14.1900,14.1800,14.1700,14.1600,14.2100,14.2200,14.2300,14.2400,14.2500,211,191,176,29,46,128,141,116,167,545
SZ,002329,2017-01-03 09:52:03,14.2000,1,7100.0000,5,S,14.2000,14.1900,14.1800,14.1700,14.1600,14.2100,14.2200,14.2300,14.2400,14.2500,216,191,176,29,46,150,141,116,167,545
SZ,002329,2017-01-03 09:52:15,14.2100,2,28420.0000,20,B,14.2000,14.1900,14.1800,14.1700,14.1600,14.2100,14.2200,14.2300,14.2400,14.2500,316,191,176,29,46,134,67,116,167,552
SZ,002329,2017-01-03 09:52:18,14.2000,6,44020.0000,31,S,14.2000,14.1900,14.1800,14.1700,14.1600,14.2100,14.2200,14.2300,14.2400,14.2500,290,191,176,29,46,134,67,116,167,552
SZ,002329,2017-01-03 09:52:21,14.2100,2,8526.0000,6,B,14.2000,14.1900,14.1800,14.1700,14.1600,14.2100,14.2200,14.2300,14.2400,14.2500,290,191,176,48,46,129,67,116,167,552
SZ,002329,2017-01-03 09:52:27,14.2000,9,117860.0000,83,S,14.2000,14.1900,14.1800,14.1700,14.1600,14.2100,14.2200,14.2300,14.2400,14.2500,235,191,176,48,46,129,71,116,167,552
SZ,002329,2017-01-03 09:52:30,14.2100,2,65366.0000,46,B,14.2000,14.1900,14.1800,14.1700,14.1600,14.2100,14.2200,14.2300,14.2400,14.2500,235,191,176,48,46,83,71,116,167,552
SZ,002329,2017-01-03 09:52:36,14.2100,3,17051.0000,12,B,14.2000,14.1900,14.1800,14.1700,14.1600,14.2100,14.2200,14.2300,14.2400,14.2500,237,191,176,48,46,72,76,116,167,552
SZ,002329,2017-01-03 09:52:39,14.2100,1,17052.0000,12,B,14.2000,14.1900,14.1800,14.1700,14.1600,14.2100,14.2200,14.2300,14.2400,14.2500,237,191,176,48,46,60,76,116,167,552
SZ,002329,2017-01-03 09:52:42,14.2100,1,14210.0000,10,B,14.2000,14.1900,14.1800,14.1700,14.1600,14.2100,14.2200,14.2300,14.2400,14.2500,237,191,176,48,46,69,76,116,167,552
SZ,002329,2017-01-03 09:52:45,14.2000,2,12780.0000,9,S,14.2000,14.1900,14.1800,14.1700,14.1600,14.2100,14.2200,14.2300,14.2400,14.2500,228,192,176,48,46,49,76,116,167,552
SZ,002329,2017-01-03 09:52:48,14.2000,10,88040.0000,62,S,14.2000,14.1900,14.1800,14.1700,14.1600,14.2100,14.2200,14.2300,14.2400,14.2500,186,192,176,48,38,49,76,116,167,228
SZ,002329,2017-01-03 09:52:51,14.2100,3,31262.0000,22,B,14.2000,14.1900,14.1800,14.1700,14.1600,14.2100,14.2200,14.2300,14.2400,14.2500,196,192,176,48,38,27,76,116,167,228
SZ,002329,2017-01-03 09:52:54,14.2100,1,1421.0000,1,B,14.2000,14.1900,14.1800,14.1700,14.1600,14.2100,14.2200,14.2300,14.2400,14.2500,206,192,176,48,38,26,76,116,167,228
SZ,002329,2017-01-03 09:52:57,14.2100,6,38367.0000,27,B,14.2100,14.2000,14.1900,14.1800,14.1700,14.2200,14.2300,14.2400,14.2500,14.2600,4,206,192,176,48,76,116,167,228,65
SZ,002329,2017-01-03 09:53:09,14.2200,5,15639.0000,11,B,14.2100,14.2000,14.1900,14.1800,14.1700,14.2200,14.2300,14.2400,14.2500,14.2600,11,206,142,176,48,65,116,167,228,65
SZ,002329,2017-01-03 09:53:12,14.2100,2,14210.0000,10,S,14.2100,14.2000,14.1900,14.1800,14.1700,14.2200,14.2300,14.2400,14.2500,14.2600,1,206,142,176,48,65,116,167,228,65
SZ,002329,2017-01-03 09:53:15,14.2100,3,69629.0000,49,S,14.2000,14.1900,14.1800,14.1700,14.1600,14.2100,14.2200,14.2300,14.2400,14.2500,206,142,176,48,38,275,65,116,167,228
SZ,002329,2017-01-03 09:53:18,14.2100,1,11368.0000,8,B,14.2000,14.1900,14.1800,14.1700,14.1600,14.2100,14.2200,14.2300,14.2400,14.2500,206,137,176,48,38,270,65,116,167,228
SZ,002329,2017-01-03 09:53:21,14.2100,1,2842.0000,2,B,14.2000,14.1900,14.1800,14.1700,14.1600,14.2100,14.2200,14.2300,14.2400,14.2500,224,137,176,48,38,278,65,116,167,228
SZ,002329,2017-01-03 09:53:36,14.2100,1,7105.0000,5,B,14.2000,14.1900,14.1800,14.1700,14.1600,14.2100,14.2200,14.2300,14.2400,14.2500,229,127,176,48,41,274,85,81,167,228
SZ,002329,2017-01-03 09:53:39,14.2100,2,32668.0000,23,B,14.2000,14.1900,14.1800,14.1700,14.1600,14.2100,14.2200,14.2300,14.2400,14.2500,257,127,176,48,41,266,85,81,167,228
SZ,002329,2017-01-03 09:53:45,14.2000,2,14200.0000,10,S,14.2000,14.1900,14.1800,14.1700,14.1600,14.2100,14.2200,14.2300,14.2400,14.2500,247,127,176,48,41,312,120,81,167,228
SZ,002329,2017-01-03 09:53:48,14.2100,1,17052.0000,12,B,14.2000,14.1900,14.1800,14.1700,14.1600,14.2100,14.2200,14.2300,14.2400,14.2500,247,127,176,48,41,310,120,81,167,228
SZ,002329,2017-01-03 09:53:54,14.2000,3,14205.0000,10,S,14.2000,14.1900,14.1800,14.1700,14.1600,14.2100,14.2200,14.2300,14.2400,14.2500,242,127,176,48,41,305,85,81,167,228
SZ,002329,2017-01-03 09:53:57,14.2000,2,15620.0000,11,S,14.2000,14.1900,14.1800,14.1700,14.1600,14.2100,14.2200,14.2300,14.2400,14.2500,231,127,176,48,41,305,1085,81,167,228
SZ,002329,2017-01-03 09:54:00,14.2100,2,32683.0000,23,B,14.2000,14.1900,14.1800,14.1700,14.1600,14.2100,14.2200,14.2300,14.2400,14.2500,231,127,176,48,41,282,1085,81,167,228
SZ,002329,2017-01-03 09:54:03,14.2000,2,5680.0000,4,S,14.2000,14.1900,14.1800,14.1700,14.1600,14.2100,14.2200,14.2300,14.2400,14.2500,227,127,176,48,41,317,1085,81,167,228
SZ,002329,2017-01-03 09:54:06,14.2000,1,28400.0000,20,S,14.2000,14.1900,14.1800,14.1700,14.1600,14.2100,14.2200,14.2300,14.2400,14.2500,207,144,176,48,41,322,1085,81,167,228
SZ,002329,2017-01-03 09:54:09,14.2000,13,295147.0000,208,S,14.1900,14.1800,14.1700,14.1600,14.1500,14.2000,14.2100,14.2200,14.2300,14.2400,144,176,48,41,111,4,322,1085,81,167
SZ,002329,2017-01-03 09:54:12,14.1900,10,204336.0000,144,S,14.1800,14.1700,14.1600,14.1500,14.1400,14.2000,14.2100,14.2200,14.2300,14.2400,176,48,41,111,16,31,332,1082,98,167
SZ,002329,2017-01-03 09:54:15,14.1800,21,249568.0000,176,S,14.1700,14.1600,14.1500,14.1400,14.1300,14.1900,14.2000,14.2100,14.2200,14.2300,48,41,111,16,105,3,90,432,1075,98
SZ,002329,2017-01-03 09:54:24,14.2000,10,85160.0000,60,B,14.1700,14.1600,14.1500,14.1400,14.1300,14.2000,14.2100,14.2200,14.2300,14.2400,33,41,111,16,105,48,431,1070,98,167
SZ,002329,2017-01-03 09:54:30,14.1700,1,8502.0000,6,S,14.1700,14.1600,14.1500,14.1400,14.1300,14.1900,14.2000,14.2100,14.2200,14.2300,35,41,111,8,105,1,63,421,1070,98
SZ,002329,2017-01-03 09:54:39,14.1800,2,7090.0000,5,S,14.1800,14.1700,14.1600,14.1500,14.1400,14.1900,14.2000,14.2100,14.2200,14.2300,11,120,41,106,8,51,158,375,1070,98
SZ,002329,2017-01-03 09:54:42,14.1900,2,28380.0000,20,B,14.1800,14.1700,14.1600,14.1500,14.1400,14.1900,14.2000,14.2100,14.2200,14.2300,11,120,41,106,8,31,168,375,1070,98
SZ,002329,2017-01-03 09:54:45,14.1800,2,15598.0000,11,S,14.1700,14.1600,14.1500,14.1400,14.1300,14.1800,14.1900,14.2000,14.2100,14.2200,220,51,106,8,109,3,31,170,376,1070
SZ,002329,2017-01-03 09:54:48,14.1700,1,2834.0000,2,S,14.1700,14.1600,14.1500,14.1400,14.1300,14.1800,14.1900,14.2000,14.2100,14.2200,234,51,106,8,109,5,31,170,341,1070
SZ,002329,2017-01-03 09:54:51,14.1700,5,49626.0000,35,S,14.1700,14.1600,14.1500,14.1400,14.1300,14.1900,14.2000,14.2100,14.2200,14.2300,301,51,106,9,109,31,170,341,1070,98
SZ,002329,2017-01-03 09:54:54,14.1700,2,9919.0000,7,S,14.1700,14.1600,14.1500,14.1400,14.1300,14.1900,14.2000,14.2100,14.2200,14.2300,294,51,106,9,109,31,192,331,1070,98
SZ,002329,2017-01-03 09:54:57,14.1900,2,5675.0000,4,B,14.1800,14.1700,14.1600,14.1500,14.1400,14.1900,14.2000,14.2100,14.2200,14.2300,98,294,51,106,19,28,192,321,1070,98
SZ,002329,2017-01-03 09:55:00,14.1800,1,28360.0000,20,S,14.1800,14.1700,14.1600,14.1500,14.1400,14.1900,14.2000,14.2100,14.2200,14.2300,78,294,51,106,19,28,227,321,1070,98
SZ,002329,2017-01-03 09:55:06,14.1900,2,28363.0000,20,B,14.1800,14.1700,14.1600,14.1500,14.1400,14.1900,14.2000,14.2100,14.2200,14.2300,82,294,51,106,19,25,241,336,1070,98
SZ,002329,2017-01-03 09:55:09,14.1900,2,100703.0000,71,B,14.1900,14.1800,14.1700,14.1600,14.1500,14.2000,14.2100,14.2200,14.2300,14.2400,25,86,304,81,106,206,337,1070,98,167
SZ,002329,2017-01-03 09:55:12,14.1900,1,12771.0000,9,S,14.1900,14.1800,14.1700,14.1600,14.1500,14.2000,14.2100,14.2200,14.2300,14.2400,16,86,304,81,106,216,337,1070,98,167
SZ,002329,2017-01-03 09:55:15,14.1900,1,22704.0000,16,S,14.1800,14.1700,14.1600,14.1500,14.1400,14.1900,14.2000,14.2100,14.2200,14.2300,86,304,81,106,19,85,178,337,1070,98
SZ,002329,2017-01-03 09:55:21,14.1800,1,7090.0000,5,S,14.1800,14.1700,14.1600,14.1500,14.1400,14.1900,14.2000,14.2100,14.2200,14.2300,81,304,81,116,24,121,178,337,1070,67
SZ,002329,2017-01-03 09:55:24,14.1900,1,7095.0000,5,B,14.1800,14.1700,14.1600,14.1500,14.1400,14.1900,14.2000,14.2100,14.2200,14.2300,91,304,84,116,24,125,178,337,1050,67
SZ,002329,2017-01-03 09:55:30,14.1800,3,54097.0000,38,S,14.1800,14.1700,14.1600,14.1500,14.1400,14.1900,14.2000,14.2100,14.2200,14.2300,60,313,84,117,29,133,185,337,1050,67
SZ,002329,2017-01-03 09:55:33,14.1800,1,1418.0000,1,S,14.1800,14.1700,14.1600,14.1500,14.1400,14.1900,14.2000,14.2100,14.2200,14.2300,61,313,84,117,29,133,191,337,1050,67
SZ,002329,2017-01-03 09:55:39,14.1800,2,21270.0000,15,S,14.1800,14.1700,14.1600,14.1500,14.1400,14.1900,14.2000,14.2100,14.2200,14.2300,57,313,84,117,79,152,191,337,1050,67
SZ,002329,2017-01-03 09:55:42,14.1900,2,31211.0000,22,B,14.1800,14.1700,14.1600,14.1500,14.1400,14.1900,14.2000,14.2100,14.2200,14.2300,56,313,84,117,79,137,191,337,1050,67
SZ,002329,2017-01-03 09:55:51,14.1900,2,21281.0000,15,B,14.1800,14.1700,14.1600,14.1500,14.1400,14.1900,14.2000,14.2100,14.2200,14.2300,60,313,84,117,79,126,191,337,1050,567
SZ,002329,2017-01-03 09:55:54,14.1800,13,242641.0000,171,S,14.1800,14.1700,14.1600,14.1500,14.1400,14.2000,14.2100,14.2200,14.2300,14.2400,52,313,84,117,79,201,337,1050,567,167
SZ,002329,2017-01-03 09:55:57,14.1800,1,1418.0000,1,S,14.1800,14.1700,14.1600,14.1500,14.1400,14.2000,14.2100,14.2200,14.2300,14.2400,51,313,84,127,79,201,337,1050,567,167
SZ,002329,2017-01-03 09:56:03,14.1900,3,42560.0000,30,B,14.1900,14.1800,14.1700,14.1600,14.1500,14.2000,14.2100,14.2200,14.2300,14.2400,80,41,313,84,127,201,237,1050,567,167
SZ,002329,2017-01-03 09:56:06,14.1900,2,29799.0000,21,S,14.1900,14.1800,14.1700,14.1600,14.1500,14.2000,14.2100,14.2200,14.2300,14.2400,59,56,313,84,127,201,237,1050,567,167
SZ,002329,2017-01-03 09:56:12,14.1900,1,83721.0000,59,S,14.1800,14.1700,14.1600,14.1500,14.1400,14.1900,14.2000,14.2100,14.2200,14.2300,110,313,86,127,79,120,201,237,1050,567
SZ,002329,2017-01-03 09:56:15,14.1900,1,17028.0000,12,B,14.1800,14.1700,14.1600,14.1500,14.1400,14.1900,14.2000,14.2100,14.2200,14.2300,110,325,86,127,79,140,201,237,1050,567
SZ,002329,2017-01-03 09:56:18,14.1900,2,35470.0000,25,B,14.1800,14.1700,14.1600,14.1500,14.1400,14.1900,14.2000,14.2100,14.2200,14.2300,105,325,86,127,79,121,201,245,1055,567
SZ,002329,2017-01-03 09:56:24,14.1800,5,28360.0000,20,S,14.1800,14.1700,14.1600,14.1500,14.1400,14.1900,14.2000,14.2100,14.2200,14.2300,129,333,86,127,79,121,201,245,1055,567
SZ,002329,2017-01-03 09:56:27,14.1700,24,660239.0000,466,S,14.1600,14.1500,14.1400,14.1300,14.1200,14.1700,14.1900,14.2000,14.2100,14.2200,86,127,74,109,579,34,120,201,245,1055
SZ,002329,2017-01-03 09:56:30,14.1900,3,75139.0000,53,B,14.1600,14.1500,14.1400,14.1300,14.1200,14.1800,14.1900,14.2000,14.2100,14.2200,86,127,74,109,579,2,121,201,245,1055
SZ,002329,2017-01-03 09:56:42,14.1700,1,11336.0000,8,S,14.1700,14.1600,14.1500,14.1400,14.1300,14.1800,14.1900,14.2000,14.2100,14.2200,161,86,127,74,117,3,72,201,245,1055
SZ,002329,2017-01-03 09:56:48,14.1800,3,9922.0000,7,B,14.1800,14.1700,14.1600,14.1500,14.1400,14.1900,14.2000,14.2100,14.2200,14.2300,7,192,86,127,74,93,201,245,1050,2879
SZ,002329,2017-01-03 09:56:51,14.1800,1,2836.0000,2,S,14.1800,14.1700,14.1600,14.1500,14.1400,14.1900,14.2000,14.2100,14.2200,14.2300,5,192,116,127,74,93,191,245,1050,2879
SZ,002329,2017-01-03 09:57:03,14.1900,5,89397.0000,63,B,14.1800,14.1700,14.1600,14.1500,14.1400,14.1900,14.2000,14.2100,14.2200,14.2300,10,192,116,127,72,48,212,245,1050,550
SZ,002329,2017-01-03 09:57:06,14.1800,2,14180.0000,10,S,14.1700,14.1600,14.1500,14.1400,14.1300,14.1800,14.1900,14.2000,14.2100,14.2200,192,116,127,72,117,1,48,217,245,1050
SZ,002329,2017-01-03 09:57:09,14.1800,1,1418.0000,1,B,14.1800,14.1700,14.1600,14.1500,14.1400,14.1900,14.2000,14.2100,14.2200,14.2300,2,192,116,127,72,148,230,245,1094,550
SZ,002329,2017-01-03 09:57:12,14.1800,1,2836.0000,2,S,14.1700,14.1600,14.1500,14.1400,14.1300,14.1800,14.1900,14.2000,14.2100,14.2200,192,116,127,72,130,1,148,230,245,1094
SZ,002329,2017-01-03 09:57:15,14.1900,5,72308.0000,51,B,14.1700,14.1600,14.1500,14.1400,14.1300,14.1900,14.2000,14.2100,14.2200,14.2300,162,86,127,72,130,128,225,245,1094,550
SZ,002329,2017-01-03 09:57:18,14.1700,1,9919.0000,7,S,14.1800,14.1700,14.1600,14.1500,14.1400,14.1900,14.2000,14.2100,14.2200,14.2300,3,173,90,127,72,128,225,245,1094,550
SZ,002329,2017-01-03 09:57:21,14.1800,2,18434.0000,13,S,14.1700,14.1600,14.1500,14.1400,14.1300,14.1800,14.1900,14.2000,14.2100,14.2200,176,90,127,72,130,20,128,218,245,1094
SZ,002329,2017-01-03 09:57:24,14.1700,2,19848.0000,14,S,14.1700,14.1600,14.1500,14.1400,14.1300,14.1800,14.1900,14.2000,14.2100,14.2200,172,90,127,72,130,20,128,218,245,1094
SZ,002329,2017-01-03 09:57:27,14.1800,4,29778.0000,21,B,14.1700,14.1600,14.1500,14.1400,14.1300,14.1800,14.1900,14.2000,14.2100,14.2200,272,83,127,72,130,14,128,218,245,1094
SZ,002329,2017-01-03 09:57:36,14.1800,2,24106.0000,17,B,14.1800,14.1700,14.1600,14.1500,14.1400,14.1900,14.2000,14.2100,14.2200,14.2300,254,272,83,127,72,128,218,245,1094,550
SZ,002329,2017-01-03 09:57:39,14.1800,1,14180.0000,10,S,14.1800,14.1700,14.1600,14.1500,14.1400,14.1900,14.2000,14.2100,14.2200,14.2300,249,272,83,127,72,129,406,245,1094,550
SZ,002329,2017-01-03 09:57:45,14.1800,1,12762.0000,9,S,14.1800,14.1700,14.1600,14.1500,14.1400,14.1900,14.2000,14.2100,14.2200,14.2300,253,272,83,127,72,129,406,244,1094,550
SZ,002329,2017-01-03 09:57:54,14.1900,4,49665.0000,35,B,14.1800,14.1700,14.1600,14.1500,14.1400,14.1900,14.2000,14.2100,14.2200,14.2300,283,277,83,132,72,84,411,244,1094,550
SZ,002329,2017-01-03 09:58:00,14.1900,1,92235.0000,65,B,14.1800,14.1700,14.1600,14.1500,14.1400,14.1900,14.2000,14.2100,14.2200,14.2300,287,277,83,132,92,19,411,244,1056,550
SZ,002329,2017-01-03 09:58:06,14.1900,4,68112.0000,48,B,14.1800,14.1700,14.1600,14.1500,14.1400,14.2000,14.2100,14.2200,14.2300,14.2400,287,287,83,132,92,411,244,1056,791,67
SZ,002329,2017-01-03 09:58:09,14.1800,9,412638.0000,291,S,14.1700,14.1600,14.1500,14.1400,14.1300,14.1800,14.2000,14.2100,14.2200,14.2300,252,83,132,92,130,109,411,244,1056,791
SZ,002329,2017-01-03 09:58:12,14.1800,2,28359.0000,20,B,14.1700,14.1600,14.1500,14.1400,14.1300,14.1800,14.1900,14.2000,14.2100,14.2200,252,83,132,92,130,89,5,411,254,1056
SZ,002329,2017-01-03 09:58:15,14.1800,2,51048.0000,36,B,14.1700,14.1600,14.1500,14.1400,14.1300,14.1800,14.1900,14.2000,14.2100,14.2200,252,83,132,92,130,64,5,411,254,1056
SZ,002329,2017-01-03 09:58:18,14.1800,2,18436.0000,13,B,14.1700,14.1600,14.1500,14.1400,14.1300,14.1800,14.1900,14.2000,14.2100,14.2200,252,83,132,92,130,101,5,412,254,1056
SZ,002329,2017-01-03 09:58:21,14.1800,1,4252.0000,3,B,14.1700,14.1600,14.1500,14.1400,14.1300,14.1800,14.1900,14.2000,14.2100,14.2200,261,83,132,92,135,99,5,412,254,1056
SZ,002329,2017-01-03 09:58:24,14.1700,1,8504.0000,6,S,14.1700,14.1600,14.1500,14.1400,14.1300,14.1800,14.1900,14.2000,14.2100,14.2200,255,83,132,92,144,119,5,412,254,1056
SZ,002329,2017-01-03 09:58:30,14.1700,9,361334.0000,255,S,14.1600,14.1500,14.1400,14.1300,14.1200,14.1700,14.1800,14.1900,14.2000,14.2100,88,132,92,144,642,145,129,5,412,292
SZ,002329,2017-01-03 09:58:36,14.1700,1,2834.0000,2,B,14.1600,14.1500,14.1400,14.1300,14.1200,14.1700,14.1800,14.1900,14.2000,14.2100,93,132,92,144,642,143,129,5,412,292
SZ,002329,2017-01-03 09:58:39,14.1600,4,26912.0000,19,S,14.1600,14.1500,14.1400,14.1300,14.1200,14.1700,14.1800,14.1900,14.2000,14.2100,82,132,92,144,642,135,109,5,412,292
SZ,002329,2017-01-03 09:58:45,14.1600,4,41064.0000,29,S,14.1600,14.1500,14.1400,14.1300,14.1200,14.1700,14.1800,14.1900,14.2000,14.2100,53,132,197,144,642,135,109,5,412,292
SZ,002329,2017-01-03 09:58:51,14.1600,3,33984.0000,24,S,14.1600,14.1500,14.1400,14.1300,14.1200,14.1700,14.1800,14.1900,14.2000,14.2100,38,132,197,144,649,135,109,5,412,292
SZ,002329,2017-01-03 09:59:00,14.1600,2,14160.0000,10,S,14.1600,14.1500,14.1400,14.1300,14.1200,14.1700,14.1800,14.1900,14.2000,14.2100,50,131,197,149,649,135,109,5,402,292
SZ,002329,2017-01-03 09:59:06,14.1600,2,7080.0000,5,S,14.1600,14.1500,14.1400,14.1300,14.1200,14.1700,14.1800,14.1900,14.2000,14.2100,107,144,197,206,652,136,109,5,501,287
SZ,002329,2017-01-03 09:59:12,14.1700,1,14170.0000,10,B,14.1600,14.1500,14.1400,14.1300,14.1200,14.1700,14.1800,14.1900,14.2000,14.2100,117,144,197,206,672,126,109,8,502,287
SZ,002329,2017-01-03 09:59:15,14.1600,4,18408.0000,13,S,14.1600,14.1500,14.1400,14.1300,14.1200,14.1700,14.1800,14.1900,14.2000,14.2100,104,154,197,206,672,126,109,8,502,287
SZ,002329,2017-01-03 09:59:18,14.1700,1,14170.0000,10,B,14.1600,14.1500,14.1400,14.1300,14.1200,14.1700,14.1800,14.1900,14.2000,14.2100,104,154,201,236,672,116,109,8,502,289
SZ,002329,2017-01-03 09:59:27,14.1700,1,11336.0000,8,B,14.1600,14.1500,14.1400,14.1300,14.1200,14.1700,14.1800,14.1900,14.2000,14.2100,154,154,201,236,672,148,99,32,502,289
SZ,002329,2017-01-03 09:59:33,14.1700,14,290396.0000,205,B,14.1600,14.1500,14.1400,14.1300,14.1200,14.1700,14.1800,14.1900,14.2000,14.2100,75,144,201,236,691,32,99,32,502,290
SZ,002329,2017-01-03 09:59:39,14.1600,2,24084.0000,17,S,14.1600,14.1500,14.1400,14.1300,14.1200,14.1700,14.1800,14.1900,14.2000,14.2100,75,144,201,246,691,19,99,32,502,290
SZ,002329,2017-01-03 09:59:42,14.1600,2,15588.0000,11,S,14.1600,14.1500,14.1400,14.1300,14.1200,14.1700,14.1800,14.1900,14.2000,14.2100,78,144,201,246,691,9,99,32,502,290
SZ,002329,2017-01-03 09:59:45,14.1600,1,14160.0000,10,S,14.1600,14.1500,14.1400,14.1300,14.1200,14.1700,14.1800,14.1900,14.2000,14.2100,68,144,201,246,693,10,99,32,502,290
SZ,002329,2017-01-03 09:59:51,14.1700,2,14168.0000,10,B,14.1600,14.1500,14.1400,14.1300,14.1200,14.1800,14.1900,14.2000,14.2100,14.2200,75,144,201,246,694,99,32,502,290,1056
SZ,002329,2017-01-03 10:00:03,14.1700,2,5666.0000,4,B,14.1700,14.1600,14.1500,14.1400,14.1300,14.1800,14.1900,14.2000,14.2100,14.2200,56,100,144,201,291,99,32,502,290,1056
SZ,002329,2017-01-03 10:00:09,14.1800,2,17016.0000,12,B,14.1700,14.1600,14.1500,14.1400,14.1300,14.1800,14.1900,14.2000,14.2100,14.2200,106,128,134,203,291,87,32,502,290,1056
SZ,002329,2017-01-03 10:00:21,14.1800,1,11344.0000,8,B,14.1700,14.1600,14.1500,14.1400,14.1300,14.1800,14.1900,14.2000,14.2100,14.2200,106,134,162,203,291,79,41,502,290,1056
SZ,002329,2017-01-03 10:00:27,14.1700,1,9918.0000,7,S,14.1700,14.1600,14.1500,14.1400,14.1300,14.1800,14.1900,14.2000,14.2100,14.2200,99,131,162,203,302,82,41,502,290,1056
SZ,002329,2017-01-03 10:00:36,14.1700,9,170084.0000,120,S,14.1700,14.1600,14.1500,14.1400,14.1300,14.1800,14.1900,14.2000,14.2100,14.2200,26,156,147,203,302,46,41,502,290,1056
SZ,002329,2017-01-03 10:00:42,14.1800,1,14180.0000,10,B,14.1700,14.1600,14.1500,14.1400,14.1300,14.1800,14.1900,14.2000,14.2100,14.2200,51,209,147,203,302,36,91,502,290,1056
SZ,002329,2017-01-03 10:00:45,14.1700,1,1418.0000,1,S,14.1700,14.1600,14.1500,14.1400,14.1300,14.1800,14.1900,14.2000,14.2100,14.2200,62,209,143,203,302,36,96,502,290,1056
SZ,002329,2017-01-03 10:00:54,14.1700,5,92124.0000,65,S,14.1700,14.1600,14.1500,14.1400,14.1300,14.1800,14.1900,14.2000,14.2100,14.2200,61,263,143,203,302,17,96,502,290,1056
SZ,002329,2017-01-03 10:00:57,14.1700,1,2834.0000,2,S,14.1700,14.1600,14.1500,14.1400,14.1300,14.1800,14.1900,14.2000,14.2100,14.2200,79,263,143,206,302,17,67,502,290,1056
SZ,002329,2017-01-03 10:01:00,14.1800,1,1418.0000,1,B,14.1700,14.1600,14.1500,14.1400,14.1300,14.1800,14.1900,14.2000,14.2100,14.2200,79,263,143,206,302,21,67,502,290,1056
SZ,002329,2017-01-03 10:01:09,14.1700,2,8502.0000,6,S,14.1700,14.1600,14.1500,14.1400,14.1300,14.1800,14.1900,14.2000,14.2100,14.2200,61,263,153,206,302,32,75,502,296,1056
SZ,002329,2017-01-03 10:01:15,14.1700,4,70850.0000,50,S,14.1700,14.1600,14.1500,14.1400,14.1300,14.1800,14.1900,14.2000,14.2100,14.2200,65,273,153,206,302,34,75,502,296,1056
SZ,002329,2017-01-03 10:01:24,14.1700,1,2834.0000,2,S,14.1700,14.1600,14.1500,14.1400,14.1300,14.1800,14.1900,14.2000,14.2100,14.2200,71,273,153,206,291,49,75,552,296,1056
SZ,002329,2017-01-03 10:01:27,14.1800,5,12762.0000,9,B,14.1700,14.1600,14.1500,14.1400,14.1300,14.1800,14.1900,14.2000,14.2100,14.2200,71,273,153,206,291,40,75,552,296,1056
SZ,002329,2017-01-03 10:01:30,14.1800,2,14180.0000,10,B,14.1700,14.1600,14.1500,14.1400,14.1300,14.1800,14.1900,14.2000,14.2100,14.2200,92,273,153,206,291,30,75,453,296,1056
SZ,002329,2017-01-03 10:01:36,14.1800,5,42540.0000,30,B,14.1800,14.1700,14.1600,14.1500,14.1400,14.1900,14.2000,14.2100,14.2200,14.2300,70,140,273,176,206,75,453,296,1056,801
SZ,002329,2017-01-03 10:01:39,14.1700,7,226800.0000,160,S,14.1700,14.1600,14.1500,14.1400,14.1300,14.1900,14.2000,14.2100,14.2200,14.2300,60,273,176,206,291,81,453,296,1056,801
SZ,002329,2017-01-03 10:01:48,14.1800,1,1418.0000,1,S,14.1800,14.1700,14.1600,14.1500,14.1400,14.1900,14.2000,14.2100,14.2200,14.2300,9,65,293,176,206,81,453,296,1056,801
SZ,002329,2017-01-03 10:02:15,14.1800,5,73736.0000,52,S,14.1700,14.1600,14.1500,14.1400,14.1300,14.1800,14.1900,14.2000,14.2100,14.2200,155,289,176,216,246,6,81,453,296,1048
SZ,002329,2017-01-03 10:02:18,14.1900,3,11346.0000,8,B,14.1700,14.1600,14.1500,14.1400,14.1300,14.1900,14.2000,14.2100,14.2200,14.2300,155,289,176,216,246,79,453,296,1048,801
SZ,002329,2017-01-03 10:02:27,14.1900,2,5676.0000,4,B,14.1700,14.1600,14.1500,14.1400,14.1300,14.1900,14.2000,14.2100,14.2200,14.2300,121,289,178,206,246,75,458,288,1048,801
SZ,002329,2017-01-03 10:02:30,14.1800,1,1418.0000,1,S,14.1800,14.1700,14.1600,14.1500,14.1400,14.1900,14.2000,14.2100,14.2200,14.2300,9,121,289,188,206,75,458,288,1048,801
SZ,002329,2017-01-03 10:02:33,14.1900,1,2838.0000,2,B,14.1800,14.1700,14.1600,14.1500,14.1400,14.1900,14.2000,14.2100,14.2200,14.2300,29,121,289,188,206,85,458,288,1048,801
SZ,002329,2017-01-03 10:02:36,14.1800,2,5674.0000,4,S,14.1800,14.1700,14.1600,14.1500,14.1400,14.1900,14.2000,14.2100,14.2200,14.2300,49,121,299,188,206,83,458,288,1048,801
SZ,002329,2017-01-03 10:02:45,14.1800,3,17016.0000,12,S,14.1800,14.1700,14.1600,14.1500,14.1400,14.1900,14.2000,14.2100,14.2200,14.2300,68,121,299,188,206,83,486,288,1048,801
SZ,002329,2017-01-03 10:02:48,14.1900,1,1420.0000,1,B,14.1800,14.1700,14.1600,14.1500,14.1400,14.1900,14.2000,14.2100,14.2200,14.2300,68,138,299,188,206,82,486,288,1048,801
SZ,002329,2017-01-03 10:03:00,14.1900,5,72336.0000,51,B,14.1800,14.1700,14.1600,14.1500,14.1400,14.1900,14.2000,14.2100,14.2200,14.2300,37,153,299,296,206,63,490,288,1048,801
SZ,002329,2017-01-03 10:03:03,14.1800,5,56720.0000,40,S,14.1700,14.1600,14.1500,14.1400,14.1300,14.1800,14.1900,14.2000,14.2100,14.2200,153,299,296,206,246,10,63,490,288,1048
SZ,002329,2017-01-03 10:03:06,14.1800,1,14180.0000,10,B,14.1800,14.1700,14.1600,14.1500,14.1400,14.1900,14.2000,14.2100,14.2200,14.2300,10,176,299,296,206,63,490,288,1048,801
SZ,002329,2017-01-03 10:03:09,14.1900,1,42570.0000,30,B,14.1800,14.1700,14.1600,14.1500,14.1400,14.1900,14.2000,14.2100,14.2200,14.2300,10,176,299,296,206,33,490,288,1048,801
SZ,002329,2017-01-03 10:03:12,14.1800,1,14180.0000,10,S,14.1800,14.1700,14.1600,14.1500,14.1400,14.1900,14.2000,14.2100,14.2200,14.2300,10,174,299,296,206,34,490,288,1048,801
SZ,002329,2017-01-03 10:03:27,14.1900,7,42570.0000,30,B,14.1800,14.1700,14.1600,14.1500,14.1400,14.1900,14.2000,14.2100,14.2200,14.2300,14,218,304,296,206,42,490,288,1048,560
SZ,002329,2017-01-03 10:03:30,14.1800,4,21270.0000,15,S,14.1800,14.1700,14.1600,14.1500,14.1400,14.1900,14.2000,14.2100,14.2200,14.2300,15,218,304,296,206,45,490,288,1048,560
SZ,002329,2017-01-03 10:03:33,14.1900,3,42570.0000,30,B,14.1800,14.1700,14.1600,14.1500,14.1400,14.1900,14.2000,14.2100,14.2200,14.2300,21,218,303,296,206,15,490,288,1048,560
SZ,002329,2017-01-03 10:03:36,14.1800,2,28360.0000,20,S,14.1800,14.1700,14.1600,14.1500,14.1400,14.1900,14.2000,14.2100,14.2200,14.2300,1,218,303,296,206,15,490,288,1048,560
SZ,002329,2017-01-03 10:03:39,14.1800,1,1418.0000,1,S,14.1700,14.1600,14.1500,14.1400,14.1300,14.1800,14.1900,14.2000,14.2100,14.2200,218,403,296,206,246,1,15,490,288,1048
SZ,002329,2017-01-03 10:03:45,14.1800,1,1418.0000,1,B,14.1700,14.1600,14.1500,14.1400,14.1300,14.1800,14.1900,14.2000,14.2100,14.2200,218,403,296,206,246,5,15,490,288,1048
SZ,002329,2017-01-03 10:03:57,14.1700,1,5668.0000,4,S,14.1700,14.1600,14.1500,14.1400,14.1300,14.1800,14.1900,14.2000,14.2100,14.2200,214,403,175,206,241,9,72,485,333,1048
SZ,002329,2017-01-03 10:04:00,14.1800,1,2836.0000,2,B,14.1700,14.1600,14.1500,14.1400,14.1300,14.1800,14.1900,14.2000,14.2100,14.2200,214,403,176,206,241,7,92,485,333,1048
SZ,002329,2017-01-03 10:04:12,14.1800,1,2836.0000,2,B,14.1700,14.1600,14.1500,14.1400,14.1300,14.1800,14.1900,14.2000,14.2100,14.2200,214,403,176,206,241,11,99,269,333,1063
SZ,002329,2017-01-03 10:04:18,14.1800,1,1418.0000,1,B,14.1700,14.1600,14.1500,14.1400,14.1300,14.1800,14.1900,14.2000,14.2100,14.2200,199,403,176,206,241,50,79,269,333,1063
SZ,002329,2017-01-03 10:04:21,14.1800,8,62386.0000,44,B,14.1700,14.1600,14.1500,14.1400,14.1300,14.1800,14.1900,14.2000,14.2100,14.2200,203,403,176,206,241,12,79,269,333,1063
SZ,002329,2017-01-03 10:04:30,14.1800,2,22688.0000,16,B,14.1800,14.1700,14.1600,14.1500,14.1400,14.1900,14.2000,14.2100,14.2200,14.2300,24,203,422,176,206,89,269,333,1063,560
SZ,002329,2017-01-03 10:04:39,14.1800,1,4254.0000,3,S,14.1800,14.1700,14.1600,14.1500,14.1400,14.1900,14.2000,14.2100,14.2200,14.2300,37,203,422,196,206,89,269,333,1063,560
SZ,002329,2017-01-03 10:04:45,14.1800,1,22688.0000,16,S,14.1800,14.1700,14.1600,14.1500,14.1400,14.1900,14.2000,14.2100,14.2200,14.2300,40,203,422,196,206,89,269,333,1063,560
SZ,002329,2017-01-03 10:04:57,14.1800,1,2836.0000,2,S,14.1800,14.1700,14.1600,14.1500,14.1400,14.1900,14.2000,14.2100,14.2200,14.2300,64,203,422,196,206,99,269,333,1063,560
SZ,002329,2017-01-03 10:05:00,14.1800,4,42540.0000,30,S,14.1800,14.1700,14.1600,14.1500,14.1400,14.1900,14.2000,14.2100,14.2200,14.2300,49,203,422,196,206,99,269,288,1063,560
SZ,002329,2017-01-03 10:05:06,14.1800,4,26942.0000,19,S,14.1800,14.1700,14.1600,14.1500,14.1400,14.1900,14.2000,14.2100,14.2200,14.2300,30,203,422,196,206,99,269,288,1063,560
SZ,002329,2017-01-03 10:05:09,14.1800,1,7090.0000,5,S,14.1800,14.1700,14.1600,14.1500,14.1400,14.1900,14.2000,14.2100,14.2200,14.2300,25,193,422,196,206,99,269,288,1063,560
SZ,002329,2017-01-03 10:05:15,14.1800,1,1418.0000,1,S,14.1800,14.1700,14.1600,14.1500,14.1400,14.1900,14.2000,14.2100,14.2200,14.2300,24,193,422,196,206,99,269,288,1063,560
SZ,002329,2017-01-03 10:05:24,14.1900,1,7096.0000,5,B,14.1800,14.1700,14.1600,14.1500,14.1400,14.1900,14.2000,14.2100,14.2200,14.2300,34,197,422,196,206,95,269,288,1063,560
SZ,002329,2017-01-03 10:05:42,14.1900,1,7094.0000,5,B,14.1800,14.1700,14.1600,14.1500,14.1400,14.1900,14.2000,14.2100,14.2200,14.2300,34,227,422,196,206,99,247,288,1066,560
SZ,002329,2017-01-03 10:05:51,14.1900,3,12770.0000,9,B,14.1800,14.1700,14.1600,14.1500,14.1400,14.1900,14.2000,14.2100,14.2200,14.2300,34,227,422,196,206,87,247,288,1066,560
SZ,002329,2017-01-03 10:05:57,14.1900,3,43990.0000,31,B,14.1800,14.1700,14.1600,14.1500,14.1400,14.1900,14.2000,14.2100,14.2200,14.2300,37,227,422,198,207,36,247,288,1066,560
SZ,002329,2017-01-03 10:06:03,14.1800,8,70910.0000,50,S,14.1700,14.1600,14.1500,14.1400,14.1300,14.1800,14.1900,14.2000,14.2100,14.2200,227,422,203,207,359,15,26,250,288,1066
SZ,002329,2017-01-03 10:06:15,14.1800,1,1418.0000,1,B,14.1700,14.1600,14.1500,14.1400,14.1300,14.1800,14.1900,14.2000,14.2100,14.2200,231,422,202,207,359,15,26,244,288,1066
SZ,002329,2017-01-03 10:06:21,14.1800,1,8508.0000,6,B,14.1700,14.1600,14.1500,14.1400,14.1300,14.1800,14.1900,14.2000,14.2100,14.2200,231,422,202,207,354,9,115,244,288,1066
SZ,002329,2017-01-03 10:06:39,14.1700,10,283400.0000,200,S,14.1700,14.1600,14.1500,14.1400,14.1300,14.1800,14.1900,14.2000,14.2100,14.2200,31,422,202,207,354,122,76,240,288,1066
SZ,002329,2017-01-03 10:06:42,14.1700,3,43926.0000,31,S,14.1600,14.1500,14.1400,14.1300,14.1200,14.1700,14.1800,14.1900,14.2000,14.2100,422,202,207,354,705,8,132,77,240,288
SZ,002329,2017-01-03 10:06:45,14.1800,2,14172.0000,10,B,14.1600,14.1500,14.1400,14.1300,14.1200,14.1800,14.1900,14.2000,14.2100,14.2200,422,202,207,354,705,130,77,236,288,1066
SZ,002329,2017-01-03 10:06:48,14.1600,3,49560.0000,35,S,14.1600,14.1500,14.1400,14.1300,14.1200,14.1800,14.1900,14.2000,14.2100,14.2200,369,202,207,354,705,130,75,236,288,1066
SZ,002329,2017-01-03 10:07:00,14.1700,2,7090.0000,5,S,14.1700,14.1600,14.1500,14.1400,14.1300,14.1800,14.1900,14.2000,14.2100,14.2200,3,380,202,201,354,130,75,236,288,1051
SZ,002329,2017-01-03 10:07:06,14.1800,5,65228.0000,46,B,14.1700,14.1600,14.1500,14.1400,14.1300,14.1800,14.1900,14.2000,14.2100,14.2200,55,381,265,201,354,84,74,236,288,1051
SZ,002329,2017-01-03 10:07:09,14.1700,2,4254.0000,3,S,14.1700,14.1600,14.1500,14.1400,14.1300,14.1800,14.1900,14.2000,14.2100,14.2200,54,381,265,201,354,82,74,236,288,1051
SZ,002329,2017-01-03 10:07:18,14.1800,5,35436.0000,25,B,14.1700,14.1600,14.1500,14.1400,14.1300,14.1800,14.1900,14.2000,14.2100,14.2200,40,395,265,201,354,72,83,236,288,1051
SZ,002329,2017-01-03 10:07:27,14.1800,1,7088.0000,5,B,14.1700,14.1600,14.1500,14.1400,14.1300,14.1800,14.1900,14.2000,14.2100,14.2200,58,405,265,203,354,67,83,236,288,1051
SZ,002329,2017-01-03 10:07:30,14.1700,5,80770.0000,57,S,14.1700,14.1600,14.1500,14.1400,14.1300,14.1800,14.1900,14.2000,14.2100,14.2200,5,405,281,153,354,69,83,236,288,1051
SZ,002329,2017-01-03 10:07:33,14.1800,1,2836.0000,2,B,14.1700,14.1600,14.1500,14.1400,14.1300,14.1800,14.1900,14.2000,14.2100,14.2200,15,410,281,153,354,67,83,236,288,1051
SZ,002329,2017-01-03 10:07:36,14.1800,2,28360.0000,20,B,14.1700,14.1600,14.1500,14.1400,14.1300,14.1800,14.1900,14.2000,14.2100,14.2200,15,410,281,153,354,48,83,238,288,1051
SZ,002329,2017-01-03 10:07:39,14.1800,1,14180.0000,10,B,14.1700,14.1600,14.1500,14.1400,14.1300,14.1800,14.1900,14.2000,14.2100,14.2200,15,410,281,153,354,38,83,238,288,1051
SZ,002329,2017-01-03 10:07:45,14.1700,2,5668.0000,4,S,14.1700,14.1600,14.1500,14.1400,14.1300,14.1800,14.1900,14.2000,14.2100,14.2200,33,426,279,143,354,40,83,238,288,1051
SZ,002329,2017-01-03 10:07:51,14.1700,3,18422.0000,13,S,14.1700,14.1600,14.1500,14.1400,14.1300,14.1800,14.1900,14.2000,14.2100,14.2200,30,426,279,143,354,40,83,238,292,1051
SZ,002329,2017-01-03 10:07:54,14.1700,2,28340.0000,20,S,14.1700,14.1600,14.1500,14.1400,14.1300,14.1800,14.1900,14.2000,14.2100,14.2200,10,426,279,143,354,40,84,238,292,1051
SZ,002329,2017-01-03 10:08:03,14.1700,1,14168.0000,10,S,14.1700,14.1600,14.1500,14.1400,14.1300,14.1800,14.1900,14.2000,14.2100,14.2200,52,426,279,143,354,40,84,252,292,1051
SZ,002329,2017-01-03 10:08:06,14.1800,9,56720.0000,40,B,14.1800,14.1700,14.1600,14.1500,14.1400,14.1900,14.2000,14.2100,14.2200,14.2300,4,72,446,299,143,84,252,292,1051,60
SZ,002329,2017-01-03 10:08:09,14.1700,4,107696.0000,76,S,14.1600,14.1500,14.1400,14.1300,14.1200,14.1700,14.1900,14.2000,14.2100,14.2200,446,299,143,354,695,24,84,252,292,1051
SZ,002329,2017-01-03 10:08:12,14.1700,1,34008.0000,24,B,14.1800,14.1700,14.1600,14.1500,14.1400,14.1900,14.2000,14.2100,14.2200,14.2300,1,35,446,299,143,84,242,292,1051,60
SZ,002329,2017-01-03 10:08:18,14.1900,2,2840.0000,2,B,14.1800,14.1700,14.1600,14.1500,14.1400,14.1900,14.2000,14.2100,14.2200,14.2300,1,36,446,299,143,82,242,292,1051,60
SZ,002329,2017-01-03 10:08:30,14.1800,1,1416.0000,1,S,14.1700,14.1600,14.1500,14.1400,14.1300,14.1800,14.1900,14.2000,14.2100,14.2200,153,446,299,143,354,9,83,542,288,1051
SZ,002329,2017-01-03 10:08:42,14.1700,1,1418.0000,1,S,14.1700,14.1600,14.1500,14.1400,14.1300,14.1800,14.1900,14.2000,14.2100,14.2200,156,446,299,143,354,19,83,551,288,1048
SZ,002329,2017-01-03 10:08:45,14.1700,2,12754.0000,9,S,14.1700,14.1600,14.1500,14.1400,14.1300,14.1800,14.1900,14.2000,14.2100,14.2200,147,436,299,143,354,19,83,551,288,1048
SZ,002329,2017-01-03 10:08:54,14.1800,1,12760.0000,9,B,14.1700,14.1600,14.1500,14.1400,14.1300,14.1800,14.1900,14.2000,14.2100,14.2200,182,439,331,143,354,10,83,554,288,1048
SZ,002329,2017-01-03 10:08:57,14.1800,1,2836.0000,2,B,14.1700,14.1600,14.1500,14.1400,14.1300,14.1800,14.1900,14.2000,14.2100,14.2200,200,439,331,143,354,8,83,554,288,1088
SZ,002329,2017-01-03 10:09:00,14.1800,1,11344.0000,8,B,14.1800,14.1700,14.1600,14.1500,14.1400,14.1900,14.2000,14.2100,14.2200,14.2300,2,200,439,331,143,83,554,288,1088,60
SZ,002329,2017-01-03 10:09:12,14.1800,4,15604.0000,11,S,14.1800,14.1700,14.1600,14.1500,14.1400,14.1900,14.2000,14.2100,14.2200,14.2300,7,200,428,336,143,107,554,288,1088,60
SZ,002329,2017-01-03 10:09:15,14.1800,1,9924.0000,7,S,14.1700,14.1600,14.1500,14.1400,14.1300,14.1800,14.1900,14.2000,14.2100,14.2200,205,428,336,143,354,13,107,545,288,1088
SZ,002329,2017-01-03 10:09:18,14.1900,2,21272.0000,15,B,14.1800,14.1700,14.1600,14.1500,14.1400,14.1900,14.2000,14.2100,14.2200,14.2300,2,221,428,336,143,105,545,288,1088,60
SZ,002329,2017-01-03 10:09:21,14.1900,9,148996.0000,105,B,14.1900,14.1800,14.1700,14.1600,14.1500,14.2000,14.2100,14.2200,14.2300,14.2400,397,2,233,428,336,545,288,1088,60,304
SZ,002329,2017-01-03 10:09:24,14.1900,1,14190.0000,10,S,14.1900,14.1800,14.1700,14.1600,14.1500,14.2000,14.2100,14.2200,14.2300,14.2400,387,2,233,428,331,545,288,1088,60,304
SZ,002329,2017-01-03 10:09:39,14.1900,1,7094.0000,5,S,14.1900,14.1800,14.1700,14.1600,14.1500,14.2000,14.2100,14.2200,14.2300,14.2400,400,132,228,428,321,475,288,1108,60,304
SZ,002329,2017-01-03 10:09:45,14.1900,4,38336.0000,27,S,14.1900,14.1800,14.1700,14.1600,14.1500,14.2000,14.2100,14.2200,14.2300,14.2400,439,142,228,428,326,429,288,1108,60,304
SZ,002329,2017-01-03 10:09:48,14.2000,1,5680.0000,4,B,14.1900,14.1800,14.1700,14.1600,14.1500,14.2000,14.2100,14.2200,14.2300,14.2400,439,142,243,428,326,425,288,1108,60,304
SZ,002329,2017-01-03 10:09:57,14.1900,1,1420.0000,1,S,14.1900,14.1800,14.1700,14.1600,14.1500,14.2000,14.2100,14.2200,14.2300,14.2400,438,145,227,428,326,426,288,1108,60,304
SZ,002329,2017-01-03 10:10:03,14.2000,3,14200.0000,10,B,14.1900,14.1800,14.1700,14.1600,14.1500,14.2000,14.2100,14.2200,14.2300,14.2400,438,145,227,428,326,516,288,1088,60,304
SZ,002329,2017-01-03 10:10:06,14.2000,17,627640.0000,442,B,14.1900,14.1800,14.1700,14.1600,14.1500,14.2000,14.2100,14.2200,14.2300,14.2400,438,145,227,428,326,74,288,1088,60,304
SZ,002329,2017-01-03 10:10:12,14.2000,3,31240.0000,22,B,14.1900,14.1800,14.1700,14.1600,14.1500,14.2000,14.2100,14.2200,14.2300,14.2400,443,166,227,428,326,99,288,1088,60,304
SZ,002329,2017-01-03 10:10:15,14.2000,3,9938.0000,7,B,14.1900,14.1800,14.1700,14.1600,14.1500,14.2000,14.2100,14.2200,14.2300,14.2400,447,163,227,428,326,93,288,1088,60,304
SZ,002329,2017-01-03 10:10:18,14.2000,1,19880.0000,14,B,14.1900,14.1800,14.1700,14.1600,14.1500,14.2000,14.2100,14.2200,14.2300,14.2400,403,168,227,428,326,79,288,1088,60,304
SZ,002329,2017-01-03 10:10:24,14.2000,1,26980.0000,19,B,14.1900,14.1800,14.1700,14.1600,14.1500,14.2000,14.2100,14.2200,14.2300,14.2400,403,168,227,428,326,60,288,1088,60,304
SZ,002329,2017-01-03 10:10:27,14.2000,2,5680.0000,4,B,14.1900,14.1800,14.1700,14.1600,14.1500,14.2000,14.2100,14.2200,14.2300,14.2400,403,170,227,428,326,156,288,1088,60,304
SZ,002329,2017-01-03 10:10:36,14.2000,2,65320.0000,46,B,14.1900,14.1800,14.1700,14.1600,14.1500,14.2000,14.2100,14.2200,14.2300,14.2400,403,170,227,428,312,110,288,1044,60,304
SZ,002329,2017-01-03 10:10:45,14.2000,3,28400.0000,20,B,14.1900,14.1800,14.1700,14.1600,14.1500,14.2000,14.2100,14.2200,14.2300,14.2400,453,170,227,417,312,91,288,1044,50,304
SZ,002329,2017-01-03 10:10:51,14.2000,2,32660.0000,23,B,14.1900,14.1800,14.1700,14.1600,14.1500,14.2000,14.2100,14.2200,14.2300,14.2400,453,170,226,417,312,68,288,1044,50,304
SZ,002329,2017-01-03 10:10:57,14.2000,1,14200.0000,10,B,14.1900,14.1800,14.1700,14.1600,14.1500,14.2000,14.2100,14.2200,14.2300,14.2400,453,176,226,417,312,58,288,1044,50,304
SZ,002329,2017-01-03 10:11:00,14.2000,1,19880.0000,14,B,14.1900,14.1800,14.1700,14.1600,14.1500,14.2000,14.2100,14.2200,14.2300,14.2400,453,176,226,417,312,44,288,1044,50,304
SZ,002329,2017-01-03 10:11:03,14.2000,1,11360.0000,8,B,14.1900,14.1800,14.1700,14.1600,14.1500,14.2000,14.2100,14.2200,14.2300,14.2400,457,176,226,417,312,36,288,1044,50,304
SZ,002329,2017-01-03 10:11:09,14.2000,1,2840.0000,2,B,14.1900,14.1800,14.1700,14.1600,14.1500,14.2000,14.2100,14.2200,14.2300,14.2400,457,176,212,417,312,34,288,1044,50,304
SZ,002329,2017-01-03 10:11:12,14.2000,3,14200.0000,10,B,14.1900,14.1800,14.1700,14.1600,14.1500,14.2000,14.2100,14.2200,14.2300,14.2400,457,176,216,417,312,24,288,1044,50,304
SZ,002329,2017-01-03 10:11:21,14.2000,2,21300.0000,15,B,14.1900,14.1800,14.1700,14.1600,14.1500,14.2000,14.2100,14.2200,14.2300,14.2400,457,176,219,417,312,9,288,1044,50,304
SZ,002329,2017-01-03 10:11:24,14.2000,2,12780.0000,9,B,14.2000,14.1900,14.1800,14.1700,14.1600,14.2100,14.2200,14.2300,14.2400,14.2500,5,457,176,219,417,298,1044,50,304,310
SZ,002329,2017-01-03 10:11:27,14.2000,1,1420.0000,1,S,14.2000,14.1900,14.1800,14.1700,14.1600,14.2100,14.2200,14.2300,14.2400,14.2500,4,457,176,219,397,298,1044,50,304,310
SZ,002329,2017-01-03 10:11:39,14.2000,3,9942.0000,7,S,14.2000,14.1900,14.1800,14.1700,14.1600,14.2100,14.2200,14.2300,14.2400,14.2500,18,492,176,219,397,307,1044,50,348,310
SZ,002329,2017-01-03 10:11:48,14.2100,1,45472.0000,32,B,14.2000,14.1900,14.1800,14.1700,14.1600,14.2100,14.2200,14.2300,14.2400,14.2500,20,518,176,219,397,275,1044,50,348,310
SZ,002329,2017-01-03 10:12:00,14.2000,1,2840.0000,2,S,14.2000,14.1900,14.1800,14.1700,14.1600,14.2100,14.2200,14.2300,14.2400,14.2500,51,487,186,219,395,275,1044,50,349,293
SZ,002329,2017-01-03 10:12:06,14.2000,5,149184.0000,105,S,14.2000,14.1900,14.1800,14.1700,14.1600,14.2100,14.2200,14.2300,14.2400,14.2500,31,488,186,219,395,190,1044,50,349,288
SZ,002329,2017-01-03 10:12:09,14.2100,1,2844.0000,2,B,14.2000,14.1900,14.1800,14.1700,14.1600,14.2100,14.2200,14.2300,14.2400,14.2500,31,488,186,219,395,188,1044,50,349,288
SZ,002329,2017-01-03 10:12:12,14.2100,13,275886.0000,194,B,14.2100,14.2000,14.1900,14.1800,14.1700,14.2200,14.2300,14.2400,14.2500,14.2600,299,31,488,186,219,1044,50,349,288,94
SZ,002329,2017-01-03 10:12:18,14.2100,1,1422.0000,1,S,14.2100,14.2000,14.1900,14.1800,14.1700,14.2200,14.2300,14.2400,14.2500,14.2600,298,31,488,196,219,1044,50,349,288,94
SZ,002329,2017-01-03 10:12:21,14.2200,1,5688.0000,4,B,14.2100,14.2000,14.1900,14.1800,14.1700,14.2200,14.2300,14.2400,14.2500,14.2600,341,53,488,196,219,1040,50,349,288,94
SZ,002329,2017-01-03 10:12:24,14.2100,2,143520.0000,101,S,14.2100,14.2000,14.1900,14.1800,14.1700,14.2200,14.2300,14.2400,14.2500,14.2600,240,56,488,196,219,1040,50,349,288,94
SZ,002329,2017-01-03 10:12:30,14.2100,1,4264.0000,3,S,14.2100,14.2000,14.1900,14.1800,14.1700,14.2200,14.2300,14.2400,14.2500,14.2600,237,58,488,196,219,1040,50,109,288,94
SZ,002329,2017-01-03 10:12:39,14.2200,1,8532.0000,6,B,14.2100,14.2000,14.1900,14.1800,14.1700,14.2200,14.2300,14.2400,14.2500,14.2600,237,61,488,196,219,34,51,109,288,294
SZ,002329,2017-01-03 10:12:42,14.2200,1,5688.0000,4,B,14.2100,14.2000,14.1900,14.1800,14.1700,14.2200,14.2300,14.2400,14.2500,14.2600,247,61,488,196,219,30,51,109,288,294
SZ,002329,2017-01-03 10:12:48,14.2200,1,2844.0000,2,B,14.2100,14.2000,14.1900,14.1800,14.1700,14.2200,14.2300,14.2400,14.2500,14.2600,247,61,488,196,219,28,51,109,288,294
SZ,002329,2017-01-03 10:12:51,14.2200,3,39816.0000,28,B,14.2200,14.2100,14.2000,14.1900,14.1800,14.2300,14.2400,14.2500,14.2600,14.2700,5,247,61,488,196,51,109,288,294,33
SZ,002329,2017-01-03 10:12:54,14.2100,2,14214.0000,10,S,14.2100,14.2000,14.1900,14.1800,14.1700,14.2300,14.2400,14.2500,14.2600,14.2700,242,61,484,196,219,51,109,288,294,33
SZ,002329,2017-01-03 10:13:00,14.2300,1,42690.0000,30,B,14.2200,14.2100,14.2000,14.1900,14.1800,14.2300,14.2400,14.2500,14.2600,14.2700,500,242,85,484,197,22,109,288,294,33
SZ,002329,2017-01-03 10:13:03,14.2300,1,1424.0000,1,B,14.2200,14.2100,14.2000,14.1900,14.1800,14.2300,14.2400,14.2500,14.2600,14.2700,500,242,85,484,197,21,109,288,294,33
SZ,002329,2017-01-03 10:13:06,14.2300,6,31304.0000,22,B,14.2300,14.2200,14.2100,14.2000,14.1900,14.2400,14.2500,14.2600,14.2700,14.2800,1,499,242,71,484,109,288,294,33,292
SZ,002329,2017-01-03 10:13:15,14.2400,3,42720.0000,30,B,14.2300,14.2200,14.2100,14.2000,14.1900,14.2400,14.2500,14.2600,14.2700,14.2800,6,499,245,76,471,79,288,279,112,292
SZ,002329,2017-01-03 10:13:18,14.2300,5,51228.0000,36,S,14.2200,14.2100,14.2000,14.1900,14.1800,14.2300,14.2400,14.2500,14.2600,14.2700,499,245,76,471,197,14,79,288,279,112
SZ,002329,2017-01-03 10:13:30,14.2300,1,19922.0000,14,B,14.2300,14.2200,14.2100,14.2000,14.1900,14.2400,14.2500,14.2600,14.2700,14.2800,48,503,245,76,472,244,289,279,112,292
SZ,002329,2017-01-03 10:13:39,14.2300,4,31306.0000,22,S,14.2300,14.2200,14.2100,14.2000,14.1900,14.2400,14.2500,14.2600,14.2700,14.2800,49,516,245,71,472,254,294,279,112,282
SZ,002329,2017-01-03 10:13:42,14.2400,1,5696.0000,4,B,14.2300,14.2200,14.2100,14.2000,14.1900,14.2400,14.2500,14.2600,14.2700,14.2800,51,526,245,71,472,250,294,279,112,282
SZ,002329,2017-01-03 10:13:51,14.2300,1,8538.0000,6,S,14.2300,14.2200,14.2100,14.2000,14.1900,14.2400,14.2500,14.2600,14.2700,14.2800,45,526,245,86,472,269,294,279,112,282
SZ,002329,2017-01-03 10:13:54,14.2400,2,14236.0000,10,B,14.2300,14.2200,14.2100,14.2000,14.1900,14.2400,14.2500,14.2600,14.2700,14.2800,41,526,245,86,472,263,294,279,112,282
SZ,002329,2017-01-03 10:13:57,14.2300,7,51258.0000,36,S,14.2300,14.2200,14.2100,14.2000,14.1900,14.2400,14.2500,14.2600,14.2700,14.2800,36,526,245,86,472,232,294,279,112,282
SZ,002329,2017-01-03 10:14:00,14.2300,5,92496.0000,65,S,14.2300,14.2200,14.2100,14.2000,14.1900,14.2400,14.2500,14.2600,14.2700,14.2800,248,522,245,86,472,252,294,279,112,282
SZ,002329,2017-01-03 10:14:09,14.2400,1,2848.0000,2,B,14.2300,14.2200,14.2100,14.2000,14.1900,14.2400,14.2500,14.2600,14.2700,14.2800,248,522,245,86,472,150,294,279,112,282
SZ,002329,2017-01-03 10:14:24,14.2400,2,18512.0000,13,B,14.2300,14.2200,14.2100,14.2000,14.1900,14.2400,14.2500,14.2600,14.2700,14.2800,295,522,245,73,472,137,302,279,142,282
SZ,002329,2017-01-03 10:14:33,14.2400,1,4272.0000,3,B,14.2300,14.2200,14.2100,14.2000,14.1900,14.2400,14.2500,14.2600,14.2700,14.2800,295,522,245,73,472,147,302,79,63,282
SZ,002329,2017-01-03 10:14:42,14.2400,3,29904.0000,21,B,14.2300,14.2200,14.2100,14.2000,14.1900,14.2400,14.2500,14.2600,14.2700,14.2800,305,509,245,73,472,127,283,79,63,282
SZ,002329,2017-01-03 10:14:48,14.2400,2,24196.0000,17,B,14.2300,14.2200,14.2100,14.2000,14.1900,14.2400,14.2500,14.2600,14.2700,14.2800,292,509,245,83,472,140,283,79,63,282
SZ,002329,2017-01-03 10:14:54,14.2400,5,95408.0000,67,B,14.2300,14.2200,14.2100,14.2000,14.1900,14.2400,14.2500,14.2600,14.2700,14.2800,292,509,202,83,472,65,281,79,63,282
SZ,002329,2017-01-03 10:15:00,14.2400,4,38448.0000,27,B,14.2300,14.2200,14.2100,14.2000,14.1900,14.2400,14.2500,14.2600,14.2700,14.2800,292,529,202,83,472,26,281,79,63,282
SZ,002329,2017-01-03 10:15:03,14.2400,1,4272.0000,3,B,14.2300,14.2200,14.2100,14.2000,14.1900,14.2400,14.2500,14.2600,14.2700,14.2800,292,529,202,83,472,23,281,79,63,282
SZ,002329,2017-01-03 10:15:06,14.2400,6,32752.0000,23,B,14.2400,14.2300,14.2200,14.2100,14.2000,14.2500,14.2600,14.2700,14.2800,14.2900,27,292,529,202,83,281,79,63,282,219
SZ,002329,2017-01-03 10:15:12,14.2400,1,14240.0000,10,S,14.2400,14.2300,14.2200,14.2100,14.2000,14.2500,14.2600,14.2700,14.2800,14.2900,29,292,529,202,83,331,79,63,282,219
SZ,002329,2017-01-03 10:15:18,14.2300,5,45564.0000,32,S,14.2300,14.2200,14.2100,14.2000,14.1900,14.2400,14.2500,14.2600,14.2700,14.2800,309,529,202,83,472,20,331,79,63,282
SZ,002329,2017-01-03 10:15:24,14.2300,2,21344.0000,15,S,14.2300,14.2200,14.2100,14.2000,14.1900,14.2400,14.2500,14.2600,14.2700,14.2800,294,529,202,83,472,77,331,79,63,282
SZ,002329,2017-01-03 10:15:27,14.2300,1,5692.0000,4,S,14.2300,14.2200,14.2100,14.2000,14.1900,14.2400,14.2500,14.2600,14.2700,14.2800,290,529,199,83,472,84,331,79,63,282
SZ,002329,2017-01-03 10:15:33,14.2300,1,71152.0000,50,S,14.2300,14.2200,14.2100,14.2000,14.1900,14.2400,14.2500,14.2600,14.2700,14.2800,240,529,192,83,472,108,331,79,63,285
SZ,002329,2017-01-03 10:15:36,14.2400,5,76892.0000,54,B,14.2300,14.2200,14.2100,14.2000,14.1900,14.2400,14.2500,14.2600,14.2700,14.2800,236,529,192,83,472,82,522,79,63,285
SZ,002329,2017-01-03 10:15:39,14.2300,1,14228.0000,10,S,14.2300,14.2200,14.2100,14.2000,14.1900,14.2400,14.2500,14.2600,14.2700,14.2800,233,529,192,83,472,82,522,79,63,285
SZ,002329,2017-01-03 10:15:42,14.2400,1,7120.0000,5,B,14.2300,14.2200,14.2100,14.2000,14.1900,14.2400,14.2500,14.2600,14.2700,14.2800,233,529,192,83,472,141,522,79,63,285
SZ,002329,2017-01-03 10:15:45,14.2400,2,14240.0000,10,B,14.2300,14.2200,14.2100,14.2000,14.1900,14.2400,14.2500,14.2600,14.2700,14.2800,234,529,192,83,472,141,522,79,63,285
SZ,002329,2017-01-03 10:15:54,14.2400,1,1424.0000,1,B,14.2300,14.2200,14.2100,14.2000,14.1900,14.2400,14.2500,14.2600,14.2700,14.2800,254,529,192,83,488,214,522,79,63,285
SZ,002329,2017-01-03 10:16:00,14.2300,3,21352.0000,15,S,14.2300,14.2200,14.2100,14.2000,14.1900,14.2400,14.2500,14.2600,14.2700,14.2800,244,529,197,83,488,210,522,79,63,285
SZ,002329,2017-01-03 10:16:09,14.2400,3,14240.0000,10,B,14.2300,14.2200,14.2100,14.2000,14.1900,14.2400,14.2500,14.2600,14.2700,14.2800,244,509,197,83,488,260,522,79,83,285
SZ,002329,2017-01-03 10:16:18,14.2300,1,4268.0000,3,S,14.2300,14.2200,14.2100,14.2000,14.1900,14.2400,14.2500,14.2600,14.2700,14.2800,267,509,197,108,488,262,522,79,104,285
SZ,002329,2017-01-03 10:16:24,14.2300,1,7116.0000,5,S,14.2300,14.2200,14.2100,14.2000,14.1900,14.2400,14.2500,14.2600,14.2700,14.2800,262,509,197,108,488,270,522,84,104,285
SZ,002329,2017-01-03 10:16:27,14.2300,2,22768.0000,16,S,14.2300,14.2200,14.2100,14.2000,14.1900,14.2400,14.2500,14.2600,14.2700,14.2800,285,509,197,108,488,280,522,84,104,285
SZ,002329,2017-01-03 10:16:36,14.2300,1,1422.0000,1,S,14.2300,14.2200,14.2100,14.2000,14.1900,14.2400,14.2500,14.2600,14.2700,14.2800,284,509,197,239,488,280,522,84,104,285
SZ,002329,2017-01-03 10:16:42,14.2300,1,9962.0000,7,S,14.2300,14.2200,14.2100,14.2000,14.1900,14.2400,14.2500,14.2600,14.2700,14.2800,277,509,197,239,488,284,522,84,104,285
SZ,002329,2017-01-03 10:16:45,14.2300,1,56920.0000,40,S,14.2300,14.2200,14.2100,14.2000,14.1900,14.2400,14.2500,14.2600,14.2700,14.2800,237,509,197,239,488,284,522,84,104,285
SZ,002329,2017-01-03 10:16:48,14.2300,10,214872.0000,151,S,14.2300,14.2200,14.2100,14.2000,14.1900,14.2400,14.2500,14.2600,14.2700,14.2800,86,509,197,239,488,294,522,84,104,285
SZ,002329,2017-01-03 10:16:51,14.2300,3,42690.0000,30,S,14.2300,14.2200,14.2100,14.2000,14.1900,14.2400,14.2500,14.2600,14.2700,14.2800,56,509,197,239,488,294,1022,84,104,285
SZ,002329,2017-01-03 10:16:57,14.2300,3,28460.0000,20,S,14.2300,14.2200,14.2100,14.2000,14.1900,14.2400,14.2500,14.2600,14.2700,14.2800,36,509,197,239,488,284,1042,84,104,285
SZ,002329,2017-01-03 10:17:00,14.2300,1,51228.0000,36,S,14.2200,14.2100,14.2000,14.1900,14.1800,14.2300,14.2400,14.2500,14.2600,14.2700,509,197,239,472,157,14,284,1042,84,104
SZ,002329,2017-01-03 10:17:09,14.2200,1,14220.0000,10,S,14.2200,14.2100,14.2000,14.1900,14.1800,14.2300,14.2400,14.2500,14.2600,14.2700,502,197,239,472,157,24,300,1039,106,104
SZ,002329,2017-01-03 10:17:15,14.2300,1,2846.0000,2,B,14.2200,14.2100,14.2000,14.1900,14.1800,14.2300,14.2400,14.2500,14.2600,14.2700,504,192,255,472,157,47,300,1039,106,104
SZ,002329,2017-01-03 10:17:24,14.2200,1,4266.0000,3,S,14.2200,14.2100,14.2000,14.1900,14.1800,14.2300,14.2400,14.2500,14.2600,14.2700,511,192,255,472,155,141,296,851,106,104
SZ,002329,2017-01-03 10:17:30,14.2200,1,14220.0000,10,S,14.2200,14.2100,14.2000,14.1900,14.1800,14.2300,14.2400,14.2500,14.2600,14.2700,501,192,255,472,155,173,287,851,118,104
SZ,002329,2017-01-03 10:17:36,14.2200,3,44082.0000,31,S,14.2200,14.2100,14.2000,14.1900,14.1800,14.2300,14.2400,14.2500,14.2600,14.2700,460,192,250,472,155,175,287,851,121,104
SZ,002329,2017-01-03 10:17:39,14.2200,1,11376.0000,8,S,14.2200,14.2100,14.2000,14.1900,14.1800,14.2300,14.2400,14.2500,14.2600,14.2700,452,192,250,472,155,175,287,851,121,104
SZ,002329,2017-01-03 10:17:45,14.2300,2,21344.0000,15,B,14.2200,14.2100,14.2000,14.1900,14.1800,14.2300,14.2400,14.2500,14.2600,14.2700,462,192,250,472,155,170,277,851,1121,104
SZ,002329,2017-01-03 10:17:51,14.2200,1,24176.0000,17,S,14.2200,14.2100,14.2000,14.1900,14.1800,14.2300,14.2400,14.2500,14.2600,14.2700,445,192,250,472,155,358,277,851,1121,104
SZ,002329,2017-01-03 10:17:57,14.2200,1,5688.0000,4,S,14.2200,14.2100,14.2000,14.1900,14.1800,14.2300,14.2400,14.2500,14.2600,14.2700,441,192,250,472,170,358,277,851,1121,104
SZ,002329,2017-01-03 10:18:00,14.2200,1,28440.0000,20,S,14.2200,14.2100,14.2000,14.1900,14.1800,14.2300,14.2400,14.2500,14.2600,14.2700,421,192,250,472,170,379,242,851,1121,104
SZ,002329,2017-01-03 10:18:03,14.2200,1,7108.0000,5,S,14.2200,14.2100,14.2000,14.1900,14.1800,14.2300,14.2400,14.2500,14.2600,14.2700,416,192,250,472,170,411,221,851,1121,104
SZ,002329,2017-01-03 10:18:12,14.2200,1,14220.0000,10,S,14.2200,14.2100,14.2000,14.1900,14.1800,14.2300,14.2400,14.2500,14.2600,14.2700,407,192,248,472,175,411,221,874,1121,84
SZ,002329,2017-01-03 10:18:15,14.2200,1,1424.0000,1,S,14.2200,14.2100,14.2000,14.1900,14.1800,14.2300,14.2400,14.2500,14.2600,14.2700,406,192,248,472,175,416,195,884,1121,84
SZ,002329,2017-01-03 10:18:18,14.2200,1,28440.0000,20,S,14.2200,14.2100,14.2000,14.1900,14.1800,14.2300,14.2400,14.2500,14.2600,14.2700,386,192,226,472,175,416,195,884,1121,84
SZ,002329,2017-01-03 10:18:21,14.2200,2,55740.0000,39,S,14.2200,14.2100,14.2000,14.1900,14.1800,14.2300,14.2400,14.2500,14.2600,14.2700,346,193,226,472,175,416,195,884,1121,84
SZ,002329,2017-01-03 10:18:27,14.2200,2,46928.0000,33,S,14.2200,14.2100,14.2000,14.1900,14.1800,14.2300,14.2400,14.2500,14.2600,14.2700,343,193,226,472,175,392,195,884,1121,84
SZ,002329,2017-01-03 10:18:30,14.2200,3,89584.0000,63,S,14.2200,14.2100,14.2000,14.1900,14.1800,14.2300,14.2400,14.2500,14.2600,14.2700,280,193,256,472,175,392,195,884,1121,84
SZ,002329,2017-01-03 10:18:33,14.2300,3,86746.0000,61,B,14.2200,14.2100,14.2000,14.1900,14.1800,14.2300,14.2400,14.2500,14.2600,14.2700,223,193,256,472,175,389,195,884,1121,84
SZ,002329,2017-01-03 10:18:39,14.2200,1,14220.0000,10,S,14.2200,14.2100,14.2000,14.1900,14.1800,14.2300,14.2400,14.2500,14.2600,14.2700,213,193,256,472,175,393,195,884,1121,84
SZ,002329,2017-01-03 10:18:48,14.2200,2,42660.0000,30,S,14.2200,14.2100,14.2000,14.1900,14.1800,14.2300,14.2400,14.2500,14.2600,14.2700,183,193,257,472,175,393,182,884,1121,84
SZ,002329,2017-01-03 10:18:57,14.2300,4,28460.0000,20,B,14.2200,14.2100,14.2000,14.1900,14.1800,14.2300,14.2400,14.2500,14.2600,14.2700,183,193,257,472,175,374,182,884,1121,84
SZ,002329,2017-01-03 10:19:06,14.2200,1,69678.0000,49,S,14.2200,14.2100,14.2000,14.1900,14.1800,14.2300,14.2400,14.2500,14.2600,14.2700,153,193,257,472,205,372,176,884,1121,84
SZ,002329,2017-01-03 10:19:21,14.2200,1,14220.0000,10,S,14.2200,14.2100,14.2000,14.1900,14.1800,14.2300,14.2400,14.2500,14.2600,14.2700,162,193,260,472,205,340,176,884,1121,84
SZ,002329,2017-01-03 10:19:24,14.2200,1,5688.0000,4,S,14.2200,14.2100,14.2000,14.1900,14.1800,14.2300,14.2400,14.2500,14.2600,14.2700,158,193,310,472,205,340,176,884,1121,84
SZ,002329,2017-01-03 10:19:36,14.2300,3,49784.0000,35,B,14.2200,14.2100,14.2000,14.1900,14.1800,14.2300,14.2400,14.2500,14.2600,14.2700,139,193,310,472,205,325,181,384,1121,84
SZ,002329,2017-01-03 10:19:42,14.2300,5,142300.0000,100,B,14.2200,14.2100,14.2000,14.1900,14.1800,14.2300,14.2400,14.2500,14.2600,14.2700,140,193,310,472,210,226,181,384,1121,84
SZ,002329,2017-01-03 10:19:48,14.2300,2,19924.0000,14,B,14.2200,14.2100,14.2000,14.1900,14.1800,14.2300,14.2400,14.2500,14.2600,14.2700,139,193,310,472,210,223,181,384,1121,84
SZ,002329,2017-01-03 10:19:51,14.2300,1,1422.0000,1,B,14.2200,14.2100,14.2000,14.1900,14.1800,14.2300,14.2400,14.2500,14.2600,14.2700,139,193,310,472,210,252,181,384,1121,84
SZ,002329,2017-01-03 10:20:00,14.2300,3,9956.0000,7,B,14.2200,14.2100,14.2000,14.1900,14.1800,14.2300,14.2400,14.2500,14.2600,14.2700,134,193,310,472,210,250,181,384,1121,84
SZ,002329,2017-01-03 10:20:15,14.2200,1,41238.0000,29,S,14.2200,14.2100,14.2000,14.1900,14.1800,14.2300,14.2400,14.2500,14.2600,14.2700,113,193,310,472,210,250,170,389,1121,84
SZ,002329,2017-01-03 10:20:21,14.2300,1,44112.0000,31,B,14.2200,14.2100,14.2000,14.1900,14.1800,14.2300,14.2400,14.2500,14.2600,14.2700,123,193,310,472,210,219,170,389,1121,84
SZ,002329,2017-01-03 10:20:24,14.2300,1,19924.0000,14,B,14.2200,14.2100,14.2000,14.1900,14.1800,14.2300,14.2400,14.2500,14.2600,14.2700,123,193,310,472,210,205,170,389,1121,84
SZ,002329,2017-01-03 10:20:27,14.2200,1,1420.0000,1,S,14.2200,14.2100,14.2000,14.1900,14.1800,14.2300,14.2400,14.2500,14.2600,14.2700,122,193,310,472,210,205,214,389,1121,84
SZ,002329,2017-01-03 10:20:30,14.2300,2,4270.0000,3,B,14.2200,14.2100,14.2000,14.1900,14.1800,14.2300,14.2400,14.2500,14.2600,14.2700,152,193,310,472,210,202,214,389,1121,84
SZ,002329,2017-01-03 10:20:36,14.2300,2,39844.0000,28,B,14.2200,14.2100,14.2000,14.1900,14.1800,14.2300,14.2400,14.2500,14.2600,14.2700,152,193,310,472,210,175,214,389,1121,84
SZ,002329,2017-01-03 10:20:45,14.2200,8,81068.0000,57,S,14.2200,14.2100,14.2000,14.1900,14.1800,14.2300,14.2400,14.2500,14.2600,14.2700,109,193,310,482,210,175,214,389,1121,84
SZ,002329,2017-01-03 10:20:48,14.2300,1,19922.0000,14,B,14.2200,14.2100,14.2000,14.1900,14.1800,14.2300,14.2400,14.2500,14.2600,14.2700,109,193,310,482,210,161,214,339,1121,84
SZ,002329,2017-01-03 10:20:54,14.2300,1,7116.0000,5,B,14.2200,14.2100,14.2000,14.1900,14.1800,14.2300,14.2400,14.2500,14.2600,14.2700,79,193,310,482,205,156,172,349,1121,84
SZ,002329,2017-01-03 10:21:09,14.2200,2,14220.0000,10,S,14.2200,14.2100,14.2000,14.1900,14.1800,14.2300,14.2400,14.2500,14.2600,14.2700,59,193,310,482,205,157,172,334,1121,84
SZ,002329,2017-01-03 10:21:21,14.2300,2,24190.0000,17,B,14.2200,14.2100,14.2000,14.1900,14.1800,14.2300,14.2400,14.2500,14.2600,14.2700,62,193,310,482,205,140,172,334,1123,84
SZ,002329,2017-01-03 10:21:33,14.2200,3,21330.0000,15,S,14.2200,14.2100,14.2000,14.1900,14.1800,14.2300,14.2400,14.2500,14.2600,14.2700,47,193,310,482,205,141,172,334,1123,84
