市场代码,证券代码,时间,最新价,成交笔数,成交额,成交量,方向,买一价,买二价,买三价,买四价,买五价,卖一价,卖二价,卖三价,卖四价,卖五价,买一量,买二量,买三量,买四量,买五量,卖一量,卖二量,卖三量,卖四量,卖五量
SZ,002388,2017-01-03 09:25:03,10.6900,3,29932.0000,28,B,10.6300,10.5200,10.5000,10.4700,10.4000,10.6900,10.7000,10.7400,10.7600,10.7700,2,5,88,1,12,50,200,11,2,10
SZ,002388,2017-01-03 09:30:06,10.5600,3,7522.0000,7,S,10.5600,10.5300,10.5200,10.5100,10.5000,10.6600,10.6800,10.6900,10.7400,10.7600,12,160,45,111,118,75,292,154,11,2
SZ,002388,2017-01-03 09:30:09,10.6300,1,1063.0000,1,B,10.6400,10.6300,10.5600,10.5300,10.5200,10.6600,10.6800,10.6900,10.7400,10.7600,5,24,12,170,55,75,292,184,11,2
SZ,002388,2017-01-03 09:30:15,10.6400,4,4256.0000,4,S,10.6400,10.6300,10.5700,10.5600,10.5300,10.6600,10.6800,10.6900,10.7400,10.7600,1,24,233,12,170,75,292,184,11,2
SZ,002388,2017-01-03 09:30:21,10.6300,3,26576.0000,25,S,10.5700,10.5600,10.5300,10.5200,10.5100,10.6300,10.6600,10.6800,10.6900,10.7400,233,12,170,55,111,53,75,274,184,11
SZ,002388,2017-01-03 09:30:30,10.6300,1,30827.0000,29,B,10.5700,10.5600,10.5300,10.5200,10.5100,10.6300,10.6600,10.6800,10.6900,10.7400,233,12,170,55,111,24,75,274,184,11
SZ,002388,2017-01-03 09:30:33,10.6300,1,23386.0000,22,B,10.5700,10.5600,10.5300,10.5200,10.5100,10.6300,10.6600,10.6800,10.6900,10.7400,233,12,170,55,111,2,75,274,184,11
SZ,002388,2017-01-03 09:30:36,10.6300,1,2126.0000,2,B,10.6300,10.5700,10.5600,10.5300,10.5200,10.6600,10.6800,10.6900,10.7400,10.7600,1,233,12,170,55,75,274,184,11,2
SZ,002388,2017-01-03 09:30:39,10.5700,3,5418.0000,5,S,10.5700,10.5600,10.5300,10.5200,10.5100,10.6600,10.6800,10.6900,10.7400,10.7600,234,12,170,55,111,75,274,184,11,2
SZ,002388,2017-01-03 09:30:54,10.6600,1,30914.0000,29,B,10.6000,10.5700,10.5600,10.5500,10.5300,10.6600,10.6800,10.6900,10.7400,10.7600,5,234,12,5,170,46,236,184,41,2
SZ,002388,2017-01-03 09:31:03,10.6600,2,6396.0000,6,B,10.6000,10.5800,10.5700,10.5600,10.5300,10.6600,10.6800,10.6900,10.7400,10.7600,5,5,234,12,170,50,236,134,41,2
SZ,002388,2017-01-03 09:31:06,10.6600,1,3198.0000,3,B,10.6000,10.5800,10.5700,10.5600,10.5300,10.6600,10.6800,10.6900,10.7400,10.7600,5,5,234,12,190,47,236,134,41,2
SZ,002388,2017-01-03 09:31:15,10.6600,2,50102.0000,47,B,10.6600,10.6200,10.6000,10.5800,10.5700,10.6800,10.6900,10.7400,10.7600,10.7700,103,10,8,5,284,236,134,41,2,109
SZ,002388,2017-01-03 09:31:33,10.6800,1,20292.0000,19,B,10.6600,10.6200,10.6000,10.5800,10.5700,10.6800,10.6900,10.7400,10.7600,10.7700,122,15,13,285,56,207,94,41,2,109
SZ,002388,2017-01-03 09:31:42,10.6800,1,10680.0000,10,B,10.6600,10.6200,10.6000,10.5800,10.5700,10.6800,10.6900,10.7400,10.7600,10.7700,124,10,13,285,56,145,92,41,2,109
SZ,002388,2017-01-03 09:31:51,10.6800,3,42720.0000,40,B,10.6600,10.6200,10.6000,10.5900,10.5800,10.6800,10.6900,10.7400,10.7600,10.7700,105,10,13,10,285,34,92,41,2,109
SZ,002388,2017-01-03 09:31:54,10.6800,2,18156.0000,17,B,10.6600,10.6200,10.6000,10.5900,10.5800,10.6800,10.6900,10.7400,10.7600,10.7700,103,10,13,10,285,17,92,41,2,109
SZ,002388,2017-01-03 09:31:57,10.6800,2,18156.0000,17,B,10.6800,10.6600,10.6200,10.6000,10.5900,10.6900,10.7400,10.7600,10.7700,10.7800,2,103,10,13,10,84,41,2,109,5
SZ,002388,2017-01-03 09:32:03,10.6600,2,10664.0000,10,S,10.6600,10.6200,10.6000,10.5900,10.5800,10.6900,10.7400,10.7600,10.7700,10.7800,95,10,13,10,285,84,41,2,109,5
SZ,002388,2017-01-03 09:32:15,10.6600,2,84218.0000,79,S,10.6600,10.6200,10.6000,10.5900,10.5800,10.6900,10.7400,10.7600,10.7700,10.7800,18,10,13,10,285,54,41,41,109,5
SZ,002388,2017-01-03 09:32:27,10.6600,1,5330.0000,5,S,10.6600,10.6200,10.6000,10.5900,10.5800,10.6800,10.6900,10.7400,10.7600,10.7700,13,10,13,10,285,50,54,41,46,109
SZ,002388,2017-01-03 09:32:33,10.6600,1,1066.0000,1,S,10.6600,10.6200,10.6000,10.5900,10.5800,10.6800,10.6900,10.7400,10.7500,10.7600,12,10,13,43,285,50,54,41,11,46
SZ,002388,2017-01-03 09:32:36,10.6600,2,14924.0000,14,S,10.6200,10.6000,10.5900,10.5800,10.5700,10.6500,10.6800,10.6900,10.7400,10.7500,10,13,43,285,56,16,50,54,41,11
SZ,002388,2017-01-03 09:33:12,10.6200,1,10620.0000,10,S,10.6000,10.5900,10.5800,10.5700,10.5600,10.6200,10.6600,10.6800,10.6900,10.7400,28,43,285,61,29,33,6,60,146,41
SZ,002388,2017-01-03 09:33:18,10.6200,5,5310.0000,5,B,10.6000,10.5900,10.5800,10.5700,10.5600,10.6200,10.6600,10.6700,10.6800,10.6900,28,43,285,61,29,28,6,10,70,146
SZ,002388,2017-01-03 09:33:21,10.6200,3,15930.0000,15,B,10.6000,10.5900,10.5800,10.5700,10.5600,10.6200,10.6600,10.6700,10.6800,10.6900,28,43,285,61,29,13,6,10,70,146
SZ,002388,2017-01-03 09:33:24,10.6600,2,19136.0000,18,B,10.6200,10.6000,10.5900,10.5800,10.5700,10.6600,10.6700,10.6800,10.6900,10.7400,1,28,43,285,61,1,10,70,146,41
SZ,002388,2017-01-03 09:33:27,10.6200,2,2124.0000,2,S,10.6200,10.6000,10.5900,10.5800,10.5700,10.6600,10.6700,10.6800,10.6900,10.7400,2,28,43,285,61,1,10,70,146,41
SZ,002388,2017-01-03 09:33:54,10.6200,1,5310.0000,5,S,10.6100,10.6000,10.5900,10.5800,10.5700,10.6200,10.6600,10.6700,10.6800,10.6900,85,33,43,285,63,11,45,40,10,146
SZ,002388,2017-01-03 09:34:00,10.6200,7,11682.0000,11,B,10.6300,10.6200,10.6100,10.6000,10.5900,10.6600,10.6700,10.6800,10.6900,10.7400,1,3,85,33,43,45,40,10,146,41
SZ,002388,2017-01-03 09:34:39,10.6600,3,21320.0000,20,B,10.6200,10.6100,10.6000,10.5900,10.5800,10.6600,10.6700,10.6800,10.6900,10.7400,34,85,43,46,285,25,40,10,146,41
SZ,002388,2017-01-03 09:34:42,10.6600,1,13858.0000,13,B,10.6200,10.6100,10.6000,10.5900,10.5800,10.6600,10.6700,10.6800,10.6900,10.7400,34,85,43,46,285,12,40,10,146,41
SZ,002388,2017-01-03 09:35:12,10.6600,1,10660.0000,10,B,10.6200,10.6100,10.6000,10.5900,10.5800,10.6600,10.6700,10.6900,10.7400,10.7500,34,95,38,61,275,19,30,146,41,11
SZ,002388,2017-01-03 09:35:21,10.6200,1,1062.0000,1,S,10.6200,10.6100,10.6000,10.5900,10.5800,10.6600,10.6700,10.6900,10.7400,10.7500,33,95,38,61,275,19,30,146,41,21
SZ,002388,2017-01-03 09:35:54,10.6200,2,10620.0000,10,S,10.6200,10.6100,10.6000,10.5900,10.5800,10.6600,10.6700,10.6900,10.7400,10.7500,108,10,99,61,275,21,30,146,41,21
SZ,002388,2017-01-03 09:35:57,10.6200,1,19116.0000,18,S,10.6200,10.6100,10.6000,10.5900,10.5800,10.6600,10.6700,10.6900,10.7400,10.7500,90,10,99,61,275,21,30,146,41,21
SZ,002388,2017-01-03 09:36:00,10.6600,2,13858.0000,13,B,10.6200,10.6100,10.6000,10.5900,10.5800,10.6600,10.6700,10.6900,10.7400,10.7500,90,10,99,61,275,8,30,146,41,21
SZ,002388,2017-01-03 09:36:33,10.6600,4,8528.0000,8,B,10.6600,10.6300,10.6200,10.6100,10.6000,10.6700,10.6900,10.7400,10.7500,10.7600,12,10,102,10,113,30,156,41,21,105
SZ,002388,2017-01-03 09:36:39,10.6600,1,5330.0000,5,S,10.6600,10.6300,10.6200,10.6100,10.6000,10.6700,10.6900,10.7400,10.7500,10.7600,7,10,102,10,113,30,176,41,21,105
SZ,002388,2017-01-03 09:36:45,10.6700,2,3199.0000,3,B,10.6600,10.6300,10.6200,10.6100,10.6000,10.6700,10.6900,10.7400,10.7500,10.7600,5,39,102,10,113,29,176,41,21,105
SZ,002388,2017-01-03 09:37:03,10.6700,1,13871.0000,13,B,10.6600,10.6300,10.6200,10.6100,10.6000,10.6700,10.6900,10.7400,10.7500,10.7600,5,39,102,10,113,18,176,41,21,54
SZ,002388,2017-01-03 09:37:06,10.6900,6,70518.0000,66,B,10.6600,10.6300,10.6200,10.6100,10.6000,10.6900,10.7400,10.7500,10.7600,10.7700,5,39,102,10,113,128,41,21,54,109
SZ,002388,2017-01-03 09:37:18,10.6900,2,90855.0000,85,B,10.6600,10.6300,10.6200,10.6100,10.6000,10.6900,10.7400,10.7500,10.7600,10.7700,5,39,17,10,113,53,41,21,55,109
SZ,002388,2017-01-03 09:37:42,10.6600,1,5330.0000,5,S,10.6300,10.6200,10.6100,10.6000,10.5900,10.6600,10.6800,10.6900,10.7400,10.7500,39,17,10,123,62,65,5,69,41,22
SZ,002388,2017-01-03 09:37:48,10.6800,3,70358.0000,66,B,10.6300,10.6200,10.6100,10.6000,10.5900,10.6800,10.6900,10.7300,10.7400,10.7500,10,17,10,123,62,4,69,20,11,22
SZ,002388,2017-01-03 09:37:54,10.6300,4,30931.0000,29,S,10.6200,10.6100,10.6000,10.5900,10.5800,10.6300,10.6900,10.7300,10.7400,10.7500,17,20,123,62,275,27,56,20,11,22
SZ,002388,2017-01-03 09:37:57,10.6300,1,21260.0000,20,B,10.6200,10.6100,10.6000,10.5900,10.5800,10.6300,10.6900,10.7300,10.7400,10.7500,17,20,123,62,275,7,56,20,11,22
SZ,002388,2017-01-03 09:38:00,10.6300,5,5315.0000,5,B,10.6800,10.6300,10.6200,10.6100,10.6000,10.6900,10.7300,10.7400,10.7500,10.7600,19,1,17,25,123,79,20,11,22,55
SZ,002388,2017-01-03 09:38:03,10.6800,1,2136.0000,2,S,10.6800,10.6400,10.6300,10.6200,10.6100,10.6900,10.7300,10.7400,10.7500,10.7600,17,2,8,17,35,79,20,11,22,55
SZ,002388,2017-01-03 09:38:06,10.6900,4,39543.0000,37,B,10.6800,10.6300,10.6200,10.6100,10.6000,10.6900,10.7300,10.7400,10.7500,10.7600,7,6,17,35,123,52,20,11,22,55
SZ,002388,2017-01-03 09:38:24,10.6800,1,7476.0000,7,S,10.6300,10.6200,10.6100,10.6000,10.5900,10.6800,10.6900,10.7300,10.7400,10.7500,16,17,35,123,57,3,70,30,18,22
SZ,002388,2017-01-03 09:38:33,10.6800,2,6408.0000,6,B,10.6300,10.6200,10.6100,10.6000,10.5900,10.6800,10.6900,10.7300,10.7400,10.7500,21,17,35,123,57,7,64,30,18,22
SZ,002388,2017-01-03 09:38:36,10.6800,1,7476.0000,7,B,10.6800,10.6400,10.6300,10.6200,10.6100,10.6900,10.7300,10.7400,10.7500,10.7600,6,10,21,17,35,64,30,18,22,60
SZ,002388,2017-01-03 09:38:42,10.6900,4,44898.0000,42,B,10.6800,10.6400,10.6300,10.6200,10.6100,10.6900,10.7300,10.7400,10.7500,10.7600,6,10,36,17,85,22,30,18,22,60
SZ,002388,2017-01-03 09:38:51,10.6500,3,17096.0000,16,S,10.6500,10.6400,10.6300,10.6200,10.6100,10.6900,10.7100,10.7300,10.7400,10.7500,3,10,26,17,85,8,10,30,28,40
SZ,002388,2017-01-03 09:39:00,10.6900,1,6414.0000,6,B,10.6500,10.6400,10.6300,10.6200,10.6100,10.6900,10.7100,10.7300,10.7400,10.7500,13,10,26,17,139,22,10,30,28,40
SZ,002388,2017-01-03 09:39:09,10.6900,2,6414.0000,6,B,10.6500,10.6400,10.6300,10.6200,10.6100,10.6900,10.7000,10.7100,10.7200,10.7300,13,10,26,17,139,17,3,10,5,30
SZ,002388,2017-01-03 09:39:36,10.6900,3,21380.0000,20,B,10.6600,10.6500,10.6400,10.6300,10.6200,10.6900,10.7000,10.7100,10.7200,10.7300,7,17,10,26,17,97,13,10,5,30
SZ,002388,2017-01-03 09:39:54,10.6900,1,5345.0000,5,B,10.6600,10.6500,10.6400,10.6300,10.6200,10.6900,10.7000,10.7100,10.7200,10.7300,7,17,10,26,17,96,13,10,5,30
SZ,002388,2017-01-03 09:39:57,10.6900,2,102624.0000,96,B,10.6900,10.6600,10.6500,10.6400,10.6300,10.7000,10.7100,10.7200,10.7300,10.7400,25,7,17,10,26,13,10,5,30,28
SZ,002388,2017-01-03 09:40:03,10.6900,2,5345.0000,5,S,10.6900,10.6600,10.6500,10.6400,10.6300,10.7000,10.7100,10.7200,10.7300,10.7400,35,7,17,10,26,13,10,5,30,28
SZ,002388,2017-01-03 09:40:06,10.6900,3,5345.0000,5,S,10.6900,10.6600,10.6500,10.6400,10.6300,10.7000,10.7100,10.7200,10.7300,10.7400,45,7,17,10,26,13,10,5,30,28
SZ,002388,2017-01-03 09:40:15,10.6900,1,1069.0000,1,S,10.6900,10.6600,10.6500,10.6400,10.6300,10.7000,10.7100,10.7200,10.7300,10.7400,35,7,7,10,26,13,10,5,30,28
SZ,002388,2017-01-03 09:40:21,10.6900,1,1069.0000,1,S,10.6900,10.6600,10.6500,10.6400,10.6300,10.7000,10.7100,10.7200,10.7300,10.7400,34,7,9,10,26,13,10,5,30,28
SZ,002388,2017-01-03 09:40:27,10.7000,4,14980.0000,14,B,10.6900,10.6600,10.6500,10.6400,10.6300,10.7100,10.7200,10.7300,10.7400,10.7500,34,7,9,10,26,10,5,30,28,47
SZ,002388,2017-01-03 09:40:45,10.7100,1,3213.0000,3,B,10.7000,10.6900,10.6600,10.6500,10.6400,10.7100,10.7200,10.7300,10.7400,10.7500,21,34,7,9,10,7,5,30,28,47
SZ,002388,2017-01-03 09:40:48,10.7100,2,3212.0000,3,B,10.7000,10.6900,10.6600,10.6500,10.6400,10.7100,10.7200,10.7300,10.7400,10.7500,20,34,7,9,10,5,5,30,28,47
SZ,002388,2017-01-03 09:40:51,10.7200,2,10715.0000,10,B,10.7200,10.7100,10.7000,10.6900,10.6600,10.7300,10.7400,10.7500,10.7600,10.7700,9,45,20,34,7,30,28,47,60,109
SZ,002388,2017-01-03 09:41:06,10.7100,4,57843.0000,54,S,10.7000,10.6900,10.6600,10.6500,10.6400,10.7300,10.7400,10.7500,10.7600,10.7700,20,17,7,9,10,30,28,37,60,109
SZ,002388,2017-01-03 09:41:21,10.7200,1,9744.0000,9,B,10.7200,10.7000,10.6900,10.6600,10.6500,10.7300,10.7400,10.7500,10.7600,10.7700,3,20,13,7,9,35,28,37,60,109
SZ,002388,2017-01-03 09:41:24,10.7000,2,4288.0000,4,S,10.7000,10.6900,10.6700,10.6600,10.6500,10.7300,10.7400,10.7500,10.7600,10.7700,19,13,10,7,9,35,28,37,63,109
SZ,002388,2017-01-03 09:41:33,10.7200,2,2144.0000,2,S,10.7000,10.6900,10.6700,10.6600,10.6500,10.7200,10.7300,10.7400,10.7500,10.7600,19,13,10,7,9,5,36,28,37,63
SZ,002388,2017-01-03 09:41:42,10.7000,1,3210.0000,3,S,10.7000,10.6900,10.6700,10.6600,10.6500,10.7200,10.7300,10.7400,10.7500,10.7600,16,13,10,7,9,6,35,28,37,63
SZ,002388,2017-01-03 09:41:57,10.7200,2,6432.0000,6,B,10.7000,10.6900,10.6700,10.6600,10.6500,10.7200,10.7300,10.7400,10.7500,10.7600,44,13,10,7,9,79,35,29,37,63
SZ,002388,2017-01-03 09:42:03,10.7000,5,48054.0000,45,S,10.6900,10.6700,10.6600,10.6500,10.6400,10.7000,10.7200,10.7300,10.7400,10.7500,13,10,7,9,10,5,80,35,29,39
SZ,002388,2017-01-03 09:42:06,10.7200,3,25814.0000,24,B,10.7000,10.6900,10.6700,10.6600,10.6500,10.7200,10.7300,10.7400,10.7500,10.7600,22,13,10,7,9,61,35,29,77,63
SZ,002388,2017-01-03 09:42:09,10.7200,3,33232.0000,31,B,10.7000,10.6900,10.6700,10.6600,10.6500,10.7200,10.7300,10.7400,10.7500,10.7600,22,13,10,7,9,30,35,29,82,63
SZ,002388,2017-01-03 09:42:18,10.7200,5,54673.0000,51,B,10.7100,10.7000,10.6900,10.6700,10.6600,10.7300,10.7400,10.7500,10.7600,10.7700,10,32,13,10,12,34,83,87,63,109
SZ,002388,2017-01-03 09:42:27,10.7300,2,30044.0000,28,B,10.7200,10.7100,10.7000,10.6900,10.6700,10.7300,10.7400,10.7500,10.7600,10.7700,6,10,32,13,10,6,83,87,63,109
SZ,002388,2017-01-03 09:42:36,10.7300,3,7511.0000,7,B,10.7300,10.7200,10.7100,10.7000,10.6900,10.7400,10.7500,10.7600,10.7700,10.7800,10,25,10,32,13,83,87,63,109,21
SZ,002388,2017-01-03 09:42:39,10.7300,1,10730.0000,10,S,10.7200,10.7100,10.7000,10.6900,10.6700,10.7400,10.7500,10.7600,10.7700,10.7800,25,10,10,13,10,83,87,63,109,21
SZ,002388,2017-01-03 09:42:45,10.7400,3,30062.0000,28,B,10.7300,10.7200,10.7000,10.6900,10.6700,10.7400,10.7500,10.7600,10.7700,10.7800,3,25,10,13,10,65,87,63,109,21
SZ,002388,2017-01-03 09:42:51,10.7300,1,2146.0000,2,S,10.7300,10.7200,10.7000,10.6900,10.6700,10.7400,10.7500,10.7600,10.7700,10.7800,1,25,10,13,20,65,87,63,109,21
SZ,002388,2017-01-03 09:42:57,10.7400,4,34368.0000,32,B,10.7200,10.7000,10.6900,10.6700,10.6600,10.7400,10.7500,10.7600,10.7700,10.7800,19,10,18,20,12,33,77,63,109,21
SZ,002388,2017-01-03 09:43:00,10.7400,1,3222.0000,3,B,10.7200,10.7000,10.6900,10.6700,10.6600,10.7400,10.7500,10.7600,10.7700,10.7800,19,10,18,20,12,33,77,63,109,21
SZ,002388,2017-01-03 09:43:09,10.7300,2,19314.0000,18,B,10.7200,10.7000,10.6900,10.6700,10.6600,10.7300,10.7400,10.7500,10.7600,10.7700,22,10,5,20,12,2,33,77,104,109
SZ,002388,2017-01-03 09:43:12,10.7300,1,2146.0000,2,B,10.7300,10.7200,10.7000,10.6900,10.6700,10.7400,10.7500,10.7600,10.7700,10.7800,8,22,10,5,20,33,77,104,109,5
SZ,002388,2017-01-03 09:43:21,10.7400,2,35442.0000,33,B,10.7300,10.7200,10.7000,10.6900,10.6700,10.7500,10.7600,10.7700,10.7800,10.7900,23,22,10,5,20,77,104,109,5,44
SZ,002388,2017-01-03 09:43:36,10.7300,4,34346.0000,32,S,10.7300,10.7200,10.6900,10.6700,10.6600,10.7400,10.7500,10.7600,10.7700,10.7800,1,23,5,20,12,4,77,104,109,5
SZ,002388,2017-01-03 09:43:39,10.7400,3,16110.0000,15,B,10.7300,10.7200,10.6900,10.6700,10.6600,10.7400,10.7500,10.7600,10.7700,10.7800,1,23,5,20,12,49,77,104,109,107
SZ,002388,2017-01-03 09:43:42,10.7400,1,10740.0000,10,B,10.7300,10.7200,10.6900,10.6700,10.6600,10.7400,10.7500,10.7600,10.7700,10.7800,1,23,5,20,12,39,87,104,109,107
SZ,002388,2017-01-03 09:43:48,10.7300,3,31145.0000,29,S,10.7200,10.6900,10.6700,10.6600,10.6500,10.7300,10.7400,10.7500,10.7600,10.7700,23,5,40,12,9,9,13,100,104,109
SZ,002388,2017-01-03 09:43:57,10.7300,1,3219.0000,3,B,10.7200,10.6900,10.6700,10.6600,10.6500,10.7300,10.7400,10.7500,10.7600,10.7700,20,5,40,12,9,8,21,110,96,109
SZ,002388,2017-01-03 09:44:00,10.7400,3,10732.0000,10,B,10.7200,10.6900,10.6700,10.6600,10.6500,10.7400,10.7500,10.7600,10.7700,10.7800,20,5,40,12,9,53,110,96,109,107
SZ,002388,2017-01-03 09:44:09,10.7400,3,24680.0000,23,B,10.7300,10.7200,10.6900,10.6700,10.6600,10.7400,10.7500,10.7600,10.7700,10.7800,8,20,5,40,12,102,110,62,109,107
SZ,002388,2017-01-03 09:44:24,10.7300,2,8584.0000,8,S,10.7200,10.6900,10.6700,10.6600,10.6500,10.7300,10.7400,10.7500,10.7600,10.7700,20,5,40,5,9,92,106,110,62,109
SZ,002388,2017-01-03 09:44:27,10.7300,1,10730.0000,10,B,10.7200,10.6900,10.6700,10.6600,10.6500,10.7300,10.7400,10.7500,10.7600,10.7700,20,5,40,5,9,92,106,110,62,109
SZ,002388,2017-01-03 09:44:36,10.7200,3,10720.0000,10,S,10.7200,10.6900,10.6700,10.6600,10.6500,10.7300,10.7400,10.7500,10.7600,10.7700,10,5,40,5,9,92,106,105,62,109
SZ,002388,2017-01-03 09:44:39,10.7200,2,10720.0000,10,S,10.6900,10.6700,10.6600,10.6500,10.6400,10.7200,10.7300,10.7400,10.7500,10.7600,5,40,5,9,10,5,92,106,105,62
SZ,002388,2017-01-03 09:44:57,10.6900,2,4277.0000,4,S,10.6900,10.6700,10.6600,10.6500,10.6400,10.7200,10.7300,10.7400,10.7500,10.7600,33,40,5,9,10,28,82,106,115,62
SZ,002388,2017-01-03 09:45:21,10.7000,1,1070.0000,1,S,10.7000,10.6900,10.6700,10.6600,10.6500,10.7200,10.7300,10.7400,10.7500,10.7600,5,33,40,5,49,28,82,113,115,62
SZ,002388,2017-01-03 09:45:24,10.7000,1,5350.0000,5,S,10.6900,10.6700,10.6600,10.6500,10.6400,10.7000,10.7200,10.7300,10.7400,10.7500,33,40,5,49,10,15,28,112,113,115
SZ,002388,2017-01-03 09:45:36,10.7300,5,81471.0000,76,B,10.6900,10.6700,10.6600,10.6500,10.6400,10.7300,10.7400,10.7500,10.7600,10.7700,33,40,5,49,10,79,113,112,62,109
SZ,002388,2017-01-03 09:45:48,10.7200,1,4288.0000,4,S,10.7000,10.6900,10.6700,10.6600,10.6500,10.7200,10.7300,10.7400,10.7500,10.7600,3,59,40,5,49,16,102,113,112,62
SZ,002388,2017-01-03 09:45:51,10.7300,2,40758.0000,38,B,10.7000,10.6900,10.6700,10.6600,10.6500,10.7300,10.7400,10.7500,10.7600,10.7700,3,59,40,5,59,80,109,112,62,109
SZ,002388,2017-01-03 09:46:06,10.7300,1,10730.0000,10,B,10.7000,10.6900,10.6700,10.6600,10.6500,10.7300,10.7400,10.7500,10.7600,10.7700,13,59,40,5,59,89,129,112,42,109
SZ,002388,2017-01-03 09:46:09,10.7300,1,13949.0000,13,B,10.7000,10.6900,10.6700,10.6600,10.6500,10.7300,10.7400,10.7500,10.7600,10.7700,13,59,40,5,87,89,119,112,42,109
SZ,002388,2017-01-03 09:46:15,10.7400,18,254161.0000,237,B,10.7400,10.7000,10.6900,10.6700,10.6600,10.7500,10.7600,10.7700,10.7800,10.7900,71,8,59,40,10,112,42,109,95,46
SZ,002388,2017-01-03 09:46:21,10.7400,1,5370.0000,5,S,10.7400,10.7000,10.6900,10.6700,10.6600,10.7500,10.7600,10.7700,10.7800,10.7900,66,8,33,40,10,102,42,109,95,46
SZ,002388,2017-01-03 09:46:24,10.7400,1,21480.0000,20,S,10.7400,10.7000,10.6900,10.6700,10.6600,10.7500,10.7600,10.7700,10.7800,10.7900,52,8,33,40,10,102,42,109,95,46
SZ,002388,2017-01-03 09:46:33,10.7500,2,12895.0000,12,B,10.7400,10.7000,10.6900,10.6700,10.6600,10.7500,10.7600,10.7700,10.7800,10.7900,63,8,33,40,10,88,52,109,95,46
SZ,002388,2017-01-03 09:46:42,10.7400,5,57996.0000,54,S,10.7400,10.7000,10.6900,10.6700,10.6600,10.7500,10.7600,10.7700,10.7800,10.7900,9,8,38,40,10,50,52,109,95,46
SZ,002388,2017-01-03 09:46:45,10.7500,6,24725.0000,23,B,10.7400,10.7000,10.6900,10.6700,10.6600,10.7500,10.7600,10.7700,10.7800,10.7900,9,8,38,40,10,27,52,109,95,46
SZ,002388,2017-01-03 09:46:48,10.7400,2,9902.0000,9,S,10.7000,10.6900,10.6700,10.6600,10.6500,10.7400,10.7500,10.7600,10.7700,10.7800,8,38,40,10,87,0,27,52,109,95
SZ,002388,2017-01-03 09:46:57,10.7400,1,838.0000,1,B,10.7400,10.7000,10.6900,10.6700,10.6600,10.7500,10.7600,10.7700,10.7800,10.7900,12,18,38,50,10,27,52,109,95,46
SZ,002388,2017-01-03 09:47:09,10.7400,2,14198.0000,13,S,10.7100,10.7000,10.6900,10.6700,10.6600,10.7400,10.7500,10.7600,10.7700,10.7800,3,15,38,50,10,16,87,59,99,95
SZ,002388,2017-01-03 09:47:12,10.7500,3,41909.0000,39,B,10.7100,10.7000,10.6900,10.6700,10.6600,10.7500,10.7600,10.7700,10.7800,10.7900,3,15,38,50,10,64,62,99,95,46
SZ,002388,2017-01-03 09:47:18,10.7500,3,80378.0000,75,B,10.7500,10.7100,10.7000,10.6900,10.6700,10.7600,10.7700,10.7800,10.7900,10.8000,125,3,15,38,50,62,99,107,46,130
SZ,002388,2017-01-03 09:47:21,10.7500,1,1075.0000,1,S,10.7500,10.7100,10.7000,10.6900,10.6700,10.7600,10.7700,10.7800,10.7900,10.8000,124,3,15,38,50,62,99,107,46,130
SZ,002388,2017-01-03 09:47:30,10.7600,3,12912.0000,12,B,10.7500,10.7100,10.7000,10.6900,10.6700,10.7600,10.7700,10.7800,10.7900,10.8000,124,13,16,68,50,50,99,107,46,130
SZ,002388,2017-01-03 09:47:36,10.7500,9,39798.0000,37,S,10.7500,10.7100,10.7000,10.6900,10.6700,10.7600,10.7700,10.7800,10.7900,10.8000,110,10,26,68,50,27,99,107,46,130
SZ,002388,2017-01-03 09:47:48,10.7500,2,36550.0000,34,S,10.7500,10.7100,10.7000,10.6900,10.6700,10.7600,10.7700,10.7800,10.7900,10.8000,76,10,26,68,50,27,99,107,46,130
SZ,002388,2017-01-03 09:47:54,10.7600,1,3228.0000,3,B,10.7500,10.7100,10.7000,10.6900,10.6700,10.7600,10.7700,10.7800,10.7900,10.8000,76,10,26,68,50,24,99,107,46,130
SZ,002388,2017-01-03 09:48:06,10.7500,1,4300.0000,4,S,10.7500,10.7100,10.7000,10.6900,10.6700,10.7600,10.7700,10.7800,10.7900,10.8000,72,10,26,68,50,34,99,107,46,137
SZ,002388,2017-01-03 09:48:09,10.7600,4,18292.0000,17,B,10.7500,10.7100,10.7000,10.6900,10.6700,10.7600,10.7700,10.7800,10.7900,10.8000,72,10,26,68,50,17,99,107,46,137
SZ,002388,2017-01-03 09:48:18,10.7600,2,7532.0000,7,B,10.7600,10.7500,10.7100,10.7000,10.6900,10.7700,10.7800,10.7900,10.8000,10.8100,18,98,10,26,42,104,107,46,137,51
SZ,002388,2017-01-03 09:48:24,10.7600,1,13988.0000,13,S,10.7600,10.7500,10.7100,10.7000,10.6900,10.7700,10.7800,10.7900,10.8000,10.8100,6,98,10,26,42,104,117,46,137,51
SZ,002388,2017-01-03 09:48:39,10.7700,1,6462.0000,6,B,10.7600,10.7500,10.7100,10.7000,10.6900,10.7700,10.7800,10.7900,10.8000,10.8100,21,98,10,26,42,98,117,46,137,61
SZ,002388,2017-01-03 09:48:42,10.7700,3,58158.0000,54,B,10.7600,10.7500,10.7100,10.7000,10.6900,10.7700,10.7800,10.7900,10.8000,10.8100,21,98,10,26,42,44,117,46,118,61
SZ,002388,2017-01-03 09:48:48,10.7600,1,1076.0000,1,S,10.7600,10.7500,10.7300,10.7100,10.7000,10.7700,10.7800,10.7900,10.8000,10.8100,20,98,2,10,26,44,117,46,118,61
SZ,002388,2017-01-03 09:48:51,10.7800,6,84040.0000,78,B,10.7600,10.7500,10.7300,10.7100,10.7000,10.7800,10.7900,10.8000,10.8100,10.8200,20,98,2,10,26,83,46,118,61,14
SZ,002388,2017-01-03 09:49:00,10.7800,2,71148.0000,66,B,10.7600,10.7500,10.7300,10.7100,10.7000,10.7800,10.7900,10.8000,10.8100,10.8200,20,98,2,10,26,18,46,118,61,14
SZ,002388,2017-01-03 09:49:03,10.7800,2,8624.0000,8,B,10.7700,10.7600,10.7500,10.7300,10.7100,10.7800,10.7900,10.8000,10.8100,10.8200,1,20,98,2,10,10,46,118,61,14
SZ,002388,2017-01-03 09:49:09,10.7800,1,5390.0000,5,B,10.7700,10.7600,10.7500,10.7300,10.7100,10.7800,10.7900,10.8000,10.8100,10.8200,52,20,98,2,10,21,46,88,61,14
SZ,002388,2017-01-03 09:49:21,10.7900,6,42055.0000,39,B,10.7700,10.7600,10.7500,10.7300,10.7100,10.7900,10.8000,10.8100,10.8200,10.8300,51,20,98,2,10,33,88,61,14,39
SZ,002388,2017-01-03 09:49:24,10.8000,11,84207.0000,78,B,10.7700,10.7600,10.7500,10.7300,10.7100,10.8000,10.8100,10.8200,10.8300,10.8400,61,20,98,2,10,43,61,14,39,36
SZ,002388,2017-01-03 09:49:33,10.8000,2,14040.0000,13,B,10.7900,10.7800,10.7700,10.7600,10.7500,10.8000,10.8100,10.8200,10.8300,10.8400,13,9,61,20,98,30,61,14,39,36
SZ,002388,2017-01-03 09:49:39,10.7900,1,8632.0000,8,S,10.7900,10.7800,10.7700,10.7600,10.7500,10.8000,10.8100,10.8200,10.8300,10.8400,5,9,70,20,98,30,61,14,39,36
SZ,002388,2017-01-03 09:49:42,10.8100,5,71316.0000,66,B,10.7800,10.7700,10.7600,10.7500,10.7300,10.8100,10.8200,10.8300,10.8400,10.8500,9,70,20,98,2,15,14,39,36,18
SZ,002388,2017-01-03 09:49:45,10.7900,1,4316.0000,4,S,10.7800,10.7700,10.7600,10.7500,10.7300,10.7900,10.8000,10.8100,10.8200,10.8300,9,80,20,98,2,346,0,15,14,39
SZ,002388,2017-01-03 09:49:48,10.7900,1,14027.0000,13,B,10.7800,10.7700,10.7600,10.7500,10.7300,10.7900,10.8000,10.8100,10.8200,10.8300,9,80,20,98,2,333,0,15,14,39
SZ,002388,2017-01-03 09:49:51,10.7900,2,9711.0000,9,B,10.7800,10.7700,10.7600,10.7500,10.7300,10.7900,10.8000,10.8100,10.8200,10.8300,9,80,20,98,2,324,0,15,14,39
SZ,002388,2017-01-03 09:49:54,10.7900,2,16185.0000,15,B,10.7800,10.7700,10.7600,10.7500,10.7300,10.7900,10.8000,10.8100,10.8200,10.8300,9,80,20,98,2,309,0,15,14,37
SZ,002388,2017-01-03 09:49:57,10.7900,1,5395.0000,5,B,10.7800,10.7700,10.7600,10.7500,10.7300,10.7900,10.8000,10.8100,10.8200,10.8300,9,80,20,98,2,304,0,15,14,37
SZ,002388,2017-01-03 09:50:03,10.7900,2,69056.0000,64,B,10.7800,10.7700,10.7600,10.7500,10.7300,10.7900,10.8000,10.8100,10.8200,10.8300,9,80,20,98,2,240,0,15,14,37
SZ,002388,2017-01-03 09:50:06,10.7800,2,4312.0000,4,S,10.7800,10.7700,10.7600,10.7500,10.7300,10.7900,10.8000,10.8100,10.8200,10.8300,5,80,20,98,2,240,0,15,14,37
SZ,002388,2017-01-03 09:50:09,10.7900,4,102505.0000,95,B,10.7800,10.7700,10.7600,10.7500,10.7300,10.7900,10.8000,10.8100,10.8200,10.8300,10,80,20,98,2,146,0,15,14,37
SZ,002388,2017-01-03 09:50:12,10.7900,2,37765.0000,35,B,10.7800,10.7700,10.7600,10.7500,10.7300,10.7900,10.8000,10.8100,10.8200,10.8300,10,80,20,98,2,112,0,25,14,37
SZ,002388,2017-01-03 09:50:18,10.7900,1,84162.0000,78,B,10.7800,10.7700,10.7600,10.7500,10.7300,10.7900,10.8000,10.8100,10.8200,10.8300,10,80,20,98,2,35,5,25,14,38
SZ,002388,2017-01-03 09:50:21,10.7900,1,14027.0000,13,B,10.7800,10.7700,10.7600,10.7500,10.7300,10.7900,10.8000,10.8100,10.8200,10.8300,10,80,20,98,2,22,5,25,14,38
SZ,002388,2017-01-03 09:50:24,10.7900,1,14027.0000,13,B,10.7800,10.7700,10.7600,10.7500,10.7300,10.7900,10.8000,10.8100,10.8200,10.8300,10,80,20,98,2,9,5,25,14,38
SZ,002388,2017-01-03 09:50:30,10.8000,6,19432.0000,18,B,10.7900,10.7800,10.7700,10.7600,10.7500,10.8000,10.8100,10.8200,10.8300,10.8400,2,32,80,20,98,15,25,14,38,36
SZ,002388,2017-01-03 09:50:36,10.7800,3,21560.0000,20,S,10.7800,10.7700,10.7600,10.7500,10.7300,10.8000,10.8100,10.8200,10.8300,10.8400,12,90,20,98,2,38,25,14,38,36
SZ,002388,2017-01-03 09:50:42,10.8000,1,2160.0000,2,B,10.7800,10.7700,10.7600,10.7500,10.7300,10.7900,10.8000,10.8100,10.8200,10.8300,12,90,20,98,2,10,36,15,14,38
SZ,002388,2017-01-03 09:50:45,10.8200,8,94276.0000,87,B,10.8200,10.8000,10.7800,10.7700,10.7600,10.8300,10.8400,10.8500,10.8700,10.8800,25,19,12,90,20,38,36,18,10,35
SZ,002388,2017-01-03 09:50:51,10.8200,1,5410.0000,5,S,10.8200,10.8000,10.7800,10.7700,10.7600,10.8300,10.8400,10.8500,10.8700,10.8800,20,19,16,90,20,38,36,38,10,35
SZ,002388,2017-01-03 09:50:57,10.8400,9,93134.0000,86,B,10.8000,10.7800,10.7700,10.7600,10.7500,10.8400,10.8500,10.8700,10.8800,10.8900,19,16,90,20,98,14,38,10,35,6
SZ,002388,2017-01-03 09:51:00,10.7800,3,36692.0000,34,S,10.7800,10.7700,10.7600,10.7500,10.7300,10.8400,10.8500,10.8700,10.8800,10.8900,1,90,20,98,2,14,38,10,35,6
SZ,002388,2017-01-03 09:51:06,10.8500,5,65062.0000,60,B,10.8600,10.7800,10.7700,10.7600,10.7500,10.8700,10.8800,10.8900,10.9000,10.9100,6,1,89,20,98,10,30,6,115,13
SZ,002388,2017-01-03 09:51:09,10.8600,1,6516.0000,6,S,10.8400,10.7800,10.7700,10.7600,10.7500,10.8500,10.8700,10.8800,10.8900,10.9000,30,1,89,20,98,3,10,30,6,115
SZ,002388,2017-01-03 09:51:12,10.8400,1,3252.0000,3,S,10.8400,10.7800,10.7700,10.7600,10.7500,10.8500,10.8700,10.8800,10.8900,10.9000,27,26,89,20,98,59,10,30,6,115
SZ,002388,2017-01-03 09:51:15,10.8400,7,7588.0000,7,S,10.8400,10.7800,10.7700,10.7600,10.7500,10.8500,10.8700,10.8800,10.8900,10.9000,20,36,89,20,98,58,10,30,6,115
SZ,002388,2017-01-03 09:51:18,10.8400,13,54239.0000,50,S,10.8400,10.7800,10.7700,10.7600,10.7500,10.8500,10.8700,10.8800,10.8900,10.9000,9,36,89,20,98,19,12,30,6,112
SZ,002388,2017-01-03 09:51:21,10.8500,8,23861.0000,22,B,10.7800,10.7700,10.7600,10.7500,10.7300,10.8200,10.8300,10.8500,10.8600,10.8700,216,89,20,98,2,1,1,6,50,12
SZ,002388,2017-01-03 09:51:27,10.8000,1,6480.0000,6,B,10.7800,10.7700,10.7600,10.7500,10.7300,10.8000,10.8400,10.8500,10.8600,10.8700,216,89,20,98,2,14,18,11,50,12
SZ,002388,2017-01-03 09:51:30,10.8000,1,1080.0000,1,B,10.7800,10.7700,10.7600,10.7500,10.7300,10.8000,10.8400,10.8500,10.8600,10.8700,221,89,20,98,2,13,10,11,50,12
SZ,002388,2017-01-03 09:51:33,10.8700,8,104159.0000,96,B,10.8700,10.7800,10.7700,10.7600,10.7500,10.8800,10.8900,10.9000,10.9100,10.9200,4,221,89,20,72,30,16,112,13,28
SZ,002388,2017-01-03 09:51:36,10.8700,1,4348.0000,4,S,10.7800,10.7700,10.7600,10.7500,10.7300,10.8400,10.8800,10.8900,10.9000,10.9100,247,89,20,72,2,16,30,16,112,13
SZ,002388,2017-01-03 09:51:45,10.8400,1,1084.0000,1,B,10.8000,10.7800,10.7700,10.7600,10.7500,10.8400,10.8700,10.8800,10.8900,10.9000,5,262,79,20,72,15,105,35,31,85
SZ,002388,2017-01-03 09:51:48,10.8700,3,70607.0000,65,B,10.8000,10.7800,10.7700,10.7600,10.7500,10.8700,10.8800,10.8900,10.9000,10.9100,5,262,79,20,72,56,35,31,85,13
SZ,002388,2017-01-03 09:52:06,10.8700,7,73856.0000,68,B,10.8100,10.8000,10.7900,10.7800,10.7700,10.8700,10.8800,10.8900,10.9000,10.9100,3,25,100,269,79,60,45,31,86,23
SZ,002388,2017-01-03 09:52:09,10.8500,1,1085.0000,1,S,10.8100,10.8000,10.7900,10.7800,10.7700,10.8500,10.8600,10.8700,10.8800,10.8900,3,27,100,259,79,9,8,60,45,36
SZ,002388,2017-01-03 09:52:12,10.8700,5,27146.0000,25,B,10.8100,10.8000,10.7900,10.7800,10.7700,10.8700,10.8800,10.8900,10.9000,10.9100,3,27,100,259,79,58,45,36,86,23
SZ,002388,2017-01-03 09:52:15,10.8600,1,3258.0000,3,S,10.8200,10.8100,10.8000,10.7900,10.7800,10.8600,10.8700,10.8800,10.8900,10.9000,5,3,27,100,259,47,68,45,36,86
SZ,002388,2017-01-03 09:52:21,10.8200,1,1082.0000,1,S,10.8200,10.8100,10.8000,10.7900,10.7800,10.8600,10.8700,10.8800,10.8900,10.9000,4,13,27,100,259,77,78,45,36,86
SZ,002388,2017-01-03 09:52:24,10.8600,1,14118.0000,13,B,10.8200,10.8100,10.8000,10.7900,10.7800,10.8600,10.8700,10.8800,10.8900,10.9000,4,13,27,100,259,64,78,45,36,86
SZ,002388,2017-01-03 09:52:30,10.8200,1,3246.0000,3,S,10.8200,10.8100,10.8000,10.7900,10.7800,10.8600,10.8700,10.8800,10.8900,10.9000,1,13,37,100,79,264,78,45,36,86
SZ,002388,2017-01-03 09:52:36,10.8200,3,4336.0000,4,S,10.8100,10.8000,10.7900,10.7800,10.7700,10.8200,10.8500,10.8600,10.8700,10.8800,10,42,100,79,79,4,5,262,78,45
SZ,002388,2017-01-03 09:52:45,10.8200,3,8659.0000,8,S,10.8100,10.8000,10.7900,10.7800,10.7700,10.8200,10.8500,10.8600,10.8700,10.8800,10,36,100,79,79,26,65,290,78,35
SZ,002388,2017-01-03 09:52:48,10.8200,9,21636.0000,20,B,10.8100,10.8000,10.7900,10.7800,10.7700,10.8200,10.8500,10.8600,10.8700,10.8800,6,36,100,79,79,10,87,290,81,40
SZ,002388,2017-01-03 09:52:51,10.8100,1,1081.0000,1,S,10.8100,10.8000,10.7900,10.7800,10.7700,10.8200,10.8500,10.8600,10.8700,10.8800,5,36,100,79,79,10,97,290,81,40
SZ,002388,2017-01-03 09:52:57,10.8100,4,5405.0000,5,S,10.8000,10.7900,10.7800,10.7700,10.7600,10.8100,10.8200,10.8500,10.8600,10.8700,36,100,79,79,20,10,10,177,290,81
SZ,002388,2017-01-03 09:53:00,10.8100,1,10810.0000,10,B,10.8000,10.7900,10.7800,10.7700,10.7600,10.8100,10.8200,10.8500,10.8600,10.8700,36,100,79,79,20,2,10,197,310,71
SZ,002388,2017-01-03 09:53:09,10.8100,1,2162.0000,2,B,10.8100,10.8000,10.7800,10.7700,10.7600,10.8200,10.8500,10.8600,10.8700,10.8800,2,36,79,79,20,10,232,310,81,40
SZ,002388,2017-01-03 09:53:15,10.8100,2,2162.0000,2,S,10.8000,10.7800,10.7700,10.7600,10.7500,10.8100,10.8400,10.8500,10.8600,10.8700,36,79,79,20,82,9,36,232,310,61
SZ,002388,2017-01-03 09:53:18,10.8000,5,5400.0000,5,S,10.8000,10.7800,10.7700,10.7600,10.7500,10.8400,10.8500,10.8600,10.8700,10.8800,31,79,79,20,82,36,232,310,61,40
SZ,002388,2017-01-03 09:53:21,10.8200,5,5410.0000,5,B,10.8200,10.8000,10.7900,10.7800,10.7700,10.8400,10.8500,10.8600,10.8700,10.8800,8,31,2,79,79,36,232,310,61,40
SZ,002388,2017-01-03 09:53:24,10.8100,9,50804.0000,47,S,10.8000,10.7900,10.7800,10.7700,10.7600,10.8100,10.8400,10.8500,10.8600,10.8700,20,2,79,79,20,189,36,243,295,61
SZ,002388,2017-01-03 09:53:27,10.8000,2,2160.0000,2,S,10.8000,10.7900,10.7800,10.7700,10.7600,10.8100,10.8400,10.8500,10.8600,10.8700,18,2,79,79,20,191,36,243,295,61
SZ,002388,2017-01-03 09:53:30,10.8000,5,8640.0000,8,S,10.8000,10.7900,10.7800,10.7700,10.7600,10.8100,10.8400,10.8500,10.8600,10.8700,10,2,79,79,20,189,36,248,295,61
SZ,002388,2017-01-03 09:53:33,10.8000,8,29180.0000,27,S,10.8000,10.7900,10.7800,10.7700,10.7600,10.8100,10.8300,10.8400,10.8500,10.8600,13,2,79,79,20,169,2,69,223,295
SZ,002388,2017-01-03 09:53:36,10.8000,4,4320.0000,4,S,10.8000,10.7900,10.7800,10.7700,10.7600,10.8100,10.8300,10.8400,10.8500,10.8600,9,2,79,79,5,169,2,79,231,295
SZ,002388,2017-01-03 09:53:39,10.8000,2,2160.0000,2,S,10.8000,10.7900,10.7800,10.7700,10.7600,10.8100,10.8300,10.8400,10.8500,10.8600,22,2,79,79,5,169,2,79,251,295
SZ,002388,2017-01-03 09:53:42,10.8000,5,5400.0000,5,S,10.8000,10.7900,10.7800,10.7700,10.7600,10.8100,10.8300,10.8400,10.8500,10.8600,22,2,79,79,5,169,2,79,251,295
SZ,002388,2017-01-03 09:53:45,10.8000,3,7560.0000,7,S,10.8000,10.7900,10.7800,10.7700,10.7600,10.8100,10.8300,10.8400,10.8500,10.8600,15,2,79,79,5,169,2,109,251,295
SZ,002388,2017-01-03 09:53:48,10.8000,4,9720.0000,9,S,10.8000,10.7900,10.7800,10.7700,10.7600,10.8100,10.8300,10.8400,10.8500,10.8600,92,2,79,79,5,169,2,109,251,295
SZ,002388,2017-01-03 09:53:51,10.8000,12,22680.0000,21,S,10.8000,10.7900,10.7800,10.7700,10.7600,10.8100,10.8300,10.8400,10.8500,10.8600,71,2,79,79,5,169,2,109,251,295
SZ,002388,2017-01-03 09:53:54,10.8100,1,1081.0000,1,B,10.8000,10.7900,10.7800,10.7700,10.7600,10.8100,10.8300,10.8400,10.8500,10.8600,71,2,79,79,5,169,2,109,251,295
SZ,002388,2017-01-03 09:53:57,10.8000,3,3240.0000,3,S,10.8000,10.7900,10.7800,10.7700,10.7600,10.8100,10.8300,10.8400,10.8500,10.8600,68,2,79,79,5,169,2,109,251,295
SZ,002388,2017-01-03 09:54:00,10.8000,2,2160.0000,2,S,10.8000,10.7900,10.7800,10.7700,10.7600,10.8100,10.8300,10.8400,10.8500,10.8600,69,2,79,79,5,169,2,109,251,295
SZ,002388,2017-01-03 09:54:06,10.8000,2,9720.0000,9,S,10.8000,10.7900,10.7800,10.7700,10.7600,10.8100,10.8300,10.8400,10.8500,10.8600,60,2,79,79,5,169,17,109,251,295
SZ,002388,2017-01-03 09:54:09,10.8100,2,33511.0000,31,B,10.8000,10.7900,10.7800,10.7700,10.7600,10.8100,10.8300,10.8400,10.8500,10.8600,60,2,79,79,5,138,17,109,251,275
SZ,002388,2017-01-03 09:54:15,10.8000,2,55086.0000,51,S,10.8000,10.7900,10.7800,10.7700,10.7600,10.8100,10.8300,10.8400,10.8500,10.8600,15,2,79,79,5,132,17,109,251,275
SZ,002388,2017-01-03 09:54:18,10.8100,1,2162.0000,2,B,10.8000,10.7900,10.7800,10.7700,10.7600,10.8100,10.8300,10.8400,10.8500,10.8600,15,2,79,79,5,135,17,76,251,275
SZ,002388,2017-01-03 09:54:24,10.8100,1,14053.0000,13,B,10.8000,10.7900,10.7800,10.7700,10.7600,10.8100,10.8300,10.8400,10.8500,10.8600,60,2,79,69,5,122,17,76,251,275
SZ,002388,2017-01-03 09:54:27,10.8100,1,1081.0000,1,B,10.8000,10.7900,10.7800,10.7700,10.7600,10.8100,10.8300,10.8400,10.8500,10.8600,60,2,79,69,5,121,17,76,251,275
SZ,002388,2017-01-03 09:54:30,10.8000,3,43200.0000,40,S,10.8000,10.7900,10.7800,10.7700,10.7600,10.8100,10.8300,10.8400,10.8500,10.8600,20,2,79,69,5,121,17,76,251,275
SZ,002388,2017-01-03 09:54:36,10.8100,1,3243.0000,3,B,10.8000,10.7900,10.7800,10.7700,10.7600,10.8100,10.8300,10.8400,10.8500,10.8600,20,2,79,69,5,118,17,76,251,275
SZ,002388,2017-01-03 09:54:42,10.8000,1,1080.0000,1,S,10.8000,10.7900,10.7800,10.7700,10.7600,10.8100,10.8300,10.8400,10.8500,10.8600,19,2,79,69,5,122,17,86,251,295
SZ,002388,2017-01-03 09:54:45,10.8100,1,10810.0000,10,B,10.8000,10.7900,10.7800,10.7700,10.7600,10.8100,10.8300,10.8400,10.8500,10.8600,19,2,79,69,5,112,17,86,251,295
SZ,002388,2017-01-03 09:54:48,10.7800,11,63642.0000,59,S,10.7800,10.7700,10.7600,10.7500,10.7300,10.8000,10.8100,10.8300,10.8400,10.8500,41,69,5,92,22,39,112,17,86,251
SZ,002388,2017-01-03 09:54:51,10.8000,3,12960.0000,12,B,10.7800,10.7700,10.7600,10.7500,10.7300,10.8000,10.8100,10.8300,10.8400,10.8500,20,69,5,92,22,27,117,17,86,251
SZ,002388,2017-01-03 09:55:00,10.8000,3,6478.0000,6,B,10.7900,10.7800,10.7700,10.7600,10.7500,10.8000,10.8100,10.8300,10.8400,10.8500,1,46,69,5,92,53,117,17,86,251
SZ,002388,2017-01-03 09:55:03,10.8000,1,14040.0000,13,B,10.7900,10.7800,10.7700,10.7600,10.7500,10.8000,10.8100,10.8300,10.8400,10.8500,1,46,69,5,92,35,117,17,86,251
SZ,002388,2017-01-03 09:55:21,10.7900,2,3237.0000,3,S,10.7800,10.7700,10.7600,10.7500,10.7300,10.7900,10.8000,10.8100,10.8300,10.8400,101,69,27,97,22,42,54,117,17,86
SZ,002388,2017-01-03 09:55:24,10.7900,2,10790.0000,10,B,10.7800,10.7700,10.7600,10.7500,10.7300,10.7900,10.8000,10.8100,10.8300,10.8400,101,69,27,97,22,32,65,117,17,86
SZ,002388,2017-01-03 09:55:33,10.7900,1,6474.0000,6,B,10.7800,10.7700,10.7600,10.7500,10.7300,10.7900,10.8000,10.8100,10.8300,10.8400,101,69,27,97,22,28,65,116,17,86
SZ,002388,2017-01-03 09:55:36,10.7900,2,22659.0000,21,B,10.7800,10.7700,10.7600,10.7500,10.7300,10.7900,10.8000,10.8100,10.8300,10.8400,101,69,27,97,22,7,65,116,17,86
SZ,002388,2017-01-03 09:55:42,10.7900,4,9709.0000,9,B,10.7900,10.7800,10.7700,10.7600,10.7500,10.8000,10.8100,10.8300,10.8400,10.8500,6,99,69,27,107,59,116,17,76,251
SZ,002388,2017-01-03 09:55:48,10.8000,2,12960.0000,12,B,10.7900,10.7800,10.7700,10.7600,10.7500,10.8000,10.8100,10.8300,10.8400,10.8500,25,99,69,27,107,47,116,17,76,251
SZ,002388,2017-01-03 09:55:57,10.8000,1,14040.0000,13,B,10.7900,10.7800,10.7700,10.7600,10.7500,10.8000,10.8100,10.8300,10.8400,10.8500,22,99,69,15,107,59,116,17,76,251
SZ,002388,2017-01-03 09:56:06,10.8000,1,3240.0000,3,B,10.7900,10.7800,10.7700,10.7600,10.7500,10.8000,10.8100,10.8300,10.8400,10.8500,22,99,69,15,107,61,116,17,76,256
SZ,002388,2017-01-03 09:56:09,10.7900,7,57225.0000,53,S,10.7900,10.7800,10.7700,10.7600,10.7500,10.8000,10.8100,10.8300,10.8400,10.8500,8,99,69,15,107,43,116,17,76,256
SZ,002388,2017-01-03 09:56:18,10.8000,1,7560.0000,7,B,10.7900,10.7800,10.7700,10.7600,10.7500,10.8000,10.8100,10.8300,10.8400,10.8500,8,99,69,15,107,36,116,17,76,256
SZ,002388,2017-01-03 09:56:21,10.7900,3,8632.0000,8,S,10.7800,10.7700,10.7600,10.7500,10.7300,10.7900,10.8000,10.8100,10.8300,10.8400,99,69,15,107,22,12,36,116,17,76
SZ,002388,2017-01-03 09:56:39,10.7900,2,14027.0000,13,B,10.7800,10.7700,10.7600,10.7500,10.7300,10.7900,10.8000,10.8100,10.8300,10.8400,99,69,25,107,22,5,36,111,17,76
SZ,002388,2017-01-03 09:56:51,10.7900,1,5395.0000,5,B,10.7900,10.7800,10.7700,10.7600,10.7500,10.8000,10.8100,10.8300,10.8400,10.8500,8,99,69,25,107,41,111,17,76,256
SZ,002388,2017-01-03 09:56:57,10.8000,3,21600.0000,20,B,10.7900,10.7800,10.7700,10.7600,10.7500,10.8000,10.8100,10.8300,10.8400,10.8500,8,99,69,25,107,41,111,17,76,256
SZ,002388,2017-01-03 09:57:03,10.8000,1,6480.0000,6,B,10.7800,10.7700,10.7600,10.7500,10.7300,10.7900,10.8000,10.8100,10.8300,10.8400,99,69,25,107,22,10,35,111,17,76
SZ,002388,2017-01-03 09:57:24,10.7800,5,38868.0000,36,S,10.7800,10.7700,10.7600,10.7500,10.7300,10.8000,10.8100,10.8300,10.8400,10.8500,97,69,25,107,22,9,111,17,76,256
SZ,002388,2017-01-03 09:57:27,10.7800,2,32340.0000,30,S,10.7800,10.7700,10.7600,10.7500,10.7300,10.8000,10.8100,10.8300,10.8400,10.8500,67,69,25,107,22,20,111,17,76,256
SZ,002388,2017-01-03 09:57:33,10.8100,4,42138.0000,39,B,10.8000,10.7800,10.7700,10.7600,10.7500,10.8100,10.8300,10.8400,10.8500,10.8600,13,67,69,25,107,93,17,76,256,90
SZ,002388,2017-01-03 09:57:39,10.8000,10,10800.0000,10,S,10.8000,10.7800,10.7700,10.7600,10.7500,10.8100,10.8300,10.8400,10.8500,10.8600,3,67,69,25,107,93,17,76,256,90
SZ,002388,2017-01-03 09:57:42,10.8000,1,1080.0000,1,S,10.8000,10.7800,10.7700,10.7600,10.7500,10.8100,10.8300,10.8400,10.8500,10.8600,2,67,69,25,107,93,17,76,256,90
SZ,002388,2017-01-03 09:57:45,10.8000,2,2160.0000,2,S,10.7800,10.7700,10.7600,10.7500,10.7300,10.8000,10.8100,10.8300,10.8400,10.8500,79,69,25,107,22,6,97,17,76,256
SZ,002388,2017-01-03 09:57:48,10.8000,12,12960.0000,12,B,10.7800,10.7700,10.7600,10.7500,10.7300,10.8100,10.8300,10.8400,10.8500,10.8600,79,69,25,107,22,97,17,76,256,90
SZ,002388,2017-01-03 09:57:51,10.8000,1,2160.0000,2,B,10.7800,10.7700,10.7600,10.7500,10.7300,10.8000,10.8100,10.8300,10.8400,10.8500,79,69,25,107,22,49,97,17,76,256
SZ,002388,2017-01-03 09:58:00,10.8000,2,4320.0000,4,B,10.7800,10.7700,10.7600,10.7500,10.7300,10.8000,10.8100,10.8300,10.8400,10.8500,79,69,25,107,22,50,97,17,95,256
SZ,002388,2017-01-03 09:58:12,10.8000,1,10800.0000,10,B,10.7900,10.7800,10.7700,10.7600,10.7500,10.8000,10.8100,10.8300,10.8400,10.8500,1,82,69,25,107,40,122,17,96,256
SZ,002388,2017-01-03 09:58:21,10.8000,2,15119.0000,14,B,10.7900,10.7800,10.7700,10.7600,10.7500,10.8000,10.8100,10.8300,10.8400,10.8500,26,82,69,25,107,27,118,2,96,256
SZ,002388,2017-01-03 09:58:24,10.8000,4,30240.0000,28,B,10.8000,10.7900,10.7800,10.7700,10.7600,10.8100,10.8300,10.8400,10.8500,10.8600,83,26,82,69,25,118,2,96,256,93
SZ,002388,2017-01-03 09:58:33,10.8000,1,4320.0000,4,S,10.8000,10.7900,10.7800,10.7700,10.7600,10.8100,10.8300,10.8400,10.8500,10.8600,79,26,82,69,25,118,2,91,256,93
SZ,002388,2017-01-03 09:58:48,10.8000,2,7560.0000,7,S,10.8000,10.7900,10.7800,10.7700,10.7600,10.8100,10.8300,10.8400,10.8500,10.8600,72,26,82,69,25,93,2,91,234,93
SZ,002388,2017-01-03 09:59:09,10.8100,1,14053.0000,13,B,10.8000,10.7900,10.7800,10.7700,10.7600,10.8100,10.8300,10.8400,10.8500,10.8600,93,26,82,69,25,80,2,91,234,103
SZ,002388,2017-01-03 09:59:24,10.8100,4,87561.0000,81,B,10.8100,10.8000,10.7900,10.7800,10.7700,10.8300,10.8400,10.8500,10.8600,10.8700,5,98,26,82,69,2,91,234,133,70
SZ,002388,2017-01-03 09:59:36,10.8100,1,3243.0000,3,S,10.8100,10.8000,10.7900,10.7800,10.7700,10.8300,10.8400,10.8500,10.8600,10.8700,22,98,26,82,69,2,91,234,133,70
SZ,002388,2017-01-03 09:59:42,10.8300,1,2166.0000,2,B,10.8300,10.8100,10.8000,10.7900,10.7800,10.8400,10.8500,10.8600,10.8700,10.8800,18,22,98,26,82,91,234,133,70,100
SZ,002388,2017-01-03 09:59:48,10.8300,4,4332.0000,4,S,10.8300,10.8100,10.8000,10.7900,10.7800,10.8400,10.8500,10.8600,10.8700,10.8800,14,22,98,26,82,91,234,133,70,100
SZ,002388,2017-01-03 09:59:54,10.8300,4,4332.0000,4,S,10.8300,10.8100,10.8000,10.7900,10.7800,10.8400,10.8500,10.8600,10.8700,10.8800,134,22,98,26,82,111,234,133,70,100
SZ,002388,2017-01-03 09:59:57,10.8300,1,3249.0000,3,S,10.8300,10.8100,10.8000,10.7900,10.7800,10.8400,10.8500,10.8600,10.8700,10.8800,131,22,98,26,82,111,234,133,70,100
SZ,002388,2017-01-03 10:00:06,10.8300,2,4332.0000,4,S,10.8300,10.8100,10.8000,10.7900,10.7800,10.8400,10.8500,10.8600,10.8700,10.8800,127,22,98,26,82,111,234,133,70,100
SZ,002388,2017-01-03 10:00:09,10.8300,2,4333.0000,4,S,10.8300,10.8100,10.8000,10.7900,10.7800,10.8400,10.8500,10.8600,10.8700,10.8800,124,22,98,26,82,310,234,133,70,100
SZ,002388,2017-01-03 10:00:12,10.8300,1,21660.0000,20,S,10.8300,10.8100,10.8000,10.7900,10.7800,10.8400,10.8500,10.8600,10.8700,10.8800,104,22,98,26,82,310,234,133,70,100
SZ,002388,2017-01-03 10:00:15,10.8400,1,10840.0000,10,B,10.8300,10.8100,10.8000,10.7900,10.7800,10.8400,10.8500,10.8600,10.8700,10.8800,104,22,98,26,82,300,256,133,70,100
SZ,002388,2017-01-03 10:00:21,10.8400,4,36856.0000,34,B,10.8300,10.8100,10.8000,10.7900,10.7800,10.8400,10.8500,10.8600,10.8700,10.8800,104,22,98,26,82,267,256,133,70,100
SZ,002388,2017-01-03 10:00:33,10.8300,3,62814.0000,58,S,10.8300,10.8100,10.8000,10.7900,10.7800,10.8400,10.8500,10.8600,10.8700,10.8800,48,22,98,26,82,270,256,133,70,100
SZ,002388,2017-01-03 10:00:39,10.8300,5,15162.0000,14,S,10.8300,10.8100,10.8000,10.7900,10.7800,10.8400,10.8500,10.8600,10.8700,10.8800,34,79,98,26,82,282,256,101,70,100
SZ,002388,2017-01-03 10:00:42,10.8400,1,1084.0000,1,B,10.8300,10.8100,10.8000,10.7900,10.7800,10.8400,10.8500,10.8600,10.8700,10.8800,34,79,98,26,82,281,256,101,70,100
SZ,002388,2017-01-03 10:00:45,10.8400,2,21680.0000,20,B,10.8300,10.8100,10.8000,10.7900,10.7800,10.8400,10.8500,10.8600,10.8700,10.8800,34,79,98,26,82,261,256,101,70,100
SZ,002388,2017-01-03 10:00:48,10.8300,2,2166.0000,2,S,10.8300,10.8100,10.8000,10.7900,10.7800,10.8400,10.8500,10.8600,10.8700,10.8800,32,79,98,26,82,261,256,101,89,100
SZ,002388,2017-01-03 10:00:51,10.8300,2,12996.0000,12,S,10.8300,10.8100,10.8000,10.7900,10.7800,10.8400,10.8500,10.8600,10.8700,10.8800,22,79,98,26,82,261,256,101,89,100
SZ,002388,2017-01-03 10:00:54,10.8300,4,23826.0000,22,S,10.8100,10.8000,10.7900,10.7800,10.7700,10.8300,10.8400,10.8500,10.8600,10.8700,79,98,26,82,69,5,261,256,101,89
SZ,002388,2017-01-03 10:01:09,10.8300,1,1083.0000,1,B,10.8100,10.8000,10.7900,10.7800,10.7700,10.8300,10.8400,10.8500,10.8600,10.8700,79,98,26,82,69,138,260,256,101,90
SZ,002388,2017-01-03 10:01:12,10.8300,3,14079.0000,13,B,10.8100,10.8000,10.7900,10.7800,10.7700,10.8300,10.8400,10.8500,10.8600,10.8700,79,98,26,82,69,125,260,256,101,90
SZ,002388,2017-01-03 10:01:21,10.8100,1,1081.0000,1,S,10.8100,10.8000,10.7900,10.7800,10.7700,10.8300,10.8400,10.8500,10.8600,10.8700,78,103,26,85,69,125,260,256,101,90
SZ,002388,2017-01-03 10:01:27,10.8300,2,32490.0000,30,B,10.8100,10.8000,10.7900,10.7800,10.7700,10.8300,10.8400,10.8500,10.8600,10.8700,78,103,26,73,69,95,260,256,101,90
SZ,002388,2017-01-03 10:01:33,10.8100,3,30268.0000,28,S,10.8100,10.8000,10.7800,10.7700,10.7600,10.8200,10.8300,10.8400,10.8500,10.8600,50,113,73,69,25,200,95,260,256,101
SZ,002388,2017-01-03 10:01:48,10.8100,2,58374.0000,54,S,10.8100,10.8000,10.7800,10.7700,10.7600,10.8200,10.8300,10.8400,10.8500,10.8600,22,113,73,69,25,202,21,260,256,101
SZ,002388,2017-01-03 10:01:54,10.8100,1,23782.0000,22,S,10.8000,10.7800,10.7700,10.7600,10.7500,10.8100,10.8200,10.8300,10.8400,10.8500,113,73,69,25,153,51,202,31,260,244
SZ,002388,2017-01-03 10:02:00,10.8100,2,42159.0000,39,B,10.8000,10.7800,10.7700,10.7600,10.7500,10.8100,10.8200,10.8300,10.8400,10.8500,113,73,69,25,153,12,200,31,260,244
SZ,002388,2017-01-03 10:02:06,10.8100,2,15134.0000,14,B,10.8100,10.8000,10.7800,10.7700,10.7600,10.8200,10.8300,10.8400,10.8500,10.8600,24,113,73,69,25,200,31,260,244,101
SZ,002388,2017-01-03 10:02:12,10.8100,1,1081.0000,1,S,10.8100,10.8000,10.7800,10.7700,10.7600,10.8200,10.8300,10.8400,10.8500,10.8600,24,113,73,69,25,200,31,260,244,101
SZ,002388,2017-01-03 10:02:24,10.8100,3,52969.0000,49,S,10.8000,10.7800,10.7700,10.7600,10.7500,10.8100,10.8200,10.8300,10.8400,10.8500,113,73,69,25,153,1,220,81,250,244
SZ,002388,2017-01-03 10:02:33,10.8200,2,14065.0000,13,B,10.8000,10.7800,10.7700,10.7600,10.7500,10.8200,10.8300,10.8400,10.8500,10.8600,113,73,69,25,153,208,81,250,244,101
SZ,002388,2017-01-03 10:02:39,10.8200,1,1082.0000,1,B,10.8100,10.8000,10.7800,10.7700,10.7600,10.8200,10.8300,10.8400,10.8500,10.8600,52,113,73,69,25,207,81,250,244,101
SZ,002388,2017-01-03 10:02:48,10.8200,1,7574.0000,7,B,10.8100,10.8000,10.7800,10.7700,10.7600,10.8200,10.8300,10.8400,10.8500,10.8600,52,113,73,69,25,200,81,250,244,101
SZ,002388,2017-01-03 10:02:54,10.8100,2,30278.0000,28,S,10.8100,10.8000,10.7800,10.7700,10.7600,10.8200,10.8300,10.8400,10.8500,10.8600,34,113,73,69,25,190,91,250,244,101
SZ,002388,2017-01-03 10:03:15,10.8200,1,1082.0000,1,B,10.8100,10.8000,10.7800,10.7700,10.7600,10.8200,10.8300,10.8400,10.8500,10.8600,34,113,61,69,25,199,91,250,244,101
SZ,002388,2017-01-03 10:03:18,10.8100,1,14053.0000,13,S,10.8100,10.8000,10.7800,10.7700,10.7600,10.8200,10.8300,10.8400,10.8500,10.8600,21,113,61,69,25,199,91,250,244,101
SZ,002388,2017-01-03 10:03:21,10.8100,1,1081.0000,1,S,10.8100,10.8000,10.7800,10.7700,10.7600,10.8200,10.8300,10.8400,10.8500,10.8600,20,113,61,69,25,199,91,250,244,101
SZ,002388,2017-01-03 10:03:45,10.8200,1,21640.0000,20,B,10.8100,10.8000,10.7800,10.7700,10.7600,10.8200,10.8300,10.8400,10.8500,10.8600,20,113,61,69,25,180,91,250,244,101
SZ,002388,2017-01-03 10:03:54,10.8100,1,9729.0000,9,S,10.8100,10.8000,10.7800,10.7700,10.7600,10.8200,10.8300,10.8400,10.8500,10.8600,11,118,61,69,25,180,91,250,244,101
SZ,002388,2017-01-03 10:04:09,10.8200,1,1082.0000,1,B,10.8100,10.8000,10.7800,10.7700,10.7600,10.8200,10.8300,10.8400,10.8500,10.8600,11,118,61,69,25,189,93,250,244,101
SZ,002388,2017-01-03 10:04:12,10.8200,1,29214.0000,27,B,10.8100,10.8000,10.7800,10.7700,10.7600,10.8200,10.8300,10.8400,10.8500,10.8600,11,118,61,69,25,162,93,250,244,101
SZ,002388,2017-01-03 10:04:30,10.8100,1,10810.0000,10,S,10.8100,10.8000,10.7800,10.7700,10.7600,10.8200,10.8300,10.8400,10.8500,10.8600,1,118,61,69,25,187,87,250,244,101
SZ,002388,2017-01-03 10:04:33,10.8100,1,1081.0000,1,S,10.8000,10.7800,10.7700,10.7600,10.7500,10.8100,10.8200,10.8300,10.8400,10.8500,118,61,69,25,143,257,187,87,250,244
SZ,002388,2017-01-03 10:04:39,10.8000,1,10800.0000,10,S,10.8000,10.7800,10.7700,10.7600,10.7500,10.8100,10.8200,10.8300,10.8400,10.8500,108,61,69,25,143,326,186,87,250,244
SZ,002388,2017-01-03 10:04:45,10.8100,1,14053.0000,13,B,10.8000,10.7800,10.7700,10.7600,10.7500,10.8100,10.8200,10.8300,10.8400,10.8500,108,61,69,25,143,314,186,87,250,244
SZ,002388,2017-01-03 10:04:51,10.8100,1,1081.0000,1,B,10.8000,10.7800,10.7700,10.7600,10.7500,10.8100,10.8200,10.8300,10.8400,10.8500,108,61,69,25,143,313,186,87,250,244
SZ,002388,2017-01-03 10:04:54,10.8000,1,35640.0000,33,S,10.8000,10.7800,10.7700,10.7600,10.7500,10.8100,10.8200,10.8300,10.8400,10.8500,75,61,69,25,143,313,186,87,250,244
SZ,002388,2017-01-03 10:05:06,10.8000,1,3240.0000,3,S,10.8000,10.7800,10.7700,10.7600,10.7500,10.8100,10.8200,10.8300,10.8400,10.8500,98,61,69,25,143,313,186,87,250,244
SZ,002388,2017-01-03 10:05:09,10.8100,1,1081.0000,1,B,10.8000,10.7800,10.7700,10.7600,10.7500,10.8100,10.8200,10.8300,10.8400,10.8500,103,61,69,25,143,312,186,47,250,244
SZ,002388,2017-01-03 10:05:12,10.8000,1,10800.0000,10,S,10.8000,10.7800,10.7700,10.7600,10.7500,10.8100,10.8200,10.8300,10.8400,10.8500,93,61,69,25,143,312,186,47,250,244
SZ,002388,2017-01-03 10:05:18,10.8100,1,71346.0000,66,B,10.8000,10.7800,10.7700,10.7600,10.7500,10.8100,10.8200,10.8300,10.8400,10.8500,93,61,69,25,143,246,186,47,250,233
SZ,002388,2017-01-03 10:05:24,10.8000,7,43200.0000,40,S,10.8000,10.7800,10.7700,10.7600,10.7500,10.8100,10.8200,10.8300,10.8400,10.8500,55,61,69,25,143,246,196,47,250,233
SZ,002388,2017-01-03 10:05:36,10.8100,1,42159.0000,39,B,10.8000,10.7800,10.7700,10.7600,10.7500,10.8100,10.8200,10.8300,10.8400,10.8500,77,61,69,25,143,218,181,97,250,233
SZ,002388,2017-01-03 10:05:39,10.8100,6,42121.0000,39,B,10.8000,10.7800,10.7700,10.7600,10.7500,10.8100,10.8200,10.8300,10.8400,10.8500,39,61,69,25,143,217,181,97,250,233
SZ,002388,2017-01-03 10:05:48,10.8000,1,6480.0000,6,S,10.8000,10.7800,10.7700,10.7600,10.7500,10.8100,10.8200,10.8300,10.8400,10.8500,33,61,69,28,143,223,181,97,250,236
SZ,002388,2017-01-03 10:06:06,10.8100,11,46453.0000,43,B,10.8000,10.7800,10.7700,10.7600,10.7500,10.8100,10.8200,10.8300,10.8400,10.8500,3,61,69,28,143,210,181,97,250,236
SZ,002388,2017-01-03 10:06:09,10.8000,1,3240.0000,3,S,10.7800,10.7700,10.7600,10.7500,10.7400,10.8000,10.8100,10.8200,10.8300,10.8400,61,69,28,143,28,7,210,181,97,250
SZ,002388,2017-01-03 10:06:21,10.7800,1,1078.0000,1,S,10.7800,10.7700,10.7600,10.7500,10.7400,10.8000,10.8100,10.8200,10.8300,10.8400,58,69,61,143,28,29,203,181,97,250
SZ,002388,2017-01-03 10:06:30,10.7800,5,63602.0000,59,S,10.7700,10.7600,10.7500,10.7400,10.7300,10.7800,10.8000,10.8100,10.8200,10.8300,69,61,143,28,22,41,29,203,181,97
SZ,002388,2017-01-03 10:06:33,10.7800,1,2156.0000,2,B,10.7700,10.7600,10.7500,10.7400,10.7300,10.7800,10.8000,10.8100,10.8200,10.8300,69,61,143,28,22,59,29,203,181,97
SZ,002388,2017-01-03 10:06:42,10.7800,1,14014.0000,13,B,10.7700,10.7600,10.7500,10.7400,10.7300,10.7800,10.8000,10.8100,10.8200,10.8300,69,61,143,28,22,47,28,203,181,97
SZ,002388,2017-01-03 10:06:54,10.7800,1,12936.0000,12,B,10.7700,10.7600,10.7500,10.7400,10.7300,10.7800,10.8000,10.8100,10.8200,10.8300,74,61,143,28,22,35,29,192,181,97
SZ,002388,2017-01-03 10:07:03,10.7700,4,75390.0000,70,S,10.7700,10.7600,10.7500,10.7300,10.7100,10.7800,10.8000,10.8100,10.8200,10.8300,4,61,143,22,10,35,29,192,181,97
SZ,002388,2017-01-03 10:07:06,10.7700,2,15078.0000,14,S,10.7600,10.7500,10.7300,10.7100,10.7000,10.7700,10.7800,10.8000,10.8100,10.8200,61,143,22,10,57,6,35,29,192,181
SZ,002388,2017-01-03 10:07:09,10.7800,4,22628.0000,21,B,10.7700,10.7600,10.7500,10.7300,10.7100,10.7800,10.8000,10.8100,10.8200,10.8300,1,61,133,50,10,24,8,192,181,97
SZ,002388,2017-01-03 10:07:18,10.7800,2,14014.0000,13,B,10.7700,10.7600,10.7500,10.7300,10.7100,10.7800,10.8000,10.8100,10.8200,10.8300,1,61,133,50,10,11,8,192,181,97
SZ,002388,2017-01-03 10:07:21,10.8100,5,42118.0000,39,B,10.7800,10.7700,10.7600,10.7500,10.7300,10.8100,10.8200,10.8300,10.8400,10.8500,1,2,61,133,50,172,181,97,259,239
SZ,002388,2017-01-03 10:07:27,10.7700,3,3233.0000,3,S,10.7700,10.7600,10.7500,10.7300,10.7100,10.8100,10.8200,10.8300,10.8400,10.8500,2,61,133,50,10,172,181,97,259,239
SZ,002388,2017-01-03 10:07:33,10.8100,1,14053.0000,13,B,10.7700,10.7600,10.7500,10.7300,10.7100,10.8100,10.8200,10.8300,10.8400,10.8500,2,61,133,50,10,159,181,97,259,239
SZ,002388,2017-01-03 10:07:51,10.8100,2,14047.0000,13,B,10.7700,10.7600,10.7500,10.7300,10.7100,10.8100,10.8200,10.8300,10.8400,10.8500,23,61,133,50,10,164,171,97,264,239
SZ,002388,2017-01-03 10:08:15,10.8000,1,10800.0000,10,B,10.8000,10.7700,10.7600,10.7500,10.7300,10.8100,10.8200,10.8300,10.8400,10.8500,3,22,61,133,50,174,191,97,264,240
SZ,002388,2017-01-03 10:08:18,10.8000,1,3240.0000,3,S,10.7700,10.7600,10.7500,10.7300,10.7100,10.8000,10.8100,10.8200,10.8300,10.8400,48,61,133,50,10,7,174,191,97,264
SZ,002388,2017-01-03 10:08:21,10.8000,1,2160.0000,2,B,10.7700,10.7600,10.7500,10.7300,10.7100,10.8000,10.8100,10.8200,10.8300,10.8400,48,61,133,50,10,5,174,191,97,264
SZ,002388,2017-01-03 10:08:24,10.8000,1,2160.0000,2,B,10.7700,10.7600,10.7500,10.7300,10.7100,10.8000,10.8100,10.8200,10.8300,10.8400,59,61,133,50,10,3,174,191,97,245
SZ,002388,2017-01-03 10:08:42,10.8000,1,1080.0000,1,B,10.7700,10.7600,10.7500,10.7300,10.7100,10.8000,10.8100,10.8200,10.8300,10.8400,69,61,133,70,10,21,184,191,116,245
SZ,002388,2017-01-03 10:09:21,10.8000,1,1080.0000,1,B,10.7700,10.7600,10.7500,10.7300,10.7100,10.8000,10.8100,10.8200,10.8300,10.8400,69,33,133,70,10,40,182,191,116,245
SZ,002388,2017-01-03 10:09:24,10.8000,1,1080.0000,1,B,10.7700,10.7600,10.7500,10.7300,10.7100,10.8000,10.8100,10.8200,10.8300,10.8400,70,33,133,70,10,39,182,191,116,245
SZ,002388,2017-01-03 10:09:27,10.8000,1,14040.0000,13,B,10.7700,10.7600,10.7500,10.7300,10.7100,10.8000,10.8100,10.8200,10.8300,10.8400,70,33,133,70,10,26,182,191,116,245
SZ,002388,2017-01-03 10:09:33,10.7700,2,23694.0000,22,S,10.7700,10.7600,10.7500,10.7300,10.7100,10.8000,10.8100,10.8200,10.8300,10.8400,48,33,133,70,10,48,182,191,116,245
SZ,002388,2017-01-03 10:10:06,10.7800,3,9702.0000,9,S,10.7800,10.7700,10.7600,10.7500,10.7300,10.8000,10.8100,10.8200,10.8300,10.8400,24,74,33,133,70,119,189,196,116,245
SZ,002388,2017-01-03 10:10:12,10.8000,2,4320.0000,4,B,10.7800,10.7700,10.7600,10.7500,10.7300,10.8000,10.8100,10.8200,10.8300,10.8400,25,74,38,133,70,115,179,196,121,245
SZ,002388,2017-01-03 10:10:21,10.8000,1,2160.0000,2,B,10.7800,10.7700,10.7600,10.7500,10.7300,10.8000,10.8100,10.8200,10.8300,10.8400,46,47,38,133,70,113,179,191,121,245
SZ,002388,2017-01-03 10:10:24,10.8000,1,2160.0000,2,B,10.7800,10.7700,10.7600,10.7500,10.7300,10.8000,10.8100,10.8200,10.8300,10.8400,47,47,38,133,70,111,179,191,121,245
SZ,002388,2017-01-03 10:10:27,10.8000,1,14040.0000,13,B,10.7800,10.7700,10.7600,10.7500,10.7300,10.8000,10.8100,10.8200,10.8300,10.8400,47,47,38,133,70,98,179,191,121,245
SZ,002388,2017-01-03 10:10:33,10.8000,3,22680.0000,21,B,10.7800,10.7700,10.7600,10.7500,10.7300,10.8000,10.8100,10.8200,10.8300,10.8400,47,47,38,133,70,102,179,191,121,245
SZ,002388,2017-01-03 10:10:36,10.7700,6,58205.0000,54,S,10.7700,10.7600,10.7500,10.7300,10.7100,10.8000,10.8100,10.8200,10.8300,10.8400,40,38,133,70,10,102,179,191,121,245
SZ,002388,2017-01-03 10:10:57,10.8000,1,5400.0000,5,B,10.7700,10.7600,10.7500,10.7300,10.7100,10.8000,10.8100,10.8200,10.8300,10.8400,43,38,133,70,10,102,179,191,121,245
SZ,002388,2017-01-03 10:11:21,10.8000,1,1080.0000,1,B,10.7700,10.7600,10.7500,10.7300,10.7100,10.8000,10.8100,10.8200,10.8300,10.8400,45,38,133,70,10,131,184,191,121,245
SZ,002388,2017-01-03 10:11:24,10.8000,1,1080.0000,1,B,10.7700,10.7600,10.7500,10.7300,10.7100,10.8000,10.8100,10.8200,10.8300,10.8400,46,38,133,70,10,130,184,191,121,245
SZ,002388,2017-01-03 10:11:39,10.7900,1,10790.0000,10,B,10.7900,10.7800,10.7700,10.7600,10.7500,10.8000,10.8100,10.8200,10.8300,10.8400,3,20,71,38,133,130,184,181,121,245
SZ,002388,2017-01-03 10:11:42,10.8000,1,1080.0000,1,B,10.7900,10.7800,10.7700,10.7600,10.7500,10.8000,10.8100,10.8200,10.8300,10.8400,3,20,71,38,133,129,189,181,121,245
SZ,002388,2017-01-03 10:11:51,10.8000,1,3240.0000,3,B,10.7900,10.7800,10.7700,10.7600,10.7500,10.8000,10.8100,10.8200,10.8300,10.8400,21,20,66,38,133,126,202,181,121,245
SZ,002388,2017-01-03 10:12:06,10.8000,1,3240.0000,3,B,10.7900,10.7800,10.7700,10.7600,10.7500,10.8000,10.8100,10.8200,10.8300,10.8400,21,20,63,38,133,123,202,181,121,245
SZ,002388,2017-01-03 10:12:12,10.7900,3,10790.0000,10,S,10.7900,10.7800,10.7700,10.7600,10.7500,10.8000,10.8100,10.8200,10.8300,10.8400,12,20,63,38,133,123,202,181,121,245
SZ,002388,2017-01-03 10:12:15,10.8000,1,14040.0000,13,B,10.7900,10.7800,10.7700,10.7600,10.7500,10.8000,10.8100,10.8200,10.8300,10.8400,12,20,62,38,133,110,202,181,121,245
SZ,002388,2017-01-03 10:12:18,10.7900,1,2158.0000,2,S,10.7900,10.7800,10.7700,10.7600,10.7500,10.8000,10.8100,10.8200,10.8300,10.8400,10,20,62,38,133,110,202,181,121,245
SZ,002388,2017-01-03 10:12:21,10.8000,1,1080.0000,1,B,10.7900,10.7800,10.7700,10.7600,10.7500,10.8000,10.8100,10.8200,10.8300,10.8400,11,20,61,48,133,109,202,181,121,245
SZ,002388,2017-01-03 10:12:24,10.8000,1,1080.0000,1,B,10.7900,10.7800,10.7700,10.7600,10.7500,10.8000,10.8100,10.8200,10.8300,10.8400,12,20,61,48,133,108,202,181,121,245
SZ,002388,2017-01-03 10:12:36,10.7900,1,4316.0000,4,S,10.7900,10.7800,10.7700,10.7600,10.7500,10.8000,10.8100,10.8200,10.8300,10.8400,18,20,61,48,133,110,203,181,121,45
SZ,002388,2017-01-03 10:12:42,10.7900,7,19422.0000,18,S,10.7800,10.7700,10.7600,10.7500,10.7300,10.7900,10.8000,10.8100,10.8200,10.8300,20,61,48,133,70,34,110,203,181,121
SZ,002388,2017-01-03 10:13:12,10.7900,1,1079.0000,1,B,10.7800,10.7700,10.7600,10.7500,10.7300,10.7900,10.8000,10.8100,10.8200,10.8300,21,60,53,133,70,154,110,203,201,121
SZ,002388,2017-01-03 10:13:21,10.7800,2,2157.0000,2,S,10.7800,10.7700,10.7600,10.7500,10.7300,10.7900,10.8000,10.8100,10.8200,10.8300,21,60,53,133,70,158,110,203,201,121
SZ,002388,2017-01-03 10:13:24,10.7900,1,1079.0000,1,B,10.7800,10.7700,10.7600,10.7500,10.7300,10.7900,10.8000,10.8100,10.8200,10.8300,22,60,53,133,70,157,110,203,201,121
SZ,002388,2017-01-03 10:13:27,10.7900,1,2158.0000,2,B,10.7800,10.7700,10.7600,10.7500,10.7300,10.7900,10.8000,10.8100,10.8200,10.8300,22,60,53,133,70,155,110,203,201,121
SZ,002388,2017-01-03 10:13:36,10.7800,1,7546.0000,7,S,10.7800,10.7700,10.7600,10.7500,10.7300,10.7900,10.8000,10.8100,10.8200,10.8300,15,60,53,133,70,155,110,203,201,121
SZ,002388,2017-01-03 10:13:42,10.7800,2,16183.0000,15,S,10.7800,10.7700,10.7600,10.7500,10.7300,10.7900,10.8000,10.8100,10.8200,10.8300,13,60,53,133,70,142,110,203,201,121
SZ,002388,2017-01-03 10:13:57,10.7900,2,21580.0000,20,B,10.7800,10.7700,10.7600,10.7500,10.7400,10.7900,10.8000,10.8100,10.8200,10.8300,13,60,53,133,6,122,110,203,201,121
SZ,002388,2017-01-03 10:14:06,10.7800,2,10782.0000,10,S,10.7800,10.7700,10.7600,10.7500,10.7400,10.7900,10.8000,10.8100,10.8200,10.8300,3,60,53,133,6,120,110,203,201,121
SZ,002388,2017-01-03 10:14:09,10.7900,1,2158.0000,2,B,10.7800,10.7700,10.7600,10.7500,10.7400,10.7900,10.8000,10.8100,10.8200,10.8300,4,60,53,133,6,128,110,203,201,121
SZ,002388,2017-01-03 10:14:15,10.7900,2,2158.0000,2,B,10.7800,10.7700,10.7600,10.7500,10.7400,10.7900,10.8000,10.8100,10.8200,10.8300,29,60,53,133,6,126,110,203,201,121
SZ,002388,2017-01-03 10:14:24,10.7800,5,12938.0000,12,S,10.7800,10.7700,10.7600,10.7500,10.7400,10.7900,10.8000,10.8100,10.8200,10.8300,24,60,53,133,6,124,110,203,201,121
SZ,002388,2017-01-03 10:14:39,10.7900,1,10790.0000,10,B,10.7800,10.7700,10.7600,10.7500,10.7400,10.7900,10.8000,10.8100,10.8200,10.8300,24,60,102,133,6,115,110,211,201,121
SZ,002388,2017-01-03 10:14:42,10.7900,1,1079.0000,1,B,10.7800,10.7700,10.7600,10.7500,10.7400,10.7900,10.8000,10.8100,10.8200,10.8300,24,60,102,133,6,114,110,211,201,121
SZ,002388,2017-01-03 10:15:00,10.7800,1,18326.0000,17,S,10.7800,10.7700,10.7600,10.7500,10.7400,10.7900,10.8000,10.8100,10.8200,10.8300,33,16,102,133,6,109,110,211,201,121
SZ,002388,2017-01-03 10:15:21,10.7900,1,8632.0000,8,B,10.7800,10.7700,10.7600,10.7500,10.7400,10.7900,10.8000,10.8100,10.8200,10.8300,55,16,102,133,6,8,110,211,201,121
SZ,002388,2017-01-03 10:15:48,10.7900,1,2158.0000,2,B,10.7800,10.7700,10.7600,10.7500,10.7400,10.7900,10.8000,10.8100,10.8200,10.8300,278,16,102,133,6,6,110,211,201,121
SZ,002388,2017-01-03 10:16:09,10.7800,3,30184.0000,28,S,10.7800,10.7700,10.7600,10.7500,10.7400,10.7900,10.8000,10.8100,10.8200,10.8300,250,16,102,142,6,1,108,211,201,121
SZ,002388,2017-01-03 10:16:12,10.7900,1,1079.0000,1,B,10.7800,10.7700,10.7600,10.7500,10.7400,10.8000,10.8100,10.8200,10.8300,10.8400,250,16,102,142,6,108,211,201,121,45
SZ,002388,2017-01-03 10:17:18,10.7900,1,1079.0000,1,S,10.7900,10.7800,10.7700,10.7600,10.7500,10.8000,10.8100,10.8200,10.8300,10.8400,1,27,16,111,142,129,211,201,121,45
SZ,002388,2017-01-03 10:17:21,10.8000,1,21600.0000,20,B,10.7900,10.7800,10.7700,10.7600,10.7500,10.8000,10.8100,10.8200,10.8300,10.8400,1,27,16,111,142,109,211,201,121,45
SZ,002388,2017-01-03 10:17:42,10.8000,2,2160.0000,2,B,10.7800,10.7700,10.7600,10.7500,10.7400,10.8000,10.8100,10.8200,10.8300,10.8400,27,16,111,142,6,107,211,201,121,45
SZ,002388,2017-01-03 10:17:45,10.8000,2,22680.0000,21,B,10.7800,10.7700,10.7600,10.7500,10.7400,10.8000,10.8100,10.8200,10.8300,10.8400,27,16,111,142,6,86,211,201,121,45
SZ,002388,2017-01-03 10:18:09,10.8000,4,18360.0000,17,B,10.7800,10.7700,10.7600,10.7500,10.7400,10.8000,10.8100,10.8200,10.8300,10.8400,27,16,111,142,6,85,211,201,121,45
SZ,002388,2017-01-03 10:18:12,10.8000,1,4320.0000,4,B,10.7800,10.7700,10.7600,10.7500,10.7400,10.8000,10.8100,10.8200,10.8300,10.8400,27,16,111,142,6,86,211,201,121,45
SZ,002388,2017-01-03 10:18:18,10.7800,1,4312.0000,4,S,10.7800,10.7700,10.7600,10.7500,10.7400,10.8000,10.8100,10.8200,10.8300,10.8400,46,16,111,142,6,86,198,201,121,45
SZ,002388,2017-01-03 10:18:48,10.8000,3,10800.0000,10,B,10.7800,10.7700,10.7600,10.7500,10.7400,10.8000,10.8100,10.8200,10.8300,10.8400,46,16,111,142,6,96,198,201,121,45
SZ,002388,2017-01-03 10:19:03,10.8000,2,14040.0000,13,B,10.7800,10.7700,10.7600,10.7500,10.7400,10.8000,10.8100,10.8200,10.8300,10.8400,46,16,111,142,6,84,198,201,121,45
SZ,002388,2017-01-03 10:19:12,10.8000,2,3240.0000,3,B,10.7800,10.7700,10.7600,10.7500,10.7400,10.8000,10.8100,10.8200,10.8300,10.8400,47,16,111,142,6,81,198,201,121,45
SZ,002388,2017-01-03 10:19:18,10.8000,5,54000.0000,50,B,10.7800,10.7700,10.7600,10.7500,10.7400,10.8000,10.8100,10.8200,10.8300,10.8400,47,16,111,142,6,31,198,201,121,45
SZ,002388,2017-01-03 10:19:54,10.8000,7,59285.0000,55,B,10.7700,10.7600,10.7500,10.7400,10.7300,10.8000,10.8100,10.8200,10.8300,10.8400,9,111,142,6,70,21,198,201,121,45
SZ,002388,2017-01-03 10:20:06,10.7700,2,3231.0000,3,S,10.7700,10.7600,10.7500,10.7400,10.7300,10.8000,10.8100,10.8200,10.8300,10.8400,6,111,142,6,70,51,198,201,121,45
SZ,002388,2017-01-03 10:20:21,10.7700,1,1077.0000,1,S,10.7700,10.7600,10.7500,10.7400,10.7300,10.8000,10.8100,10.8200,10.8300,10.8400,5,111,142,6,70,94,198,201,121,45
SZ,002388,2017-01-03 10:20:27,10.7700,3,11847.0000,11,S,10.7600,10.7500,10.7400,10.7300,10.7100,10.7700,10.8000,10.8100,10.8200,10.8300,111,142,6,70,10,39,94,198,201,121
SZ,002388,2017-01-03 10:20:30,10.7700,3,33387.0000,31,B,10.7600,10.7500,10.7400,10.7300,10.7100,10.7700,10.8000,10.8100,10.8200,10.8300,111,142,6,70,10,8,94,198,201,121
SZ,002388,2017-01-03 10:20:36,10.7700,4,14010.0000,13,B,10.7700,10.7600,10.7500,10.7400,10.7300,10.8000,10.8100,10.8200,10.8300,10.8400,1,111,142,6,70,90,198,201,121,45
SZ,002388,2017-01-03 10:20:42,10.8000,1,1080.0000,1,B,10.7600,10.7500,10.7400,10.7300,10.7100,10.8000,10.8100,10.8200,10.8300,10.8400,111,142,6,70,10,98,198,201,121,45
SZ,002388,2017-01-03 10:20:45,10.8000,6,26997.0000,25,B,10.7600,10.7500,10.7400,10.7300,10.7100,10.8000,10.8100,10.8200,10.8300,10.8400,111,142,6,70,10,74,198,201,121,45
SZ,002388,2017-01-03 10:20:51,10.8000,1,14040.0000,13,B,10.7700,10.7600,10.7500,10.7400,10.7300,10.8000,10.8100,10.8200,10.8300,10.8400,6,111,137,6,70,61,198,204,121,45
SZ,002388,2017-01-03 10:21:09,10.8000,2,14040.0000,13,B,10.7700,10.7600,10.7500,10.7400,10.7300,10.8000,10.8100,10.8200,10.8300,10.8400,29,111,137,6,70,44,198,204,121,45
SZ,002388,2017-01-03 10:21:15,10.8000,2,8640.0000,8,B,10.7700,10.7600,10.7500,10.7400,10.7300,10.8000,10.8100,10.8200,10.8300,10.8400,29,111,137,6,70,36,198,204,121,45
SZ,002388,2017-01-03 10:21:24,10.8000,1,6480.0000,6,B,10.7800,10.7700,10.7600,10.7500,10.7400,10.8000,10.8100,10.8200,10.8300,10.8400,6,23,111,137,6,30,198,204,121,45
SZ,002388,2017-01-03 10:21:54,10.8000,2,6480.0000,6,B,10.7700,10.7600,10.7500,10.7400,10.7300,10.8000,10.8100,10.8200,10.8300,10.8400,23,111,137,6,70,117,261,204,121,45
SZ,002388,2017-01-03 10:21:57,10.7900,1,6474.0000,6,S,10.7700,10.7600,10.7500,10.7400,10.7300,10.7900,10.8000,10.8100,10.8200,10.8300,23,111,137,6,70,92,117,266,204,121
SZ,002388,2017-01-03 10:22:03,10.7900,2,18343.0000,17,B,10.7700,10.7600,10.7500,10.7400,10.7300,10.7900,10.8000,10.8100,10.8200,10.8300,23,111,137,6,70,75,117,266,204,121
SZ,002388,2017-01-03 10:22:06,10.7700,1,2154.0000,2,S,10.7700,10.7600,10.7500,10.7400,10.7300,10.7900,10.8000,10.8100,10.8200,10.8300,23,111,137,6,70,75,117,266,204,121
SZ,002388,2017-01-03 10:22:12,10.7900,1,1079.0000,1,B,10.7700,10.7600,10.7500,10.7400,10.7300,10.7900,10.8000,10.8100,10.8200,10.8300,24,111,137,6,70,74,117,266,204,121
SZ,002388,2017-01-03 10:22:24,10.7900,1,36686.0000,34,B,10.7700,10.7600,10.7500,10.7400,10.7300,10.7900,10.8000,10.8100,10.8200,10.8300,24,111,137,6,70,40,117,266,204,121
SZ,002388,2017-01-03 10:22:33,10.7700,2,3233.0000,3,S,10.7700,10.7600,10.7500,10.7400,10.7300,10.7900,10.8000,10.8100,10.8200,10.8300,21,111,137,6,70,40,117,266,204,121
SZ,002388,2017-01-03 10:23:00,10.7900,2,31287.0000,29,B,10.7700,10.7600,10.7500,10.7400,10.7300,10.7900,10.8000,10.8100,10.8200,10.8300,40,111,147,6,70,13,123,266,204,121
SZ,002388,2017-01-03 10:23:09,10.7900,1,14027.0000,13,B,10.7800,10.7700,10.7600,10.7500,10.7400,10.8000,10.8100,10.8200,10.8300,10.8400,30,41,111,147,6,123,266,204,121,45
SZ,002388,2017-01-03 10:23:18,10.8000,2,21600.0000,20,B,10.7800,10.7700,10.7600,10.7500,10.7400,10.8000,10.8100,10.8200,10.8300,10.8400,30,41,111,247,6,103,266,204,121,45
SZ,002388,2017-01-03 10:23:24,10.7800,1,2156.0000,2,S,10.7800,10.7700,10.7600,10.7500,10.7400,10.8000,10.8100,10.8200,10.8300,10.8400,28,45,111,247,6,103,266,204,121,45
SZ,002388,2017-01-03 10:23:27,10.8000,2,47520.0000,44,B,10.7800,10.7700,10.7600,10.7500,10.7400,10.8000,10.8100,10.8200,10.8300,10.8400,28,45,111,247,6,59,266,204,121,45
SZ,002388,2017-01-03 10:23:33,10.7800,3,45302.0000,42,S,10.7700,10.7600,10.7500,10.7400,10.7300,10.7800,10.8000,10.8100,10.8200,10.8300,45,111,247,6,70,161,46,266,204,121
SZ,002388,2017-01-03 10:23:42,10.7800,2,93786.0000,87,B,10.7700,10.7600,10.7500,10.7400,10.7300,10.7800,10.8000,10.8100,10.8200,10.8300,45,111,247,6,70,74,46,266,204,121
SZ,002388,2017-01-03 10:23:45,10.7800,1,22638.0000,21,B,10.7700,10.7600,10.7500,10.7400,10.7300,10.7800,10.8000,10.8100,10.8200,10.8300,45,111,247,6,70,53,46,266,204,121
SZ,002388,2017-01-03 10:23:48,10.7700,1,2154.0000,2,S,10.7700,10.7600,10.7500,10.7400,10.7300,10.8000,10.8100,10.8200,10.8300,10.8400,43,111,247,6,70,136,266,184,121,45
SZ,002388,2017-01-03 10:23:57,10.7700,5,46311.0000,43,S,10.7600,10.7500,10.7400,10.7300,10.7100,10.7700,10.8000,10.8100,10.8200,10.8300,111,247,6,70,10,10,151,266,184,121
SZ,002388,2017-01-03 10:24:09,10.7700,2,21540.0000,20,B,10.7600,10.7500,10.7400,10.7300,10.7100,10.7700,10.8000,10.8100,10.8200,10.8300,111,247,6,70,10,10,151,266,184,121
SZ,002388,2017-01-03 10:24:12,10.7600,1,3228.0000,3,S,10.7600,10.7500,10.7400,10.7300,10.7100,10.7700,10.8000,10.8100,10.8200,10.8300,108,247,6,70,10,10,151,266,184,121
SZ,002388,2017-01-03 10:24:18,10.7700,2,11847.0000,11,B,10.7700,10.7600,10.7500,10.7400,10.7300,10.8000,10.8100,10.8200,10.8300,10.8400,23,138,247,6,70,151,266,184,121,45
SZ,002388,2017-01-03 10:24:30,10.8000,5,112320.0000,104,B,10.7700,10.7600,10.7500,10.7400,10.7300,10.8000,10.8100,10.8200,10.8300,10.8400,176,138,247,6,70,57,266,184,121,45
SZ,002388,2017-01-03 10:24:36,10.7700,1,2154.0000,2,S,10.7700,10.7600,10.7500,10.7400,10.7300,10.8000,10.8100,10.8200,10.8300,10.8400,174,138,247,6,70,57,266,184,121,45
SZ,002388,2017-01-03 10:25:00,10.7700,1,2154.0000,2,S,10.7700,10.7600,10.7500,10.7400,10.7300,10.8000,10.8100,10.8200,10.8300,10.8400,172,158,247,6,70,62,266,184,121,45
SZ,002388,2017-01-03 10:25:03,10.8000,2,8619.0000,8,B,10.7700,10.7600,10.7500,10.7400,10.7300,10.8000,10.8100,10.8200,10.8300,10.8400,165,158,247,6,70,61,266,184,121,45
SZ,002388,2017-01-03 10:25:06,10.8000,1,1080.0000,1,B,10.7700,10.7600,10.7500,10.7400,10.7300,10.8000,10.8100,10.8200,10.8300,10.8400,165,158,247,6,70,60,266,184,121,45
SZ,002388,2017-01-03 10:25:09,10.8000,1,3240.0000,3,B,10.7700,10.7600,10.7500,10.7400,10.7300,10.8000,10.8100,10.8200,10.8300,10.8400,168,158,247,6,70,57,266,184,121,45
SZ,002388,2017-01-03 10:25:12,10.8000,1,1080.0000,1,B,10.7700,10.7600,10.7500,10.7400,10.7300,10.8000,10.8100,10.8200,10.8300,10.8400,168,158,247,6,70,56,266,184,121,45
SZ,002388,2017-01-03 10:25:24,10.7700,1,3231.0000,3,S,10.7700,10.7600,10.7500,10.7400,10.7300,10.8000,10.8100,10.8200,10.8300,10.8400,165,158,249,6,70,56,266,184,121,45
SZ,002388,2017-01-03 10:25:30,10.8000,1,9720.0000,9,B,10.7700,10.7600,10.7500,10.7400,10.7300,10.8000,10.8100,10.8200,10.8300,10.8400,162,158,249,6,70,97,266,184,121,45
SZ,002388,2017-01-03 10:25:33,10.8000,3,42120.0000,39,B,10.7700,10.7600,10.7500,10.7400,10.7300,10.8000,10.8100,10.8200,10.8300,10.8400,162,158,249,6,70,58,266,184,121,45
SZ,002388,2017-01-03 10:25:36,10.8000,2,14040.0000,13,B,10.7700,10.7600,10.7500,10.7400,10.7300,10.8000,10.8100,10.8200,10.8300,10.8400,162,158,249,6,70,42,266,184,121,45
SZ,002388,2017-01-03 10:25:39,10.8000,1,45360.0000,42,B,10.8000,10.7700,10.7600,10.7500,10.7400,10.8100,10.8200,10.8300,10.8400,10.8500,6,162,158,249,6,266,184,121,45,160
SZ,002388,2017-01-03 10:25:45,10.8000,2,15120.0000,14,S,10.7700,10.7600,10.7500,10.7400,10.7300,10.8000,10.8100,10.8200,10.8300,10.8400,162,158,249,6,70,34,266,184,121,45
SZ,002388,2017-01-03 10:25:51,10.7700,1,3231.0000,3,S,10.7700,10.7600,10.7500,10.7400,10.7300,10.8000,10.8100,10.8200,10.8300,10.8400,159,198,249,6,70,34,266,184,121,45
SZ,002388,2017-01-03 10:25:57,10.7700,1,58158.0000,54,S,10.7800,10.7700,10.7600,10.7500,10.7400,10.8000,10.8100,10.8200,10.8300,10.8400,3,102,198,249,6,34,266,184,121,45
SZ,002388,2017-01-03 10:26:00,10.8000,2,15120.0000,14,B,10.7800,10.7700,10.7600,10.7500,10.7400,10.8000,10.8100,10.8200,10.8300,10.8400,3,102,198,249,6,20,266,184,121,45
SZ,002388,2017-01-03 10:26:06,10.8000,1,10800.0000,10,B,10.7800,10.7700,10.7600,10.7500,10.7400,10.8000,10.8100,10.8200,10.8300,10.8400,3,102,198,249,6,10,266,184,121,45
SZ,002388,2017-01-03 10:26:09,10.8000,2,50760.0000,47,B,10.7800,10.7700,10.7600,10.7500,10.7400,10.8000,10.8100,10.8200,10.8300,10.8400,3,102,198,249,6,13,266,184,121,45
SZ,002388,2017-01-03 10:26:15,10.7800,1,2156.0000,2,S,10.7800,10.7700,10.7600,10.7500,10.7400,10.8000,10.8100,10.8200,10.8300,10.8400,1,27,198,249,6,13,266,184,121,45
SZ,002388,2017-01-03 10:26:21,10.7800,1,1078.0000,1,S,10.7700,10.7600,10.7500,10.7400,10.7300,10.8000,10.8100,10.8200,10.8300,10.8400,27,198,249,6,70,13,266,184,121,45
SZ,002388,2017-01-03 10:26:24,10.8000,3,57240.0000,53,B,10.8000,10.7700,10.7600,10.7500,10.7400,10.8100,10.8200,10.8300,10.8400,10.8500,22,27,198,249,6,266,184,121,45,160
SZ,002388,2017-01-03 10:26:36,10.8100,4,151340.0000,140,B,10.8000,10.7700,10.7600,10.7500,10.7400,10.8100,10.8200,10.8300,10.8400,10.8500,22,27,198,249,6,126,184,121,45,160
SZ,002388,2017-01-03 10:26:39,10.8100,7,54047.0000,50,B,10.8000,10.7700,10.7600,10.7500,10.7400,10.8100,10.8200,10.8300,10.8400,10.8500,19,27,198,249,6,79,184,121,45,160
SZ,002388,2017-01-03 10:26:42,10.8200,10,136247.0000,126,B,10.8000,10.7700,10.7600,10.7500,10.7400,10.8100,10.8200,10.8300,10.8400,10.8500,19,127,198,259,6,3,143,121,45,160
SZ,002388,2017-01-03 10:26:51,10.8000,1,20520.0000,19,S,10.7800,10.7700,10.7600,10.7500,10.7400,10.8000,10.8100,10.8200,10.8300,10.8400,27,127,198,259,6,1,3,143,121,45
SZ,002388,2017-01-03 10:27:00,10.7800,1,2156.0000,2,S,10.7800,10.7700,10.7600,10.7500,10.7400,10.8000,10.8100,10.8200,10.8300,10.8400,25,127,198,259,6,1,3,143,121,45
SZ,002388,2017-01-03 10:27:06,10.7800,1,1078.0000,1,S,10.7800,10.7700,10.7600,10.7500,10.7400,10.8000,10.8100,10.8200,10.8300,10.8400,24,127,196,259,6,8,3,143,121,45
SZ,002388,2017-01-03 10:27:09,10.8000,2,8640.0000,8,B,10.8000,10.7800,10.7700,10.7600,10.7500,10.8100,10.8200,10.8300,10.8400,10.8500,5,34,127,196,259,3,143,121,45,160
SZ,002388,2017-01-03 10:27:24,10.8000,1,1080.0000,1,S,10.8000,10.7800,10.7700,10.7600,10.7500,10.8100,10.8200,10.8300,10.8400,10.8500,104,44,127,196,259,3,143,121,45,160
SZ,002388,2017-01-03 10:27:27,10.8000,1,4320.0000,4,S,10.8000,10.7800,10.7700,10.7600,10.7500,10.8100,10.8200,10.8300,10.8400,10.8500,100,47,129,196,259,3,143,121,45,160
SZ,002388,2017-01-03 10:27:30,10.8100,1,3243.0000,3,B,10.8100,10.8000,10.7800,10.7700,10.7600,10.8200,10.8300,10.8400,10.8500,10.8600,14,100,47,129,196,143,121,45,160,96
SZ,002388,2017-01-03 10:27:33,10.8100,2,36754.0000,34,S,10.8000,10.7800,10.7700,10.7600,10.7500,10.8100,10.8200,10.8300,10.8400,10.8500,100,47,129,196,259,16,143,121,45,160
SZ,002388,2017-01-03 10:27:39,10.8200,2,18378.0000,17,B,10.8000,10.7800,10.7700,10.7600,10.7500,10.8200,10.8300,10.8400,10.8500,10.8600,100,47,125,196,259,142,121,45,160,96
SZ,002388,2017-01-03 10:27:45,10.8200,4,136332.0000,126,B,10.8000,10.7800,10.7700,10.7600,10.7500,10.8200,10.8300,10.8400,10.8500,10.8600,100,47,125,196,271,16,121,45,160,96
SZ,002388,2017-01-03 10:27:48,10.8000,1,2160.0000,2,S,10.8000,10.7800,10.7700,10.7600,10.7500,10.8200,10.8300,10.8400,10.8500,10.8600,98,47,125,196,271,16,121,45,160,96
SZ,002388,2017-01-03 10:27:51,10.8200,1,6492.0000,6,B,10.8100,10.8000,10.7800,10.7700,10.7600,10.8200,10.8300,10.8400,10.8500,10.8600,10,98,47,125,196,10,121,45,160,96
SZ,002388,2017-01-03 10:28:06,10.8200,3,42198.0000,39,B,10.8100,10.8000,10.7800,10.7700,10.7600,10.8200,10.8300,10.8400,10.8500,10.8600,10,98,47,125,228,26,121,45,160,96
SZ,002388,2017-01-03 10:28:12,10.8200,2,3244.0000,3,B,10.8100,10.8000,10.7800,10.7700,10.7600,10.8200,10.8300,10.8400,10.8500,10.8600,9,98,47,108,228,25,121,45,160,96
SZ,002388,2017-01-03 10:28:15,10.8200,1,19476.0000,18,B,10.8100,10.8000,10.7800,10.7700,10.7600,10.8200,10.8300,10.8400,10.8500,10.8600,9,98,47,108,228,7,121,45,160,96
SZ,002388,2017-01-03 10:28:21,10.8200,3,7574.0000,7,B,10.8200,10.8100,10.8000,10.7800,10.7700,10.8300,10.8400,10.8500,10.8600,10.8700,7,9,98,47,108,111,45,160,96,133
SZ,002388,2017-01-03 10:28:30,10.8200,1,7574.0000,7,S,10.8100,10.8000,10.7800,10.7700,10.7600,10.8200,10.8300,10.8400,10.8500,10.8600,9,98,47,108,228,53,111,45,160,96
SZ,002388,2017-01-03 10:28:33,10.8100,2,34621.0000,32,S,10.8100,10.8000,10.7800,10.7700,10.7600,10.8200,10.8300,10.8400,10.8500,10.8600,6,98,47,108,228,24,111,45,160,96
SZ,002388,2017-01-03 10:28:39,10.8200,2,22719.0000,21,B,10.8100,10.8000,10.7800,10.7700,10.7600,10.8200,10.8300,10.8400,10.8500,10.8600,3,98,47,108,228,6,111,45,160,96
SZ,002388,2017-01-03 10:28:51,10.8300,8,66057.0000,61,B,10.8100,10.8000,10.7800,10.7700,10.7600,10.8300,10.8400,10.8500,10.8600,10.8700,3,98,47,108,228,56,45,160,96,138
SZ,002388,2017-01-03 10:28:57,10.8100,1,2162.0000,2,S,10.8100,10.8000,10.7800,10.7700,10.7600,10.8300,10.8400,10.8500,10.8600,10.8700,1,98,67,108,228,56,45,160,96,138
SZ,002388,2017-01-03 10:29:00,10.8300,2,50901.0000,47,B,10.8100,10.8000,10.7800,10.7700,10.7600,10.8300,10.8400,10.8500,10.8600,10.8700,1,98,67,108,228,9,45,160,96,138
SZ,002388,2017-01-03 10:29:03,10.8400,3,14082.0000,13,B,10.8100,10.8000,10.7800,10.7700,10.7600,10.8400,10.8500,10.8600,10.8700,10.8800,1,98,67,108,228,71,160,96,138,63
SZ,002388,2017-01-03 10:29:24,10.8100,2,3247.0000,3,S,10.8100,10.8000,10.7800,10.7700,10.7600,10.8400,10.8500,10.8600,10.8700,10.8800,51,98,67,108,228,99,160,96,138,63
SZ,002388,2017-01-03 10:29:39,10.8400,2,7588.0000,7,B,10.8100,10.8000,10.7800,10.7700,10.7600,10.8400,10.8500,10.8600,10.8700,10.8800,51,98,67,102,228,92,157,96,138,65
SZ,002388,2017-01-03 10:29:42,10.8400,1,1084.0000,1,B,10.8100,10.8000,10.7800,10.7700,10.7600,10.8400,10.8500,10.8600,10.8700,10.8800,51,98,67,102,228,111,157,96,138,65
SZ,002388,2017-01-03 10:29:45,10.8400,7,39018.0000,36,B,10.8100,10.8000,10.7800,10.7700,10.7600,10.8400,10.8500,10.8600,10.8700,10.8800,49,98,67,102,228,77,157,96,138,65
SZ,002388,2017-01-03 10:29:57,10.8400,2,53116.0000,49,B,10.8100,10.8000,10.7800,10.7700,10.7600,10.8400,10.8500,10.8600,10.8700,10.8800,49,98,67,102,228,72,167,96,138,65
SZ,002388,2017-01-03 10:30:06,10.8400,7,74787.0000,69,B,10.8100,10.8000,10.7800,10.7700,10.7600,10.8400,10.8500,10.8600,10.8700,10.8800,46,98,67,152,228,6,167,96,138,65
SZ,002388,2017-01-03 10:30:09,10.8100,1,2162.0000,2,S,10.8100,10.8000,10.7800,10.7700,10.7600,10.8400,10.8500,10.8600,10.8700,10.8800,44,98,67,152,228,6,167,96,138,65
SZ,002388,2017-01-03 10:30:15,10.8500,3,14098.0000,13,B,10.8100,10.8000,10.7800,10.7700,10.7600,10.8500,10.8600,10.8700,10.8800,10.8900,44,108,67,152,228,160,96,138,65,88
SZ,002388,2017-01-03 10:30:18,10.8100,1,2162.0000,2,S,10.8100,10.8000,10.7800,10.7700,10.7600,10.8500,10.8600,10.8700,10.8800,10.8900,42,108,67,152,228,150,96,138,65,88
SZ,002388,2017-01-03 10:30:27,10.8500,3,19530.0000,18,B,10.8100,10.8000,10.7800,10.7700,10.7600,10.8500,10.8600,10.8700,10.8800,10.8900,62,108,67,152,228,137,76,128,65,88
SZ,002388,2017-01-03 10:30:30,10.8500,6,50995.0000,47,B,10.8100,10.8000,10.7800,10.7700,10.7600,10.8500,10.8600,10.8700,10.8800,10.8900,62,108,67,152,228,90,76,128,65,88
SZ,002388,2017-01-03 10:30:33,10.8100,1,2162.0000,2,S,10.8100,10.8000,10.7800,10.7700,10.7600,10.8500,10.8600,10.8700,10.8800,10.8900,60,108,67,152,228,90,76,128,65,88
SZ,002388,2017-01-03 10:30:57,10.8400,2,10834.0000,10,B,10.8400,10.8100,10.8000,10.7800,10.7700,10.8500,10.8600,10.8700,10.8800,10.8900,13,90,109,67,152,114,81,113,95,88
SZ,002388,2017-01-03 10:31:00,10.8500,6,73780.0000,68,B,10.8400,10.8100,10.8000,10.7800,10.7700,10.8500,10.8600,10.8700,10.8800,10.8900,13,90,109,67,152,46,81,113,95,88
SZ,002388,2017-01-03 10:31:06,10.8500,2,7595.0000,7,B,10.8400,10.8100,10.8000,10.7800,10.7700,10.8500,10.8600,10.8700,10.8800,10.8900,13,90,99,67,152,39,81,110,95,88
SZ,002388,2017-01-03 10:31:09,10.8500,2,5425.0000,5,B,10.8400,10.8200,10.8100,10.8000,10.7800,10.8500,10.8600,10.8700,10.8800,10.8900,13,5,100,99,67,34,91,110,95,88
SZ,002388,2017-01-03 10:31:12,10.8500,2,1085.0000,1,B,10.8400,10.8200,10.8100,10.8000,10.7800,10.8500,10.8600,10.8700,10.8800,10.8900,53,5,100,99,67,33,101,110,95,88
SZ,002388,2017-01-03 10:31:15,10.8500,4,15190.0000,14,B,10.8400,10.8200,10.8100,10.8000,10.7800,10.8500,10.8600,10.8700,10.8800,10.8900,53,5,100,99,67,19,101,110,95,88
SZ,002388,2017-01-03 10:31:18,10.8500,1,3255.0000,3,B,10.8400,10.8200,10.8100,10.8000,10.7800,10.8500,10.8600,10.8700,10.8800,10.8900,53,5,97,99,67,16,138,120,95,88
SZ,002388,2017-01-03 10:31:21,10.8500,3,7593.0000,7,B,10.8400,10.8200,10.8100,10.8000,10.7800,10.8500,10.8600,10.8700,10.8800,10.8900,51,5,97,99,67,11,138,120,95,88
SZ,002388,2017-01-03 10:31:30,10.8500,2,12825.0000,12,B,10.8500,10.8400,10.8200,10.8100,10.8000,10.8600,10.8700,10.8800,10.8900,10.9000,35,51,15,97,99,132,122,95,88,399
SZ,002388,2017-01-03 10:31:33,10.8500,2,43595.0000,40,S,10.8400,10.8200,10.8100,10.8000,10.7800,10.8500,10.8600,10.8700,10.8800,10.8900,51,15,97,99,57,9,132,122,95,88
SZ,002388,2017-01-03 10:31:36,10.8500,3,32355.0000,30,B,10.8500,10.8400,10.8200,10.8100,10.8000,10.8600,10.8700,10.8800,10.8900,10.9000,19,51,15,92,99,132,122,95,88,399
SZ,002388,2017-01-03 10:31:39,10.8500,2,8680.0000,8,S,10.8500,10.8400,10.8200,10.8100,10.8000,10.8600,10.8700,10.8800,10.8900,10.9000,11,51,15,92,99,132,122,95,88,399
SZ,002388,2017-01-03 10:31:42,10.8500,2,12130.0000,11,S,10.8400,10.8200,10.8100,10.8000,10.7800,10.8500,10.8600,10.8700,10.8800,10.8900,51,15,92,99,57,0,132,122,110,88
SZ,002388,2017-01-03 10:31:45,10.8600,12,74917.0000,69,B,10.8400,10.8200,10.8100,10.8000,10.7800,10.8600,10.8700,10.8800,10.8900,10.9000,48,15,54,99,37,77,122,112,88,399
SZ,002388,2017-01-03 10:31:51,10.8500,2,10850.0000,10,S,10.8400,10.8200,10.8100,10.8000,10.7800,10.8600,10.8700,10.8800,10.8900,10.9000,53,15,54,99,37,77,122,112,88,399
SZ,002388,2017-01-03 10:32:09,10.8400,1,3252.0000,3,S,10.8400,10.8200,10.8100,10.8000,10.7800,10.8500,10.8600,10.8700,10.8800,10.8900,10,15,42,99,65,12,99,112,126,88
SZ,002388,2017-01-03 10:32:21,10.8500,1,5425.0000,5,B,10.8400,10.8200,10.8100,10.8000,10.7800,10.8500,10.8600,10.8700,10.8800,10.8900,10,15,42,109,65,46,93,110,131,88
SZ,002388,2017-01-03 10:32:30,10.8400,2,10840.0000,10,S,10.8200,10.8100,10.8000,10.7800,10.7700,10.8400,10.8500,10.8600,10.8700,10.8800,15,42,109,65,152,30,46,93,110,131
SZ,002388,2017-01-03 10:32:33,10.8200,1,2164.0000,2,S,10.8200,10.8100,10.8000,10.7800,10.7700,10.8400,10.8500,10.8600,10.8700,10.8800,13,42,109,65,152,30,46,93,110,131
SZ,002388,2017-01-03 10:32:42,10.8400,1,1084.0000,1,B,10.8200,10.8100,10.8000,10.7800,10.7700,10.8400,10.8500,10.8600,10.8700,10.8800,13,42,109,65,152,36,125,93,110,131
SZ,002388,2017-01-03 10:32:57,10.8200,1,2164.0000,2,S,10.8200,10.8100,10.8000,10.7800,10.7700,10.8400,10.8500,10.8600,10.8700,10.8800,11,42,109,65,152,21,127,103,110,131
SZ,002388,2017-01-03 10:33:00,10.8400,3,17344.0000,16,B,10.8200,10.8100,10.8000,10.7800,10.7700,10.8400,10.8500,10.8600,10.8700,10.8800,11,42,109,65,152,6,127,113,110,131
SZ,002388,2017-01-03 10:33:03,10.8400,6,20590.0000,19,B,10.8400,10.8200,10.8100,10.8000,10.7800,10.8500,10.8600,10.8700,10.8800,10.8900,18,8,42,109,65,127,113,110,131,132
SZ,002388,2017-01-03 10:33:06,10.8400,1,18428.0000,17,S,10.8400,10.8200,10.8100,10.8000,10.7800,10.8500,10.8600,10.8700,10.8800,10.8900,1,8,42,109,65,127,113,110,131,132
SZ,002388,2017-01-03 10:33:09,10.8200,2,9740.0000,9,S,10.8100,10.8000,10.7800,10.7700,10.7600,10.8200,10.8500,10.8600,10.8700,10.8800,42,109,65,152,228,6,127,113,120,131
SZ,002388,2017-01-03 10:33:21,10.8200,1,5410.0000,5,B,10.8100,10.8000,10.7800,10.7700,10.7600,10.8200,10.8500,10.8600,10.8700,10.8800,42,109,65,152,228,1,127,143,120,131
SZ,002388,2017-01-03 10:33:27,10.8100,1,2162.0000,2,S,10.8100,10.8000,10.7800,10.7700,10.7600,10.8200,10.8400,10.8500,10.8600,10.8700,64,109,65,152,228,1,50,127,143,120
SZ,002388,2017-01-03 10:33:30,10.8100,6,69184.0000,64,S,10.8000,10.7800,10.7700,10.7600,10.7500,10.8100,10.8200,10.8400,10.8500,10.8600,109,65,152,228,271,114,2,50,127,143
SZ,002388,2017-01-03 10:33:33,10.8100,2,24861.0000,23,B,10.8000,10.7800,10.7700,10.7600,10.7500,10.8100,10.8200,10.8400,10.8500,10.8600,107,65,152,228,271,93,2,50,127,143
SZ,002388,2017-01-03 10:33:39,10.8000,1,3240.0000,3,S,10.8000,10.7800,10.7700,10.7600,10.7500,10.8100,10.8200,10.8400,10.8500,10.8600,104,65,152,228,271,96,2,54,127,143
SZ,002388,2017-01-03 10:33:51,10.8100,1,54050.0000,50,B,10.8000,10.7800,10.7700,10.7600,10.7500,10.8100,10.8200,10.8400,10.8500,10.8600,104,65,152,228,271,46,2,63,127,143
SZ,002388,2017-01-03 10:33:57,10.8000,1,2160.0000,2,S,10.8000,10.7800,10.7700,10.7600,10.7500,10.8100,10.8200,10.8400,10.8500,10.8600,102,65,152,228,271,46,2,63,139,143
SZ,002388,2017-01-03 10:34:06,10.8000,1,3240.0000,3,S,10.8000,10.7800,10.7700,10.7600,10.7500,10.8100,10.8200,10.8400,10.8500,10.8600,99,65,152,228,271,43,2,59,139,148
SZ,002388,2017-01-03 10:34:09,10.8100,1,47035.0000,44,B,10.8100,10.8000,10.7800,10.7700,10.7600,10.8200,10.8400,10.8500,10.8600,10.8700,21,99,65,152,228,2,68,139,148,130
SZ,002388,2017-01-03 10:34:12,10.8200,1,1082.0000,1,B,10.8100,10.8000,10.7800,10.7700,10.7600,10.8200,10.8400,10.8500,10.8600,10.8700,21,99,65,152,228,1,68,139,148,130
SZ,002388,2017-01-03 10:34:21,10.8200,2,2164.0000,2,B,10.8200,10.8100,10.8000,10.7800,10.7700,10.8400,10.8500,10.8600,10.8700,10.8800,18,59,99,65,152,68,139,148,130,116
SZ,002388,2017-01-03 10:34:24,10.8200,1,2164.0000,2,S,10.8200,10.8100,10.8000,10.7800,10.7700,10.8400,10.8500,10.8600,10.8700,10.8800,16,59,99,65,152,78,139,148,130,116
SZ,002388,2017-01-03 10:34:27,10.8200,1,16230.0000,15,S,10.8200,10.8100,10.8000,10.7900,10.7800,10.8400,10.8500,10.8600,10.8700,10.8800,1,59,89,16,65,78,137,148,130,116
SZ,002388,2017-01-03 10:34:48,10.8100,2,2163.0000,2,S,10.8100,10.8000,10.7900,10.7800,10.7700,10.8300,10.8400,10.8500,10.8600,10.8700,58,89,16,65,152,1,78,137,138,130
SZ,002388,2017-01-03 10:34:54,10.8300,1,1083.0000,1,B,10.8100,10.8000,10.7900,10.7800,10.7700,10.8400,10.8500,10.8600,10.8700,10.8800,58,89,16,65,152,78,137,138,130,126
SZ,002388,2017-01-03 10:35:06,10.8400,7,87801.0000,81,B,10.8300,10.8100,10.8000,10.7900,10.7800,10.8500,10.8600,10.8700,10.8800,10.8900,31,58,89,16,65,137,138,130,126,132
SZ,002388,2017-01-03 10:35:21,10.8400,8,150813.0000,139,B,10.8300,10.8100,10.8000,10.7900,10.7800,10.8400,10.8600,10.8700,10.8800,10.8900,32,58,89,16,65,8,138,130,126,135
SZ,002388,2017-01-03 10:35:27,10.8300,1,1083.0000,1,S,10.8300,10.8100,10.8000,10.7900,10.7800,10.8400,10.8600,10.8700,10.8800,10.8900,31,58,89,16,65,8,138,127,126,135
SZ,002388,2017-01-03 10:35:30,10.8300,1,3249.0000,3,S,10.8300,10.8100,10.8000,10.7900,10.7800,10.8400,10.8600,10.8700,10.8800,10.8900,28,58,89,16,65,18,138,127,126,135
SZ,002388,2017-01-03 10:35:36,10.8400,1,1084.0000,1,B,10.8300,10.8100,10.8000,10.7900,10.7800,10.8400,10.8600,10.8700,10.8800,10.8900,28,58,89,16,65,17,138,127,126,135
SZ,002388,2017-01-03 10:35:42,10.8400,1,1084.0000,1,B,10.8300,10.8100,10.8000,10.7900,10.7800,10.8400,10.8600,10.8700,10.8800,10.8900,28,58,89,16,65,21,148,127,126,135
SZ,002388,2017-01-03 10:35:48,10.8400,3,22764.0000,21,B,10.8400,10.8300,10.8100,10.8000,10.7900,10.8600,10.8700,10.8800,10.8900,10.9000,6,1,58,89,26,148,126,126,135,423
SZ,002388,2017-01-03 10:35:54,10.8400,1,2168.0000,2,S,10.8400,10.8300,10.8100,10.8000,10.7900,10.8600,10.8700,10.8800,10.8900,10.9000,4,1,58,89,26,148,119,126,135,423
SZ,002388,2017-01-03 10:35:57,10.8400,1,3252.0000,3,S,10.8400,10.8300,10.8100,10.8000,10.7900,10.8500,10.8600,10.8700,10.8800,10.8900,1,1,58,89,26,20,148,119,126,135
SZ,002388,2017-01-03 10:36:00,10.8300,2,2167.0000,2,S,10.8100,10.8000,10.7900,10.7800,10.7700,10.8300,10.8500,10.8600,10.8700,10.8800,58,89,26,65,152,5,20,149,119,126
SZ,002388,2017-01-03 10:36:03,10.8300,1,1083.0000,1,B,10.8100,10.8000,10.7900,10.7800,10.7700,10.8300,10.8400,10.8500,10.8600,10.8700,58,89,26,65,152,4,3,20,179,119
SZ,002388,2017-01-03 10:36:06,10.8300,1,1083.0000,1,B,10.8100,10.8000,10.7900,10.7800,10.7700,10.8300,10.8400,10.8500,10.8600,10.8700,58,89,26,65,152,3,3,20,179,119
SZ,002388,2017-01-03 10:36:24,10.8100,1,2162.0000,2,S,10.8100,10.8000,10.7900,10.7800,10.7700,10.8400,10.8500,10.8600,10.8700,10.8800,56,89,26,65,152,3,20,168,119,126
SZ,002388,2017-01-03 10:36:45,10.8400,1,3859.0000,3,B,10.8400,10.8300,10.8100,10.8000,10.7900,10.8500,10.8600,10.8700,10.8800,10.8900,30,5,56,89,26,52,168,119,126,148
SZ,002388,2017-01-03 10:36:48,10.8400,1,1084.0000,1,S,10.8400,10.8300,10.8100,10.8000,10.7900,10.8500,10.8600,10.8700,10.8800,10.8900,29,5,56,89,26,52,168,119,126,148
SZ,002388,2017-01-03 10:36:54,10.8400,1,31913.0000,30,S,10.8300,10.8100,10.8000,10.7900,10.7800,10.8400,10.8500,10.8600,10.8700,10.8800,5,56,89,26,65,120,52,168,119,126
SZ,002388,2017-01-03 10:37:09,10.8300,1,3249.0000,3,S,10.8300,10.8100,10.8000,10.7900,10.7800,10.8400,10.8500,10.8600,10.8700,10.8800,8,56,89,26,65,140,52,168,119,131
SZ,002388,2017-01-03 10:37:12,10.8300,6,15163.0000,14,S,10.8300,10.8100,10.8000,10.7900,10.7800,10.8400,10.8500,10.8600,10.8700,10.8800,13,56,89,26,65,139,61,168,119,131
SZ,002388,2017-01-03 10:37:24,10.8300,3,10830.0000,10,S,10.8300,10.8100,10.8000,10.7900,10.7800,10.8400,10.8500,10.8600,10.8700,10.8800,3,56,89,26,65,164,95,168,119,131
SZ,002388,2017-01-03 10:37:36,10.8300,1,2166.0000,2,S,10.8300,10.8100,10.8000,10.7900,10.7800,10.8400,10.8500,10.8600,10.8700,10.8800,1,67,89,26,65,164,95,168,119,126
SZ,002388,2017-01-03 10:37:45,10.8400,1,21680.0000,20,B,10.8300,10.8100,10.8000,10.7900,10.7800,10.8400,10.8500,10.8600,10.8700,10.8800,1,67,89,26,65,144,100,138,119,126
SZ,002388,2017-01-03 10:37:51,10.8300,1,1083.0000,1,S,10.8100,10.8000,10.7900,10.7800,10.7700,10.8300,10.8400,10.8500,10.8600,10.8700,67,89,26,65,152,49,144,100,138,119
SZ,002388,2017-01-03 10:38:00,10.8100,1,2162.0000,2,S,10.8100,10.8000,10.7900,10.7800,10.7700,10.8300,10.8400,10.8500,10.8600,10.8700,65,89,26,65,152,49,147,100,138,119
SZ,002388,2017-01-03 10:38:24,10.8100,1,2162.0000,2,S,10.8100,10.8000,10.7900,10.7800,10.7700,10.8300,10.8400,10.8500,10.8600,10.8700,70,89,26,65,152,58,157,100,138,119
SZ,002388,2017-01-03 10:38:42,10.8200,1,1082.0000,1,B,10.8100,10.8000,10.7900,10.7800,10.7700,10.8200,10.8300,10.8400,10.8500,10.8600,78,89,26,65,152,19,30,157,100,138
SZ,002388,2017-01-03 10:38:51,10.8100,1,3243.0000,3,S,10.8100,10.8000,10.7900,10.7800,10.7700,10.8200,10.8300,10.8400,10.8500,10.8600,75,89,26,65,152,19,30,157,102,138
SZ,002388,2017-01-03 10:39:03,10.8100,1,9729.0000,9,S,10.8100,10.8000,10.7900,10.7800,10.7700,10.8200,10.8400,10.8500,10.8600,10.8700,66,89,26,65,152,19,157,102,148,119
SZ,002388,2017-01-03 10:39:15,10.8100,1,1081.0000,1,S,10.8100,10.8000,10.7900,10.7800,10.7700,10.8200,10.8400,10.8500,10.8600,10.8700,66,89,26,65,156,19,157,102,148,119
SZ,002388,2017-01-03 10:39:24,10.8200,1,20558.0000,19,B,10.8200,10.8100,10.8000,10.7900,10.7800,10.8400,10.8500,10.8600,10.8700,10.8800,15,55,89,26,65,157,102,148,119,126
SZ,002388,2017-01-03 10:39:33,10.8100,6,76214.0000,70,S,10.8000,10.7900,10.7800,10.7700,10.7600,10.8100,10.8400,10.8500,10.8600,10.8700,89,26,65,156,228,929,157,102,158,119
SZ,002388,2017-01-03 10:39:36,10.8100,1,54050.0000,50,B,10.8000,10.7900,10.7800,10.7700,10.7600,10.8100,10.8400,10.8500,10.8600,10.8700,89,26,65,156,228,879,157,102,158,119
SZ,002388,2017-01-03 10:39:39,10.8000,1,3240.0000,3,S,10.8000,10.7900,10.7800,10.7700,10.7600,10.8100,10.8400,10.8500,10.8600,10.8700,86,26,65,156,228,879,157,102,158,119
SZ,002388,2017-01-03 10:39:45,10.8100,1,7567.0000,7,B,10.8000,10.7900,10.7800,10.7700,10.7600,10.8100,10.8400,10.8500,10.8600,10.8700,86,26,65,156,219,872,157,102,158,119
SZ,002388,2017-01-03 10:39:48,10.8000,1,10800.0000,10,S,10.8000,10.7900,10.7800,10.7700,10.7600,10.8100,10.8400,10.8500,10.8600,10.8700,76,26,65,156,219,872,157,102,158,119
SZ,002388,2017-01-03 10:40:00,10.8000,1,2160.0000,2,S,10.8000,10.7900,10.7800,10.7700,10.7600,10.8100,10.8400,10.8500,10.8600,10.8700,74,26,65,156,219,872,157,102,158,119
SZ,002388,2017-01-03 10:40:06,10.8000,2,2160.0000,2,S,10.8000,10.7900,10.7800,10.7700,10.7600,10.8100,10.8400,10.8500,10.8600,10.8700,72,26,65,156,219,872,157,102,158,119
SZ,002388,2017-01-03 10:40:12,10.8100,1,1081.0000,1,B,10.8000,10.7900,10.7800,10.7700,10.7600,10.8100,10.8300,10.8400,10.8500,10.8600,72,26,65,156,219,871,20,157,102,158
SZ,002388,2017-01-03 10:40:15,10.8000,1,2160.0000,2,S,10.8000,10.7900,10.7800,10.7700,10.7600,10.8100,10.8300,10.8400,10.8500,10.8600,70,26,65,156,219,871,20,157,102,158
SZ,002388,2017-01-03 10:40:18,10.8100,1,11891.0000,11,B,10.8000,10.7900,10.7800,10.7700,10.7600,10.8100,10.8300,10.8400,10.8500,10.8600,70,26,65,156,219,860,20,157,102,158
SZ,002388,2017-01-03 10:40:21,10.8100,2,23782.0000,22,B,10.8000,10.7900,10.7800,10.7700,10.7600,10.8100,10.8300,10.8400,10.8500,10.8600,70,26,65,156,219,838,20,157,102,158
SZ,002388,2017-01-03 10:40:24,10.8000,1,19440.0000,18,S,10.8000,10.7900,10.7800,10.7700,10.7600,10.8100,10.8300,10.8400,10.8500,10.8600,52,26,65,156,219,838,20,157,102,158
SZ,002388,2017-01-03 10:40:39,10.8000,1,1080.0000,1,S,10.8000,10.7900,10.7800,10.7700,10.7600,10.8100,10.8300,10.8400,10.8500,10.8600,51,26,65,156,219,838,20,157,112,158
SZ,002388,2017-01-03 10:40:57,10.8100,1,42159.0000,39,B,10.8000,10.7900,10.7800,10.7700,10.7600,10.8100,10.8400,10.8500,10.8600,10.8700,51,26,65,156,219,803,157,112,158,119
SZ,002388,2017-01-03 10:41:00,10.8000,1,8640.0000,8,S,10.8000,10.7900,10.7800,10.7700,10.7600,10.8100,10.8400,10.8500,10.8600,10.8700,47,26,65,156,219,803,157,112,158,119
SZ,002388,2017-01-03 10:41:03,10.8000,1,3240.0000,3,S,10.8000,10.7900,10.7800,10.7700,10.7600,10.8100,10.8400,10.8500,10.8600,10.8700,44,26,65,156,219,803,157,112,158,119
SZ,002388,2017-01-03 10:41:09,10.8100,1,22701.0000,21,B,10.8000,10.7900,10.7800,10.7700,10.7600,10.8100,10.8400,10.8500,10.8600,10.8700,44,26,65,156,219,782,157,112,157,119
SZ,002388,2017-01-03 10:41:12,10.8100,1,11891.0000,11,B,10.8000,10.7900,10.7800,10.7700,10.7600,10.8100,10.8400,10.8500,10.8600,10.8700,44,26,65,156,219,771,157,112,157,119
SZ,002388,2017-01-03 10:41:15,10.8400,2,61776.0000,57,B,10.8000,10.7900,10.7800,10.7700,10.7600,10.8400,10.8500,10.8600,10.8700,10.8800,44,26,65,156,219,104,112,157,119,126
SZ,002388,2017-01-03 10:41:27,10.8000,1,2160.0000,2,S,10.8000,10.7900,10.7800,10.7700,10.7600,10.8400,10.8500,10.8600,10.8700,10.8800,47,26,65,156,219,104,112,157,119,126
SZ,002388,2017-01-03 10:41:42,10.8400,2,8672.0000,8,B,10.8100,10.8000,10.7900,10.7800,10.7700,10.8400,10.8500,10.8600,10.8700,10.8800,5,42,26,65,156,124,112,157,119,126
SZ,002388,2017-01-03 10:41:45,10.8400,1,21680.0000,20,B,10.8100,10.8000,10.7900,10.7800,10.7700,10.8400,10.8500,10.8600,10.8700,10.8800,5,42,26,65,156,104,112,157,119,126
SZ,002388,2017-01-03 10:41:51,10.8100,1,3243.0000,3,S,10.8100,10.8000,10.7900,10.7800,10.7700,10.8400,10.8500,10.8600,10.8700,10.8800,2,42,26,65,156,104,112,157,119,126
SZ,002388,2017-01-03 10:41:57,10.8400,1,1084.0000,1,B,10.8200,10.8000,10.7900,10.7800,10.7700,10.8400,10.8500,10.8600,10.8700,10.8800,1,52,26,65,156,155,112,157,119,126
SZ,002388,2017-01-03 10:42:00,10.8200,1,1082.0000,1,S,10.8000,10.7900,10.7800,10.7700,10.7600,10.8100,10.8400,10.8500,10.8600,10.8700,52,26,65,156,169,7,167,112,157,119
SZ,002388,2017-01-03 10:42:03,10.8100,1,7567.0000,7,B,10.8000,10.7900,10.7800,10.7700,10.7600,10.8400,10.8500,10.8600,10.8700,10.8800,52,16,65,156,169,167,112,157,119,126
SZ,002388,2017-01-03 10:42:15,10.8500,12,201619.0000,186,B,10.8000,10.7900,10.7800,10.7700,10.7600,10.8500,10.8600,10.8700,10.8800,10.8900,50,16,65,156,169,109,157,129,126,148
SZ,002388,2017-01-03 10:42:21,10.8000,1,1080.0000,1,S,10.8000,10.7900,10.7800,10.7700,10.7600,10.8100,10.8400,10.8500,10.8600,10.8700,59,16,65,156,169,767,81,109,157,129
SZ,002388,2017-01-03 10:42:24,10.8100,1,115667.0000,107,B,10.8000,10.7900,10.7800,10.7700,10.7600,10.8100,10.8400,10.8500,10.8600,10.8700,59,16,65,156,169,660,81,86,157,129
SZ,002388,2017-01-03 10:42:42,10.8000,1,2160.0000,2,S,10.8000,10.7900,10.7800,10.7700,10.7600,10.8100,10.8400,10.8500,10.8600,10.8700,74,86,55,156,169,668,101,86,157,119
SZ,002388,2017-01-03 10:42:45,10.8100,1,11891.0000,11,B,10.8000,10.7900,10.7800,10.7700,10.7600,10.8100,10.8400,10.8500,10.8600,10.8700,74,86,55,156,169,657,101,86,157,119
SZ,002388,2017-01-03 10:43:06,10.8000,1,2160.0000,2,S,10.8000,10.7900,10.7800,10.7700,10.7600,10.8100,10.8400,10.8500,10.8600,10.8700,72,86,55,156,169,661,101,81,157,119
SZ,002388,2017-01-03 10:43:12,10.8100,1,1081.0000,1,B,10.8000,10.7900,10.7800,10.7700,10.7600,10.8100,10.8400,10.8500,10.8600,10.8700,93,86,55,156,169,660,101,81,157,119
SZ,002388,2017-01-03 10:43:27,10.8000,2,39994.0000,37,S,10.8000,10.7900,10.7800,10.7700,10.7600,10.8100,10.8400,10.8500,10.8600,10.8700,90,86,55,156,169,626,101,91,157,119
SZ,002388,2017-01-03 10:43:30,10.8100,4,20539.0000,19,B,10.8000,10.7900,10.7800,10.7700,10.7600,10.8100,10.8400,10.8500,10.8600,10.8700,90,86,55,156,169,607,101,94,157,119
SZ,002388,2017-01-03 10:43:33,10.8000,2,8647.0000,8,S,10.8000,10.7900,10.7800,10.7700,10.7600,10.8100,10.8400,10.8500,10.8600,10.8700,94,86,55,156,169,600,101,94,157,119
SZ,002388,2017-01-03 10:43:42,10.8000,3,32400.0000,30,S,10.8000,10.7900,10.7800,10.7700,10.7600,10.8100,10.8300,10.8400,10.8500,10.8600,64,86,55,156,169,600,5,105,94,157
SZ,002388,2017-01-03 10:43:51,10.8000,2,2160.0000,2,S,10.8000,10.7900,10.7800,10.7700,10.7600,10.8100,10.8200,10.8300,10.8400,10.8500,62,86,55,156,169,600,8,5,115,94
SZ,002388,2017-01-03 10:44:12,10.8200,1,8656.0000,8,B,10.8200,10.8000,10.7900,10.7800,10.7700,10.8300,10.8400,10.8500,10.8600,10.8700,18,54,86,55,156,5,115,94,157,119
SZ,002388,2017-01-03 10:44:21,10.8200,1,3246.0000,3,S,10.8200,10.8000,10.7900,10.7800,10.7700,10.8300,10.8400,10.8500,10.8600,10.8700,15,54,86,55,156,5,115,94,157,119
SZ,002388,2017-01-03 10:44:27,10.8300,1,3249.0000,3,B,10.8200,10.8000,10.7900,10.7800,10.7700,10.8300,10.8400,10.8500,10.8600,10.8700,15,54,86,55,156,2,115,94,157,119
SZ,002388,2017-01-03 10:44:33,10.8300,2,10822.0000,10,B,10.8300,10.8200,10.8000,10.7900,10.7800,10.8400,10.8500,10.8600,10.8700,10.8800,18,7,54,86,55,115,94,157,119,136
SZ,002388,2017-01-03 10:44:36,10.8400,1,49864.0000,46,B,10.8300,10.8200,10.8000,10.7900,10.7800,10.8400,10.8500,10.8600,10.8700,10.8800,18,7,59,86,55,69,94,157,119,136
SZ,002388,2017-01-03 10:44:42,10.8200,4,28152.0000,26,S,10.8000,10.7900,10.7800,10.7700,10.7600,10.8200,10.8400,10.8500,10.8600,10.8700,59,86,55,156,169,60,68,104,157,119
SZ,002388,2017-01-03 10:44:45,10.8000,1,2160.0000,2,S,10.8000,10.7900,10.7800,10.7700,10.7600,10.8200,10.8400,10.8500,10.8600,10.8700,57,86,55,156,169,60,68,104,157,119
SZ,002388,2017-01-03 10:45:03,10.8000,1,4320.0000,4,S,10.8000,10.7900,10.7800,10.7700,10.7600,10.8200,10.8300,10.8400,10.8500,10.8600,68,86,55,156,169,60,4,68,95,157
SZ,002388,2017-01-03 10:45:09,10.8000,1,2160.0000,2,S,10.8000,10.7900,10.7800,10.7700,10.7600,10.8200,10.8300,10.8400,10.8500,10.8600,69,86,55,156,169,61,4,68,95,157
SZ,002388,2017-01-03 10:45:12,10.8000,2,7560.0000,7,S,10.8000,10.7900,10.7800,10.7700,10.7600,10.8200,10.8300,10.8400,10.8500,10.8600,62,86,55,156,169,61,4,68,95,157
SZ,002388,2017-01-03 10:45:18,10.8000,1,2160.0000,2,S,10.8000,10.7900,10.7800,10.7700,10.7600,10.8100,10.8200,10.8300,10.8400,10.8500,60,86,55,156,169,5,70,4,68,95
SZ,002388,2017-01-03 10:45:33,10.8000,1,1080.0000,1,S,10.8000,10.7900,10.7800,10.7700,10.7600,10.8100,10.8200,10.8300,10.8400,10.8500,59,185,55,156,169,5,70,4,68,95
SZ,002388,2017-01-03 10:45:36,10.8200,2,42193.0000,39,B,10.8000,10.7900,10.7800,10.7700,10.7600,10.8200,10.8300,10.8400,10.8500,10.8600,59,185,55,156,169,36,4,68,95,157
SZ,002388,2017-01-03 10:45:39,10.8000,11,63720.0000,59,S,10.7900,10.7800,10.7700,10.7600,10.7500,10.8000,10.8200,10.8300,10.8400,10.8500,185,55,156,169,259,545,36,4,68,95
SZ,002388,2017-01-03 10:45:45,10.8000,1,45360.0000,42,B,10.7900,10.7800,10.7700,10.7600,10.7500,10.8000,10.8200,10.8300,10.8400,10.8500,185,55,156,169,259,503,43,4,68,100
SZ,002388,2017-01-03 10:45:54,10.7900,2,30238.0000,28,S,10.7900,10.7800,10.7700,10.7600,10.7500,10.8000,10.8200,10.8300,10.8400,10.8500,183,55,156,169,259,477,43,4,68,100
SZ,002388,2017-01-03 10:46:12,10.8000,2,2159.0000,2,B,10.7900,10.7800,10.7700,10.7600,10.7500,10.8000,10.8200,10.8300,10.8400,10.8500,184,55,156,169,259,486,36,4,68,100
SZ,002388,2017-01-03 10:46:33,10.8000,1,2160.0000,2,B,10.7900,10.7800,10.7700,10.7600,10.7500,10.8000,10.8200,10.8300,10.8400,10.8500,182,102,156,169,259,494,36,4,68,100
SZ,002388,2017-01-03 10:46:36,10.8000,1,10800.0000,10,B,10.7900,10.7800,10.7700,10.7600,10.7500,10.8000,10.8200,10.8300,10.8400,10.8500,232,102,156,169,259,484,36,4,68,100
SZ,002388,2017-01-03 10:46:42,10.7900,1,2158.0000,2,S,10.7900,10.7800,10.7700,10.7600,10.7500,10.8000,10.8200,10.8300,10.8400,10.8500,230,102,156,169,259,491,36,4,68,100
SZ,002388,2017-01-03 10:46:48,10.8000,1,35640.0000,33,B,10.7900,10.7800,10.7700,10.7600,10.7500,10.8000,10.8200,10.8300,10.8400,10.8500,230,102,156,169,259,458,36,4,68,100
SZ,002388,2017-01-03 10:46:51,10.8000,1,49680.0000,46,B,10.7900,10.7800,10.7700,10.7600,10.7500,10.8000,10.8200,10.8300,10.8400,10.8500,230,102,156,169,259,412,36,4,68,100
SZ,002388,2017-01-03 10:46:57,10.7900,1,1079.0000,1,S,10.7900,10.7800,10.7700,10.7600,10.7500,10.8000,10.8200,10.8300,10.8400,10.8500,229,102,156,169,259,412,36,4,68,100
SZ,002388,2017-01-03 10:47:03,10.8000,1,1080.0000,1,B,10.7900,10.7800,10.7700,10.7600,10.7500,10.8000,10.8200,10.8300,10.8400,10.8500,231,102,156,169,259,411,36,4,68,100
