市场代码,证券代码,时间,最新价,成交笔数,成交额,成交量,方向,买一价,买二价,买三价,买四价,买五价,卖一价,卖二价,卖三价,卖四价,卖五价,买一量,买二量,买三量,买四量,买五量,卖一量,卖二量,卖三量,卖四量,卖五量
SZ,002373,2017-01-03 09:25:03,13.8100,8,68636.0000,50,S,13.8100,13.8000,13.7700,13.7600,13.7400,13.8300,13.9400,13.9500,13.9800,14.0000,11,44,2,18,2,9,18,2,58,16
SZ,002373,2017-01-03 09:30:03,13.8300,1,12447.0000,9,B,13.8300,13.8200,13.8100,13.8000,13.7700,13.8500,13.8800,13.9000,13.9200,13.9300,133,101,58,59,7,1,108,12,102,25
SZ,002373,2017-01-03 09:30:21,13.8500,1,1385.0000,1,B,13.8500,13.8300,13.8200,13.8100,13.8000,13.8800,13.9000,13.9200,13.9300,13.9400,2,135,137,68,96,108,15,102,25,56
SZ,002373,2017-01-03 09:30:33,13.8800,1,13880.0000,10,B,13.8500,13.8400,13.8300,13.8200,13.8100,13.8800,13.9000,13.9200,13.9300,13.9400,2,10,135,61,60,98,15,102,25,56
SZ,002373,2017-01-03 09:30:45,13.8800,1,49968.0000,36,B,13.8500,13.8400,13.8300,13.8200,13.8100,13.8800,13.9000,13.9200,13.9300,13.9400,7,10,131,30,60,62,15,102,25,56
SZ,002373,2017-01-03 09:30:48,13.8800,3,86056.0000,62,B,13.8500,13.8400,13.8300,13.8200,13.8100,13.9000,13.9200,13.9300,13.9400,13.9500,7,10,131,30,60,15,102,25,56,14
SZ,002373,2017-01-03 09:30:57,13.8800,1,13880.0000,10,B,13.8500,13.8400,13.8300,13.8200,13.8100,13.8800,13.9000,13.9200,13.9300,13.9400,36,15,121,38,60,13,15,102,25,56
SZ,002373,2017-01-03 09:31:00,13.8800,1,6940.0000,5,B,13.8500,13.8400,13.8300,13.8200,13.8100,13.8800,13.9000,13.9200,13.9300,13.9400,36,15,121,38,60,8,15,102,25,56
SZ,002373,2017-01-03 09:31:09,13.8800,4,15251.0000,11,B,13.8500,13.8400,13.8300,13.8200,13.8100,13.8800,13.9000,13.9200,13.9300,13.9400,33,15,121,38,60,28,33,102,25,56
SZ,002373,2017-01-03 09:31:12,13.8500,1,1385.0000,1,S,13.8500,13.8400,13.8300,13.8200,13.8100,13.8800,13.9000,13.9200,13.9300,13.9400,32,15,121,38,60,28,33,102,25,56
SZ,002373,2017-01-03 09:31:15,13.8800,4,16656.0000,12,B,13.8500,13.8400,13.8300,13.8200,13.8100,13.8800,13.9000,13.9200,13.9300,13.9400,32,15,121,38,60,16,133,102,25,56
SZ,002373,2017-01-03 09:31:18,13.8800,1,1388.0000,1,B,13.8500,13.8400,13.8300,13.8200,13.8100,13.8800,13.9000,13.9100,13.9200,13.9300,32,15,121,38,60,22,133,10,102,25
SZ,002373,2017-01-03 09:31:24,13.8500,2,11080.0000,8,S,13.8500,13.8400,13.8300,13.8200,13.8100,13.8800,13.9000,13.9100,13.9200,13.9300,24,15,121,38,60,37,133,10,102,25
SZ,002373,2017-01-03 09:31:27,13.8800,1,13880.0000,10,B,13.8500,13.8400,13.8300,13.8200,13.8100,13.8800,13.9000,13.9100,13.9200,13.9300,24,15,95,38,60,27,133,10,102,25
SZ,002373,2017-01-03 09:31:36,13.8800,1,6940.0000,5,B,13.8500,13.8400,13.8300,13.8200,13.8100,13.8800,13.8900,13.9000,13.9100,13.9300,46,15,95,38,60,147,20,133,10,25
SZ,002373,2017-01-03 09:31:42,13.8700,1,4161.0000,3,B,13.8500,13.8400,13.8300,13.8200,13.8100,13.8700,13.8800,13.8900,13.9000,13.9100,48,15,95,38,60,54,157,20,133,10
SZ,002373,2017-01-03 09:31:45,13.8500,2,36010.0000,26,S,13.8500,13.8400,13.8300,13.8200,13.8100,13.8700,13.8800,13.8900,13.9000,13.9100,22,15,95,38,60,54,157,20,133,10
SZ,002373,2017-01-03 09:31:48,13.8700,1,69350.0000,50,B,13.8500,13.8400,13.8300,13.8200,13.8100,13.8700,13.8800,13.8900,13.9000,13.9100,22,15,95,38,60,49,157,34,133,10
SZ,002373,2017-01-03 09:31:51,13.8700,3,20805.0000,15,B,13.8500,13.8400,13.8300,13.8200,13.8100,13.8700,13.8800,13.8900,13.9000,13.9100,22,15,95,38,60,34,157,34,133,10
SZ,002373,2017-01-03 09:31:54,13.8700,1,5548.0000,4,B,13.8500,13.8400,13.8300,13.8200,13.8100,13.8700,13.8800,13.8900,13.9000,13.9100,22,15,95,38,60,30,151,34,133,10
SZ,002373,2017-01-03 09:32:03,13.8600,1,13860.0000,10,S,13.8600,13.8500,13.8400,13.8300,13.8200,13.8700,13.8800,13.8900,13.9000,13.9100,4,22,15,95,37,39,151,34,133,10
SZ,002373,2017-01-03 09:32:06,13.8600,3,6930.0000,5,S,13.8500,13.8400,13.8300,13.8200,13.8100,13.8700,13.8800,13.8900,13.9000,13.9100,24,15,95,37,60,39,151,34,133,10
SZ,002373,2017-01-03 09:32:18,13.8500,4,23545.0000,17,S,13.8500,13.8400,13.8300,13.8200,13.8100,13.8600,13.8700,13.8800,13.8900,13.9000,80,15,95,30,60,10,55,151,34,133
SZ,002373,2017-01-03 09:32:24,13.8500,6,110800.0000,80,S,13.8400,13.8300,13.8200,13.8100,13.8000,13.8500,13.8600,13.8700,13.8800,13.8900,15,95,30,60,96,26,10,51,151,34
SZ,002373,2017-01-03 09:32:27,13.8500,1,6925.0000,5,B,13.8400,13.8300,13.8200,13.8100,13.8000,13.8500,13.8600,13.8700,13.8800,13.8900,15,95,30,60,96,21,10,46,151,34
SZ,002373,2017-01-03 09:32:30,13.8500,1,6925.0000,5,B,13.8400,13.8300,13.8200,13.8100,13.8000,13.8500,13.8600,13.8700,13.8800,13.8900,15,95,30,60,96,35,16,46,151,34
SZ,002373,2017-01-03 09:32:33,13.8500,1,2770.0000,2,B,13.8400,13.8300,13.8200,13.8100,13.8000,13.8500,13.8600,13.8700,13.8800,13.8900,15,95,30,60,96,44,16,29,141,34
SZ,002373,2017-01-03 09:32:39,13.8400,2,5536.0000,4,S,13.8400,13.8300,13.8200,13.8100,13.8000,13.8500,13.8600,13.8700,13.8800,13.8900,11,95,30,60,96,46,16,49,141,34
SZ,002373,2017-01-03 09:32:42,13.8400,2,13840.0000,10,S,13.8400,13.8300,13.8200,13.8100,13.8000,13.8500,13.8600,13.8700,13.8800,13.8900,1,95,30,60,106,46,16,49,39,34
SZ,002373,2017-01-03 09:32:45,13.8300,13,132769.0000,96,S,13.8200,13.8100,13.8000,13.7700,13.7600,13.8300,13.8500,13.8600,13.8700,13.8800,30,60,106,7,18,82,46,16,49,39
SZ,002373,2017-01-03 09:32:51,13.8300,1,69150.0000,50,B,13.8200,13.8100,13.8000,13.7700,13.7600,13.8300,13.8400,13.8500,13.8600,13.8700,68,60,106,7,18,32,7,46,16,49
SZ,002373,2017-01-03 09:32:54,13.8200,2,19348.0000,14,S,13.8200,13.8100,13.8000,13.7700,13.7600,13.8300,13.8400,13.8500,13.8600,13.8700,54,60,106,2,18,32,7,46,16,49
SZ,002373,2017-01-03 09:33:06,13.8300,1,19362.0000,14,B,13.8200,13.8100,13.8000,13.7700,13.7600,13.8300,13.8400,13.8500,13.8600,13.8700,58,50,106,2,18,18,7,44,29,49
SZ,002373,2017-01-03 09:33:12,13.8200,8,33168.0000,24,S,13.8200,13.8100,13.8000,13.7700,13.7600,13.8300,13.8400,13.8500,13.8600,13.8700,34,50,106,2,18,18,7,44,29,49
SZ,002373,2017-01-03 09:33:18,13.8300,1,9681.0000,7,B,13.8200,13.8100,13.8000,13.7700,13.7600,13.8300,13.8400,13.8500,13.8600,13.8700,34,50,106,2,18,11,32,38,29,49
SZ,002373,2017-01-03 09:33:21,13.8300,2,12447.0000,9,B,13.8200,13.8100,13.8000,13.7700,13.7600,13.8300,13.8400,13.8500,13.8600,13.8700,34,50,106,2,18,2,32,38,29,49
SZ,002373,2017-01-03 09:33:30,13.8200,7,105090.0000,76,S,13.8100,13.8000,13.7700,13.7600,13.7500,13.8200,13.8400,13.8500,13.8600,13.8700,50,106,2,18,17,58,4,38,29,45
SZ,002373,2017-01-03 09:33:33,13.8200,1,4146.0000,3,B,13.8100,13.8000,13.7700,13.7600,13.7500,13.8200,13.8400,13.8500,13.8600,13.8700,50,106,2,18,18,55,4,38,19,45
SZ,002373,2017-01-03 09:33:36,13.8200,1,49752.0000,36,B,13.8100,13.8000,13.7700,13.7600,13.7500,13.8200,13.8400,13.8500,13.8600,13.8700,50,106,2,18,18,19,4,38,19,45
SZ,002373,2017-01-03 09:33:45,13.8100,4,13810.0000,10,S,13.8100,13.8000,13.7700,13.7600,13.7500,13.8200,13.8400,13.8500,13.8600,13.8700,40,106,2,18,18,25,4,214,19,45
SZ,002373,2017-01-03 09:33:48,13.8200,1,1382.0000,1,B,13.8100,13.8000,13.7700,13.7600,13.7500,13.8200,13.8400,13.8500,13.8600,13.8700,40,106,2,18,18,29,4,214,19,45
SZ,002373,2017-01-03 09:33:51,13.8200,2,20730.0000,15,B,13.8100,13.8000,13.7700,13.7600,13.7500,13.8200,13.8400,13.8500,13.8600,13.8700,40,106,2,18,18,14,4,195,19,48
SZ,002373,2017-01-03 09:33:54,13.8200,1,1382.0000,1,B,13.8100,13.8000,13.7700,13.7600,13.7500,13.8200,13.8400,13.8500,13.8600,13.8700,40,101,2,18,18,13,4,195,19,48
SZ,002373,2017-01-03 09:34:00,13.8100,7,37287.0000,27,S,13.8100,13.8000,13.7700,13.7600,13.7500,13.8200,13.8400,13.8500,13.8600,13.8700,13,52,2,18,18,13,63,195,19,48
SZ,002373,2017-01-03 09:34:15,13.8100,4,8286.0000,6,S,13.8100,13.8000,13.7800,13.7700,13.7600,13.8200,13.8400,13.8500,13.8600,13.8700,14,47,11,2,18,38,63,195,19,48
SZ,002373,2017-01-03 09:34:18,13.8200,2,5528.0000,4,B,13.8100,13.8000,13.7800,13.7700,13.7600,13.8200,13.8400,13.8500,13.8600,13.8700,14,47,11,2,18,34,63,195,19,48
SZ,002373,2017-01-03 09:34:30,13.8200,3,27640.0000,20,B,13.8100,13.8000,13.7800,13.7700,13.7600,13.8200,13.8300,13.8400,13.8500,13.8600,67,47,11,2,18,14,3,63,195,19
SZ,002373,2017-01-03 09:34:33,13.8100,2,5527.0000,4,S,13.8100,13.8000,13.7800,13.7700,13.7600,13.8200,13.8300,13.8400,13.8500,13.8600,66,47,11,2,18,11,3,63,195,19
SZ,002373,2017-01-03 09:34:36,13.8200,1,11056.0000,8,B,13.8100,13.8000,13.7800,13.7700,13.7600,13.8200,13.8300,13.8400,13.8500,13.8600,66,47,11,2,18,3,3,63,195,19
SZ,002373,2017-01-03 09:34:51,13.8200,2,15202.0000,11,B,13.8200,13.8100,13.8000,13.7800,13.7700,13.8300,13.8400,13.8500,13.8600,13.8700,19,67,47,16,2,8,63,187,19,40
SZ,002373,2017-01-03 09:35:03,13.8200,1,2764.0000,2,S,13.8200,13.8100,13.8000,13.7800,13.7700,13.8300,13.8400,13.8500,13.8600,13.8700,18,67,47,16,2,8,63,187,19,40
SZ,002373,2017-01-03 09:35:12,13.8200,1,6910.0000,5,S,13.8200,13.8100,13.8000,13.7800,13.7700,13.8300,13.8400,13.8500,13.8600,13.8700,18,67,48,16,9,8,63,187,19,40
SZ,002373,2017-01-03 09:35:24,13.8200,3,23494.0000,17,S,13.8200,13.8100,13.8000,13.7800,13.7700,13.8300,13.8400,13.8500,13.8600,13.8700,3,67,48,16,9,8,83,187,19,40
SZ,002373,2017-01-03 09:35:30,13.8200,2,4146.0000,3,S,13.8100,13.8000,13.7800,13.7700,13.7600,13.8200,13.8300,13.8400,13.8500,13.8600,67,38,21,9,18,9,8,83,187,19
SZ,002373,2017-01-03 09:35:33,13.8300,2,13821.0000,10,B,13.8100,13.8000,13.7800,13.7700,13.7600,13.8300,13.8400,13.8500,13.8600,13.8700,67,38,21,9,18,7,83,187,19,40
SZ,002373,2017-01-03 09:35:36,13.8300,1,9681.0000,7,B,13.8300,13.8100,13.8000,13.7800,13.7700,13.8400,13.8500,13.8600,13.8700,13.8800,4,67,38,21,9,83,187,19,40,39
SZ,002373,2017-01-03 09:35:45,13.8300,3,41490.0000,30,S,13.8300,13.8200,13.8100,13.8000,13.7800,13.8400,13.8500,13.8600,13.8700,13.8800,12,9,77,38,21,63,187,19,40,39
SZ,002373,2017-01-03 09:35:48,13.8200,4,38708.0000,28,S,13.8100,13.8000,13.7800,13.7700,13.7600,13.8200,13.8400,13.8500,13.8600,13.8700,77,38,21,9,18,111,63,187,19,40
SZ,002373,2017-01-03 09:35:57,13.8200,1,2764.0000,2,B,13.8100,13.8000,13.7800,13.7700,13.7600,13.8200,13.8300,13.8400,13.8500,13.8600,77,33,21,9,18,109,3,63,187,19
SZ,002373,2017-01-03 09:36:00,13.8200,1,62190.0000,45,B,13.8100,13.8000,13.7800,13.7700,13.7600,13.8200,13.8300,13.8400,13.8500,13.8600,77,33,21,9,18,64,3,63,187,19
SZ,002373,2017-01-03 09:36:03,13.8800,17,553880.0000,400,B,13.8100,13.8000,13.7800,13.7700,13.7600,13.8800,13.8900,13.9000,13.9100,13.9300,77,33,21,9,18,25,44,130,10,25
SZ,002373,2017-01-03 09:36:30,13.8800,2,13880.0000,10,B,13.8200,13.8100,13.8000,13.7800,13.7700,13.8800,13.8900,13.9000,13.9100,13.9300,80,88,33,21,69,28,51,130,10,25
SZ,002373,2017-01-03 09:36:33,13.8200,1,5528.0000,4,S,13.8200,13.8100,13.8000,13.7800,13.7700,13.8800,13.8900,13.9000,13.9100,13.9300,64,88,33,21,69,28,51,130,10,25
SZ,002373,2017-01-03 09:36:39,13.8800,1,6940.0000,5,B,13.8200,13.8100,13.8000,13.7800,13.7700,13.8700,13.8800,13.8900,13.9000,13.9100,64,88,33,21,69,50,34,51,130,10
SZ,002373,2017-01-03 09:36:42,13.8700,1,2774.0000,2,B,13.8200,13.8100,13.8000,13.7800,13.7700,13.8700,13.8800,13.8900,13.9000,13.9100,69,88,33,21,69,48,34,51,130,10
SZ,002373,2017-01-03 09:36:45,13.9400,22,486530.0000,350,B,13.8200,13.8100,13.8000,13.7800,13.7700,13.9400,13.9500,13.9600,13.9700,13.9800,72,88,33,21,69,4,24,18,48,65
SZ,002373,2017-01-03 09:36:48,13.8200,3,76010.0000,55,S,13.8400,13.8200,13.8100,13.8000,13.7800,13.9400,13.9500,13.9600,13.9700,13.9800,12,17,88,33,21,4,24,18,48,65
SZ,002373,2017-01-03 09:36:54,13.9400,1,1394.0000,1,B,13.8400,13.8300,13.8200,13.8100,13.8000,13.9400,13.9500,13.9600,13.9700,13.9800,12,76,26,88,33,3,24,18,48,234
SZ,002373,2017-01-03 09:37:00,13.9400,3,13940.0000,10,B,13.8400,13.8300,13.8200,13.8100,13.8000,13.9400,13.9500,13.9600,13.9700,13.9800,12,76,28,88,34,4,28,18,48,234
SZ,002373,2017-01-03 09:37:21,13.8500,1,1385.0000,1,S,13.8500,13.8400,13.8300,13.8200,13.8100,13.9200,13.9300,13.9400,13.9500,13.9600,23,11,91,38,105,7,30,34,64,88
SZ,002373,2017-01-03 09:37:24,13.9200,2,6960.0000,5,B,13.8500,13.8400,13.8300,13.8200,13.8100,13.9200,13.9300,13.9400,13.9500,13.9600,23,11,91,38,105,2,82,74,64,95
SZ,002373,2017-01-03 09:37:45,13.9000,3,33360.0000,24,S,13.8600,13.8500,13.8400,13.8300,13.8200,13.9000,13.9200,13.9300,13.9400,13.9500,37,38,35,91,53,14,40,77,80,67
SZ,002373,2017-01-03 09:37:51,13.9000,1,5560.0000,4,B,13.8600,13.8500,13.8400,13.8300,13.8200,13.9000,13.9200,13.9300,13.9400,13.9500,38,41,35,91,53,25,40,77,80,70
SZ,002373,2017-01-03 09:38:00,13.9000,2,11111.0000,8,B,13.8700,13.8600,13.8500,13.8400,13.8300,13.9000,13.9200,13.9300,13.9400,13.9500,7,38,42,27,109,42,30,77,80,98
SZ,002373,2017-01-03 09:38:06,13.9000,1,1390.0000,1,B,13.8700,13.8600,13.8500,13.8400,13.8300,13.9000,13.9200,13.9300,13.9400,13.9500,20,38,42,41,109,41,30,77,90,98
SZ,002373,2017-01-03 09:38:09,13.9000,4,56990.0000,41,B,13.9000,13.8700,13.8600,13.8500,13.8400,13.9200,13.9300,13.9400,13.9500,13.9600,59,20,38,42,41,30,77,90,128,102
SZ,002373,2017-01-03 09:38:15,13.9000,2,16680.0000,12,S,13.9000,13.8700,13.8600,13.8500,13.8400,13.9200,13.9300,13.9400,13.9500,13.9600,57,29,38,42,41,30,77,90,128,102
SZ,002373,2017-01-03 09:38:24,13.9100,3,36141.0000,26,B,13.9000,13.8700,13.8600,13.8500,13.8400,13.9100,13.9200,13.9300,13.9400,13.9500,74,23,11,42,42,9,40,77,182,128
SZ,002373,2017-01-03 09:38:27,13.9200,2,13911.0000,10,B,13.9000,13.8700,13.8600,13.8500,13.8400,13.9200,13.9300,13.9400,13.9500,13.9600,74,23,11,42,42,40,77,182,128,102
SZ,002373,2017-01-03 09:38:42,13.9100,1,5564.0000,4,B,13.9100,13.9000,13.8700,13.8600,13.8500,13.9200,13.9300,13.9400,13.9500,13.9600,121,75,11,11,42,42,95,182,157,102
SZ,002373,2017-01-03 09:38:48,13.9100,1,69550.0000,50,S,13.9100,13.9000,13.8700,13.8600,13.8500,13.9200,13.9300,13.9400,13.9500,13.9600,83,75,11,11,42,47,95,182,157,102
SZ,002373,2017-01-03 09:38:54,13.9200,3,12524.0000,9,B,13.9100,13.9000,13.8700,13.8600,13.8500,13.9200,13.9300,13.9400,13.9500,13.9600,79,75,11,11,42,42,108,182,157,102
SZ,002373,2017-01-03 09:39:03,13.9100,1,13910.0000,10,S,13.9100,13.9000,13.8700,13.8600,13.8500,13.9200,13.9300,13.9400,13.9500,13.9600,69,75,11,11,42,42,108,188,154,102
SZ,002373,2017-01-03 09:39:09,13.9100,1,37557.0000,27,S,13.9100,13.9000,13.8700,13.8600,13.8500,13.9200,13.9300,13.9400,13.9500,13.9600,42,75,11,11,42,52,56,195,154,102
SZ,002373,2017-01-03 09:39:15,13.9100,1,1391.0000,1,S,13.9100,13.9000,13.8700,13.8600,13.8500,13.9200,13.9300,13.9400,13.9500,13.9600,31,75,11,19,42,52,56,195,154,102
SZ,002373,2017-01-03 09:39:18,13.9100,3,18083.0000,13,S,13.9100,13.9000,13.8700,13.8600,13.8500,13.9200,13.9300,13.9400,13.9500,13.9600,18,75,11,19,42,52,56,195,154,102
SZ,002373,2017-01-03 09:39:21,13.9100,1,2782.0000,2,S,13.9100,13.9000,13.8700,13.8600,13.8500,13.9200,13.9300,13.9400,13.9500,13.9600,26,75,11,19,42,52,72,195,154,102
SZ,002373,2017-01-03 09:39:24,13.9100,5,50076.0000,36,S,13.9000,13.8700,13.8600,13.8500,13.8400,13.9100,13.9200,13.9300,13.9400,13.9500,75,11,19,42,42,28,52,72,195,154
SZ,002373,2017-01-03 09:39:45,13.9100,1,8346.0000,6,B,13.9000,13.8700,13.8600,13.8500,13.8400,13.9100,13.9200,13.9300,13.9400,13.9500,75,11,19,43,32,62,55,76,195,155
SZ,002373,2017-01-03 09:39:51,13.9100,10,86242.0000,62,B,13.9000,13.8700,13.8600,13.8500,13.8400,13.9200,13.9300,13.9400,13.9500,13.9600,75,11,19,42,32,58,76,195,159,92
SZ,002373,2017-01-03 09:39:54,13.9000,1,5560.0000,4,S,13.9000,13.8700,13.8600,13.8500,13.8400,13.9100,13.9200,13.9300,13.9400,13.9500,71,11,19,42,32,7,58,76,195,159
SZ,002373,2017-01-03 09:40:00,13.9000,1,4170.0000,3,S,13.9000,13.8700,13.8600,13.8500,13.8400,13.9100,13.9200,13.9300,13.9400,13.9500,68,11,19,42,32,7,91,76,245,159
SZ,002373,2017-01-03 09:40:09,13.9000,1,13900.0000,10,S,13.9000,13.8700,13.8600,13.8500,13.8400,13.9100,13.9200,13.9300,13.9400,13.9500,59,11,19,42,32,7,91,96,193,159
SZ,002373,2017-01-03 09:40:12,13.9000,4,50818.0000,36,S,13.9000,13.8700,13.8600,13.8500,13.8400,13.9100,13.9200,13.9300,13.9400,13.9500,26,11,19,42,32,7,91,96,193,159
SZ,002373,2017-01-03 09:40:15,13.9100,2,23637.0000,17,B,13.9100,13.9000,13.8700,13.8600,13.8500,13.9200,13.9300,13.9400,13.9500,13.9600,23,16,11,19,42,91,96,193,159,92
SZ,002373,2017-01-03 09:40:18,13.9000,6,54845.0000,40,S,13.8700,13.8600,13.8500,13.8400,13.8300,13.9000,13.9200,13.9300,13.9400,13.9500,11,19,42,32,109,12,91,96,193,159
SZ,002373,2017-01-03 09:40:21,13.9000,1,17458.0000,12,B,13.9100,13.9000,13.8700,13.8600,13.8500,13.9200,13.9300,13.9400,13.9500,13.9600,24,3,11,19,42,91,96,193,159,92
SZ,002373,2017-01-03 09:40:30,13.9100,2,15301.0000,11,S,13.9100,13.9000,13.8700,13.8600,13.8500,13.9200,13.9300,13.9400,13.9500,13.9600,13,13,11,19,42,91,104,193,159,92
SZ,002373,2017-01-03 09:40:39,13.9100,1,4173.0000,3,S,13.9100,13.9000,13.8700,13.8600,13.8500,13.9200,13.9300,13.9400,13.9500,13.9600,10,13,11,19,42,69,154,191,159,92
SZ,002373,2017-01-03 09:40:45,13.9100,2,45903.0000,33,S,13.9100,13.9000,13.8700,13.8600,13.8500,13.9200,13.9300,13.9400,13.9500,13.9600,301,13,11,19,42,69,154,191,159,92
SZ,002373,2017-01-03 09:40:48,13.9100,1,2782.0000,2,S,13.9100,13.9000,13.8700,13.8600,13.8500,13.9200,13.9300,13.9400,13.9500,13.9600,299,13,11,19,42,69,154,191,159,92
SZ,002373,2017-01-03 09:40:51,13.9200,1,20880.0000,15,B,13.9100,13.9000,13.8700,13.8600,13.8500,13.9200,13.9300,13.9400,13.9500,13.9600,299,13,11,19,42,54,154,191,159,92
SZ,002373,2017-01-03 09:41:03,13.9100,1,27820.0000,20,S,13.9100,13.9000,13.8700,13.8600,13.8500,13.9200,13.9300,13.9400,13.9500,13.9600,294,13,11,19,42,64,155,191,159,92
SZ,002373,2017-01-03 09:41:06,13.9200,11,84912.0000,61,B,13.9200,13.9100,13.9000,13.8700,13.8600,13.9300,13.9400,13.9500,13.9600,13.9700,4,294,13,11,19,155,191,159,92,192
SZ,002373,2017-01-03 09:41:15,13.9300,2,15323.0000,11,B,13.9200,13.9100,13.9000,13.8700,13.8600,13.9300,13.9400,13.9500,13.9600,13.9700,4,294,13,11,19,123,187,159,92,192
SZ,002373,2017-01-03 09:41:42,13.9300,10,189448.0000,136,B,13.9300,13.9200,13.9100,13.9000,13.8700,13.9400,13.9500,13.9600,13.9700,13.9800,355,30,22,19,10,187,157,92,192,305
SZ,002373,2017-01-03 09:41:45,13.9400,2,11152.0000,8,B,13.9300,13.9200,13.9100,13.9000,13.8800,13.9400,13.9500,13.9600,13.9700,13.9800,356,20,22,19,2,179,157,92,192,305
SZ,002373,2017-01-03 09:41:57,13.9400,5,37638.0000,27,B,13.9300,13.9200,13.9100,13.9000,13.8800,13.9400,13.9500,13.9600,13.9700,13.9800,359,20,8,49,2,152,121,92,212,305
SZ,002373,2017-01-03 09:42:00,13.9400,4,57154.0000,41,B,13.9300,13.9200,13.9100,13.9000,13.8800,13.9400,13.9500,13.9600,13.9700,13.9800,359,20,8,49,2,111,121,92,212,305
SZ,002373,2017-01-03 09:42:03,13.9400,4,39010.0000,28,B,13.9300,13.9200,13.9100,13.9000,13.8800,13.9400,13.9500,13.9600,13.9700,13.9800,337,20,8,52,2,55,121,92,212,305
SZ,002373,2017-01-03 09:42:15,13.9400,1,8364.0000,6,B,13.9300,13.9200,13.9100,13.9000,13.8800,13.9400,13.9500,13.9600,13.9700,13.9800,342,20,8,57,2,55,121,94,212,305
SZ,002373,2017-01-03 09:42:21,13.9500,18,301253.0000,216,B,13.9500,13.9400,13.9300,13.9200,13.9100,13.9600,13.9700,13.9800,13.9900,14.0000,8,10,342,20,18,104,212,305,175,217
SZ,002373,2017-01-03 09:42:30,13.9500,1,12527.0000,9,S,13.9400,13.9300,13.9200,13.9100,13.9000,13.9500,13.9600,13.9700,13.9800,13.9900,20,344,20,10,47,119,157,212,305,175
SZ,002373,2017-01-03 09:42:36,13.9600,13,340505.0000,244,B,13.9400,13.9300,13.9200,13.9100,13.9000,13.9600,13.9700,13.9800,13.9900,14.0000,20,343,17,10,47,32,212,305,175,215
SZ,002373,2017-01-03 09:42:39,13.9500,1,27900.0000,20,S,13.9500,13.9400,13.9300,13.9200,13.9100,13.9600,13.9700,13.9800,13.9900,14.0000,70,20,343,17,10,42,212,305,175,215
SZ,002373,2017-01-03 09:42:42,13.9600,1,12564.0000,9,B,13.9500,13.9400,13.9300,13.9200,13.9100,13.9600,13.9700,13.9800,13.9900,14.0000,77,81,343,17,10,35,212,305,175,215
SZ,002373,2017-01-03 09:42:48,13.9600,4,29312.0000,21,B,13.9500,13.9400,13.9300,13.9200,13.9100,13.9600,13.9700,13.9800,13.9900,14.0000,106,81,10,13,10,96,197,305,175,215
SZ,002373,2017-01-03 09:42:51,13.9600,6,47444.0000,34,B,13.9500,13.9400,13.9300,13.9200,13.9100,13.9600,13.9700,13.9800,13.9900,14.0000,86,76,10,13,10,82,197,305,165,218
SZ,002373,2017-01-03 09:42:54,13.9600,3,6980.0000,5,B,13.9500,13.9400,13.9300,13.9200,13.9100,13.9600,13.9700,13.9800,13.9900,14.0000,86,76,10,13,10,69,197,305,165,221
SZ,002373,2017-01-03 09:43:00,13.9600,4,149372.0000,107,B,13.9500,13.9400,13.9300,13.9200,13.9100,13.9600,13.9700,13.9800,13.9900,14.0000,86,76,10,13,10,3,197,305,165,221
SZ,002373,2017-01-03 09:43:03,13.9600,1,4216.0000,3,B,13.9600,13.9500,13.9400,13.9300,13.9200,13.9700,13.9800,13.9900,14.0000,14.0100,339,86,76,10,13,197,305,165,221,11
SZ,002373,2017-01-03 09:43:06,13.9600,2,20940.0000,15,S,13.9600,13.9500,13.9400,13.9300,13.9200,13.9700,13.9800,13.9900,14.0000,14.0100,329,86,76,10,13,197,305,165,221,11
SZ,002373,2017-01-03 09:43:12,13.9600,2,33508.0000,24,S,13.9600,13.9500,13.9400,13.9300,13.9200,13.9700,13.9800,13.9900,14.0000,14.0100,309,79,76,10,13,201,305,171,221,11
SZ,002373,2017-01-03 09:43:15,13.9700,1,5588.0000,4,B,13.9600,13.9500,13.9400,13.9300,13.9200,13.9700,13.9800,13.9900,14.0000,14.0100,309,79,76,10,13,202,305,171,221,14
SZ,002373,2017-01-03 09:43:18,13.9800,17,740676.0000,530,B,13.9600,13.9500,13.9400,13.9300,13.9200,13.9800,13.9900,14.0000,14.0100,14.0200,282,79,76,10,13,12,171,221,14,20
SZ,002373,2017-01-03 09:43:21,13.9900,5,34948.0000,25,B,13.9700,13.9600,13.9500,13.9400,13.9300,13.9900,14.0000,14.0100,14.0200,14.0300,17,277,79,76,10,63,221,14,20,61
SZ,002373,2017-01-03 09:43:24,13.9900,2,6995.0000,5,B,13.9700,13.9600,13.9500,13.9400,13.9300,13.9800,13.9900,14.0000,14.0100,14.0200,34,277,33,76,10,24,58,216,14,20
SZ,002373,2017-01-03 09:43:27,13.9800,1,1398.0000,1,B,13.9700,13.9600,13.9500,13.9400,13.9300,13.9800,13.9900,14.0000,14.0100,14.0200,64,277,33,76,10,23,58,216,14,20
SZ,002373,2017-01-03 09:43:30,14.0000,22,457626.0000,327,B,14.0000,13.9700,13.9600,13.9500,13.9400,14.0100,14.0200,14.0300,14.0400,14.0500,53,44,277,33,76,14,20,61,13,56
SZ,002373,2017-01-03 09:43:39,14.0200,6,33631.0000,24,B,14.0200,14.0000,13.9800,13.9700,13.9600,14.0300,14.0400,14.0500,14.0600,14.0700,32,83,100,44,277,61,15,50,152,41
SZ,002373,2017-01-03 09:43:45,14.0000,3,82674.0000,59,S,14.0100,14.0000,13.9800,13.9700,13.9400,14.0300,14.0400,14.0500,14.0600,14.0700,32,66,100,51,76,61,25,50,152,141
SZ,002373,2017-01-03 09:43:48,14.0300,2,28060.0000,20,B,14.0100,14.0000,13.9800,13.9700,13.9400,14.0300,14.0400,14.0500,14.0600,14.0700,132,66,100,51,76,41,25,58,152,141
SZ,002373,2017-01-03 09:43:51,14.0400,8,92623.0000,66,B,14.0400,14.0100,14.0000,13.9800,13.9700,14.0500,14.0600,14.0700,14.0800,14.0900,434,132,66,100,51,74,152,141,12,14
SZ,002373,2017-01-03 09:43:54,14.0500,2,16860.0000,12,B,14.0400,14.0100,14.0000,13.9800,13.9700,14.0500,14.0600,14.0700,14.0800,14.0900,434,132,66,100,51,65,152,141,12,14
SZ,002373,2017-01-03 09:43:57,14.0500,2,7025.0000,5,B,14.0400,14.0100,14.0000,13.9800,13.9700,14.0500,14.0600,14.0700,14.0800,14.0900,434,132,66,100,51,64,152,141,12,14
SZ,002373,2017-01-03 09:44:00,14.0400,1,14040.0000,10,S,14.0400,14.0300,14.0100,14.0000,13.9700,14.0500,14.0600,14.0700,14.0800,14.0900,424,7,132,66,44,58,152,141,12,14
SZ,002373,2017-01-03 09:44:03,14.0500,10,386375.0000,275,B,14.0500,14.0400,14.0300,14.0100,14.0000,14.0600,14.0700,14.0800,14.0900,14.1000,61,424,17,133,66,152,141,12,18,218
SZ,002373,2017-01-03 09:44:06,14.0500,5,53390.0000,38,S,14.0500,14.0400,14.0300,14.0100,14.0000,14.0600,14.0700,14.0800,14.0900,14.1000,95,424,17,133,66,140,141,12,38,218
SZ,002373,2017-01-03 09:44:09,14.0600,1,14060.0000,10,B,14.0500,14.0400,14.0300,14.0100,14.0000,14.0600,14.0700,14.0800,14.0900,14.1000,295,424,17,133,66,140,141,12,38,218
SZ,002373,2017-01-03 09:44:12,14.0500,4,37935.0000,27,S,14.0500,14.0400,14.0300,14.0100,14.0000,14.0600,14.0700,14.0800,14.0900,14.1000,280,424,17,101,66,140,141,17,38,218
SZ,002373,2017-01-03 09:44:15,14.0400,11,924152.0000,658,S,14.0400,14.0300,14.0100,14.0000,13.9900,14.0600,14.0700,14.0800,14.0900,14.1000,78,17,101,66,5,137,141,17,44,218
SZ,002373,2017-01-03 09:44:21,14.0400,3,35105.0000,25,S,14.0400,14.0300,14.0100,14.0000,13.9900,14.0500,14.0600,14.0700,14.0800,14.0900,58,17,101,68,5,60,141,153,17,54
SZ,002373,2017-01-03 09:44:24,14.0600,9,174162.0000,124,B,14.0300,14.0100,14.0000,13.9900,13.9700,14.0600,14.0700,14.0800,14.0900,14.1000,17,101,68,5,44,145,153,17,98,221
SZ,002373,2017-01-03 09:44:27,14.0500,1,1405.0000,1,S,14.0300,14.0100,14.0000,13.9700,13.9400,14.0500,14.0600,14.0700,14.0800,14.0900,17,100,68,44,76,83,160,153,17,98
SZ,002373,2017-01-03 09:44:30,14.0400,1,2808.0000,2,S,14.0300,14.0100,14.0000,13.9700,13.9400,14.0400,14.0500,14.0600,14.0700,14.0800,17,100,68,44,76,1,159,162,163,17
SZ,002373,2017-01-03 09:44:33,14.0500,12,179731.0000,128,B,14.0100,14.0000,13.9700,13.9400,13.9300,14.0300,14.0500,14.0600,14.0700,14.0800,100,68,44,76,5,54,670,172,163,17
SZ,002373,2017-01-03 09:44:36,14.0100,2,46235.0000,33,S,14.0100,14.0000,13.9700,13.9600,13.9400,14.0300,14.0500,14.0600,14.0700,14.0800,68,69,44,16,76,53,673,173,163,17
SZ,002373,2017-01-03 09:44:42,14.0200,1,9814.0000,7,S,14.0100,14.0000,13.9700,13.9600,13.9400,14.0300,14.0400,14.0500,14.0600,14.0700,68,69,44,16,76,63,22,678,183,163
SZ,002373,2017-01-03 09:44:45,14.0100,3,57443.0000,41,S,14.0100,14.0000,13.9700,13.9600,13.9400,14.0300,14.0400,14.0500,14.0600,14.0700,28,69,44,16,76,62,226,680,213,163
SZ,002373,2017-01-03 09:44:48,14.0100,3,40631.0000,29,S,14.0000,13.9700,13.9600,13.9400,13.9300,14.0100,14.0200,14.0300,14.0400,14.0500,71,34,16,76,15,2,12,65,237,690
SZ,002373,2017-01-03 09:44:51,14.0100,2,28020.0000,20,B,14.0000,13.9700,13.9600,13.9500,13.9400,14.0100,14.0200,14.0300,14.0400,14.0500,71,34,16,4,76,10,62,68,254,690
SZ,002373,2017-01-03 09:44:54,14.0200,5,117758.0000,84,B,14.0200,14.0000,13.9700,13.9600,13.9500,14.0300,14.0400,14.0500,14.0600,14.0700,4,71,34,16,4,78,254,686,222,163
SZ,002373,2017-01-03 09:44:57,14.0100,3,21021.0000,15,S,14.0000,13.9700,13.9600,13.9500,13.9400,14.0100,14.0300,14.0400,14.0500,14.0600,71,34,16,4,76,36,82,307,691,222
SZ,002373,2017-01-03 09:45:00,14.0100,3,16807.0000,12,B,14.0000,13.9700,13.9600,13.9500,13.9400,14.0100,14.0200,14.0300,14.0400,14.0500,66,34,16,4,76,43,9,82,307,656
SZ,002373,2017-01-03 09:45:03,14.0000,1,14000.0000,10,S,14.0000,13.9700,13.9600,13.9500,13.9400,14.0100,14.0200,14.0300,14.0400,14.0500,69,34,16,4,76,48,20,75,297,656
SZ,002373,2017-01-03 09:45:06,14.0000,4,72832.0000,52,S,14.0000,13.9800,13.9700,13.9600,13.9500,14.0100,14.0200,14.0300,14.0400,14.0500,49,8,34,16,4,16,20,80,297,660
SZ,002373,2017-01-03 09:45:12,14.0000,2,23800.0000,17,S,14.0000,13.9800,13.9700,13.9600,13.9500,14.0100,14.0200,14.0300,14.0400,14.0500,74,8,34,16,4,16,14,90,297,658
SZ,002373,2017-01-03 09:45:15,14.0000,7,102200.0000,73,S,14.0000,13.9800,13.9700,13.9600,13.9500,14.0100,14.0200,14.0300,14.0400,14.0500,1,8,34,16,4,18,24,90,297,658
SZ,002373,2017-01-03 09:45:18,14.0000,2,4200.0000,3,S,13.9800,13.9700,13.9600,13.9500,13.9400,14.0000,14.0100,14.0200,14.0300,14.0400,8,34,16,4,76,648,18,25,90,297
SZ,002373,2017-01-03 09:45:24,13.9800,1,6990.0000,5,S,13.9800,13.9700,13.9600,13.9500,13.9400,14.0000,14.0100,14.0200,14.0300,14.0400,3,34,16,4,76,648,18,31,90,289
SZ,002373,2017-01-03 09:45:27,13.9800,1,4194.0000,3,S,13.9700,13.9600,13.9500,13.9400,13.9300,13.9800,14.0000,14.0100,14.0200,14.0300,34,16,4,76,15,7,642,18,31,90
SZ,002373,2017-01-03 09:45:33,13.9700,1,8382.0000,6,S,13.9700,13.9600,13.9500,13.9400,13.9300,13.9800,14.0000,14.0100,14.0200,14.0300,28,16,4,76,15,27,642,18,31,40
SZ,002373,2017-01-03 09:45:36,14.0000,6,58740.0000,42,B,13.9700,13.9600,13.9500,13.9400,13.9300,14.0000,14.0100,14.0200,14.0300,14.0400,26,16,4,76,15,629,18,31,40,276
SZ,002373,2017-01-03 09:45:48,13.9700,5,55894.0000,40,S,13.9700,13.9500,13.9400,13.9300,13.9200,14.0000,14.0100,14.0200,14.0300,14.0400,18,4,76,15,13,629,18,31,40,92
SZ,002373,2017-01-03 09:45:54,13.9900,1,1399.0000,1,S,13.9800,13.9700,13.9500,13.9400,13.9300,13.9900,14.0000,14.0100,14.0200,14.0300,36,18,4,76,15,49,629,24,31,40
SZ,002373,2017-01-03 09:46:00,13.9900,2,8394.0000,6,B,13.9800,13.9700,13.9500,13.9400,13.9300,13.9900,14.0000,14.0100,14.0200,14.0300,46,18,4,76,15,54,629,24,31,37
SZ,002373,2017-01-03 09:46:06,13.9900,3,76940.0000,55,B,13.9800,13.9700,13.9500,13.9400,13.9300,13.9900,14.0000,14.0100,14.0200,14.0300,41,18,4,76,17,4,635,17,31,37
SZ,002373,2017-01-03 09:46:09,14.0000,2,69996.0000,50,B,13.9800,13.9700,13.9500,13.9400,13.9300,14.0000,14.0100,14.0200,14.0300,14.0400,41,23,4,76,17,589,17,31,37,92
SZ,002373,2017-01-03 09:46:39,13.9900,9,841399.0000,601,S,13.9900,13.9800,13.9700,13.9500,13.9400,14.0100,14.0200,14.0300,14.0400,14.0500,20,42,23,34,76,17,31,28,92,658
SZ,002373,2017-01-03 09:46:42,13.9900,1,1399.0000,1,S,13.9900,13.9800,13.9700,13.9500,13.9400,14.0000,14.0100,14.0200,14.0300,14.0400,19,42,23,34,76,30,17,31,23,92
SZ,002373,2017-01-03 09:46:48,13.9900,4,39172.0000,28,S,13.9800,13.9700,13.9500,13.9400,13.9300,13.9900,14.0000,14.0100,14.0200,14.0300,52,23,34,76,17,11,30,17,31,23
SZ,002373,2017-01-03 09:46:51,13.9900,1,8394.0000,6,B,13.9800,13.9700,13.9500,13.9400,13.9300,13.9900,14.0000,14.0100,14.0200,14.0300,52,23,44,76,17,5,30,17,31,23
SZ,002373,2017-01-03 09:47:00,13.9800,1,4194.0000,3,S,13.9800,13.9700,13.9500,13.9400,13.9300,13.9900,14.0000,14.0100,14.0200,14.0300,54,23,48,71,17,8,30,17,31,23
SZ,002373,2017-01-03 09:47:03,13.9900,3,11192.0000,8,B,13.9900,13.9800,13.9700,13.9500,13.9400,14.0000,14.0100,14.0200,14.0300,14.0400,15,54,23,38,71,30,17,31,23,92
SZ,002373,2017-01-03 09:47:06,13.9900,2,6995.0000,5,S,13.9900,13.9800,13.9700,13.9500,13.9400,14.0000,14.0100,14.0200,14.0300,14.0400,37,49,23,38,71,30,17,31,23,92
SZ,002373,2017-01-03 09:47:09,14.0000,1,14000.0000,10,B,13.9900,13.9800,13.9700,13.9500,13.9400,14.0000,14.0100,14.0200,14.0300,14.0400,37,49,23,38,71,20,17,31,23,92
SZ,002373,2017-01-03 09:47:15,13.9900,2,6995.0000,5,S,13.9900,13.9800,13.9700,13.9500,13.9400,14.0000,14.0100,14.0200,14.0300,14.0400,42,49,23,38,71,20,17,31,23,96
SZ,002373,2017-01-03 09:47:24,13.9900,2,11192.0000,8,S,13.9900,13.9800,13.9700,13.9500,13.9400,14.0000,14.0100,14.0200,14.0300,14.0400,34,44,23,38,71,20,17,31,23,96
SZ,002373,2017-01-03 09:47:27,14.0000,1,28000.0000,20,B,14.0000,13.9900,13.9800,13.9700,13.9500,14.0100,14.0200,14.0300,14.0400,14.0500,60,34,34,23,38,17,31,23,96,661
SZ,002373,2017-01-03 09:47:30,14.0000,1,7000.0000,5,S,14.0000,13.9900,13.9800,13.9700,13.9500,14.0100,14.0200,14.0300,14.0400,14.0500,56,44,34,23,38,17,21,23,96,658
SZ,002373,2017-01-03 09:47:33,14.0000,1,23800.0000,17,S,14.0000,13.9900,13.9800,13.9700,13.9500,14.0100,14.0200,14.0300,14.0400,14.0500,39,57,34,23,38,17,21,23,96,668
SZ,002373,2017-01-03 09:47:36,14.0000,1,2800.0000,2,S,14.0000,13.9900,13.9800,13.9700,13.9500,14.0100,14.0200,14.0300,14.0400,14.0500,37,57,34,23,38,17,21,32,96,668
SZ,002373,2017-01-03 09:47:42,14.0300,15,134633.0000,96,B,14.0300,14.0100,14.0000,13.9900,13.9800,14.0400,14.0500,14.0600,14.0700,14.0800,254,3,37,47,44,96,668,221,183,8
SZ,002373,2017-01-03 09:47:48,14.0300,1,2806.0000,2,S,14.0300,14.0100,14.0000,13.9900,13.9800,14.0400,14.0500,14.0600,14.0700,14.0800,252,3,37,57,44,97,668,221,183,8
SZ,002373,2017-01-03 09:47:51,14.0400,2,5616.0000,4,B,14.0300,14.0100,14.0000,13.9900,13.9800,14.0400,14.0500,14.0600,14.0700,14.0800,252,3,37,57,44,103,668,224,183,8
SZ,002373,2017-01-03 09:47:54,14.0300,1,7015.0000,5,S,14.0300,14.0100,14.0000,13.9900,13.9800,14.0400,14.0500,14.0600,14.0700,14.0800,247,3,37,57,44,107,668,219,183,8
SZ,002373,2017-01-03 09:47:57,14.0400,10,133375.0000,95,B,14.0300,14.0100,14.0000,13.9900,13.9800,14.0400,14.0500,14.0600,14.0700,14.0800,242,3,51,57,44,17,668,219,183,8
SZ,002373,2017-01-03 09:48:00,14.0400,5,47736.0000,34,B,14.0400,14.0300,14.0100,14.0000,13.9900,14.0500,14.0600,14.0700,14.0800,14.0900,3,242,3,51,57,668,219,183,8,404
SZ,002373,2017-01-03 09:48:03,14.0300,2,11227.0000,8,S,14.0300,14.0100,14.0000,13.9900,13.9800,14.0500,14.0600,14.0700,14.0800,14.0900,237,3,51,57,44,668,219,183,8,404
SZ,002373,2017-01-03 09:48:06,14.0400,5,103834.0000,74,B,14.0400,14.0300,14.0100,14.0000,13.9900,14.0500,14.0600,14.0700,14.0800,14.0900,43,213,3,51,33,668,219,183,8,404
SZ,002373,2017-01-03 09:48:09,14.0400,5,60372.0000,43,S,14.0300,14.0100,14.0000,13.9900,13.9800,14.0400,14.0500,14.0600,14.0700,14.0800,213,3,51,43,44,33,668,219,183,8
SZ,002373,2017-01-03 09:48:15,14.0300,4,287615.0000,205,S,14.0300,14.0100,14.0000,13.9900,13.9800,14.0400,14.0500,14.0600,14.0700,14.0800,8,3,106,23,44,167,670,219,183,8
SZ,002373,2017-01-03 09:48:18,14.0300,1,11224.0000,8,S,14.0100,14.0000,13.9900,13.9800,13.9700,14.0300,14.0400,14.0500,14.0600,14.0700,3,111,23,44,23,166,169,670,219,183
SZ,002373,2017-01-03 09:48:33,14.0100,2,4203.0000,3,S,14.0000,13.9900,13.9800,13.9700,13.9500,14.0100,14.0300,14.0400,14.0500,14.0600,129,23,44,23,38,26,279,286,670,221
SZ,002373,2017-01-03 09:48:36,14.0100,5,44832.0000,32,B,14.0000,13.9900,13.9800,13.9700,13.9500,14.0100,14.0300,14.0400,14.0500,14.0600,129,23,44,23,38,29,295,289,670,218
SZ,002373,2017-01-03 09:48:39,14.0000,10,194600.0000,139,S,13.9900,13.9800,13.9700,13.9500,13.9400,14.0000,14.0100,14.0300,14.0400,14.0500,23,44,23,38,71,196,29,317,289,670
SZ,002373,2017-01-03 09:48:45,14.0000,1,14000.0000,10,B,13.9900,13.9800,13.9700,13.9500,13.9400,14.0000,14.0100,14.0200,14.0300,14.0400,23,44,23,38,71,534,34,50,316,193
SZ,002373,2017-01-03 09:48:48,13.9900,1,4197.0000,3,S,13.9900,13.9800,13.9700,13.9500,13.9400,14.0000,14.0100,14.0200,14.0300,14.0400,20,44,23,38,71,534,34,50,316,196
SZ,002373,2017-01-03 09:49:00,14.0000,2,8400.0000,6,B,13.9900,13.9800,13.9700,13.9500,13.9400,14.0000,14.0100,14.0200,14.0300,14.0400,22,44,23,38,71,473,34,50,314,209
SZ,002373,2017-01-03 09:49:06,14.0000,1,5600.0000,4,B,13.9900,13.9800,13.9700,13.9500,13.9400,14.0000,14.0100,14.0200,14.0300,14.0400,28,44,23,38,71,469,34,50,299,209
SZ,002373,2017-01-03 09:49:12,14.0000,1,4200.0000,3,B,13.9900,13.9800,13.9700,13.9500,13.9400,14.0000,14.0100,14.0200,14.0300,14.0400,64,44,23,38,71,486,34,52,295,209
SZ,002373,2017-01-03 09:49:15,13.9900,1,4197.0000,3,S,13.9900,13.9800,13.9700,13.9500,13.9400,14.0000,14.0100,14.0200,14.0300,14.0400,61,44,23,38,71,486,34,52,295,209
SZ,002373,2017-01-03 09:49:18,13.9900,2,36394.0000,26,S,13.9900,13.9800,13.9700,13.9500,13.9400,14.0000,14.0100,14.0200,14.0300,14.0400,55,44,23,38,71,466,33,52,295,210
SZ,002373,2017-01-03 09:49:24,13.9900,1,1399.0000,1,S,13.9900,13.9800,13.9700,13.9500,13.9400,14.0000,14.0100,14.0200,14.0300,14.0400,54,44,23,38,71,466,33,52,245,210
SZ,002373,2017-01-03 09:49:27,14.0000,7,117545.0000,84,B,13.9800,13.9700,13.9500,13.9400,13.9300,13.9900,14.0000,14.0100,14.0200,14.0300,44,23,38,71,17,5,437,33,52,245
SZ,002373,2017-01-03 09:49:36,13.9900,1,1399.0000,1,B,13.9800,13.9700,13.9500,13.9400,13.9300,13.9900,14.0000,14.0100,14.0200,14.0300,54,23,48,71,17,9,144,33,52,245
SZ,002373,2017-01-03 09:49:39,13.9800,1,27960.0000,20,S,13.9800,13.9700,13.9500,13.9400,13.9300,13.9900,14.0000,14.0100,14.0200,14.0300,34,23,48,71,17,9,144,33,52,275
SZ,002373,2017-01-03 09:49:42,13.9900,2,5595.0000,4,B,13.9800,13.9700,13.9500,13.9400,13.9300,13.9900,14.0000,14.0100,14.0200,14.0300,33,23,48,71,17,6,144,33,52,112
SZ,002373,2017-01-03 09:49:54,13.9800,5,46134.0000,33,S,13.9700,13.9500,13.9400,13.9300,13.9200,13.9800,13.9900,14.0000,14.0100,14.0200,23,48,71,17,27,260,39,147,33,52
SZ,002373,2017-01-03 09:49:57,13.9800,1,9786.0000,7,B,13.9700,13.9500,13.9400,13.9300,13.9200,13.9800,13.9900,14.0000,14.0100,14.0200,23,48,71,17,27,253,39,147,33,72
SZ,002373,2017-01-03 09:50:09,13.9800,3,47527.0000,34,B,13.9700,13.9500,13.9400,13.9300,13.9200,13.9800,13.9900,14.0000,14.0100,14.0200,18,48,71,17,27,224,42,147,33,92
SZ,002373,2017-01-03 09:50:15,13.9700,4,125802.0000,90,S,13.9500,13.9400,13.9300,13.9200,13.9000,13.9700,13.9800,13.9900,14.0000,14.0100,68,71,17,27,134,7,152,11,147,33
SZ,002373,2017-01-03 09:50:18,13.9700,1,4191.0000,3,B,13.9600,13.9500,13.9400,13.9300,13.9200,13.9700,13.9800,13.9900,14.0000,14.0100,11,68,71,17,27,9,152,11,147,18
SZ,002373,2017-01-03 09:50:24,13.9700,3,18161.0000,13,B,13.9700,13.9600,13.9500,13.9400,13.9300,13.9800,13.9900,14.0000,14.0100,14.0200,30,11,68,71,32,152,11,147,13,94
SZ,002373,2017-01-03 09:50:27,13.9700,1,1397.0000,1,S,13.9700,13.9600,13.9500,13.9400,13.9300,13.9800,13.9900,14.0000,14.0100,14.0200,29,11,64,71,32,152,11,127,13,94
SZ,002373,2017-01-03 09:50:36,13.9800,3,81073.0000,58,B,13.9700,13.9600,13.9500,13.9400,13.9300,13.9800,13.9900,14.0000,14.0100,14.0200,18,11,69,71,32,125,11,127,13,94
SZ,002373,2017-01-03 09:50:51,13.9700,2,12573.0000,9,S,13.9700,13.9600,13.9500,13.9400,13.9300,13.9800,13.9900,14.0000,14.0100,14.0200,22,11,69,71,27,125,11,124,13,99
SZ,002373,2017-01-03 09:51:09,13.9700,1,1397.0000,1,S,13.9700,13.9600,13.9500,13.9400,13.9300,13.9800,13.9900,14.0000,14.0100,14.0200,21,11,89,71,27,149,11,125,13,99
SZ,002373,2017-01-03 09:51:15,13.9700,3,13970.0000,10,S,13.9700,13.9600,13.9500,13.9400,13.9300,13.9800,13.9900,14.0000,14.0100,14.0200,11,11,89,71,27,149,11,128,13,99
SZ,002373,2017-01-03 09:51:21,13.9700,4,43327.0000,31,S,13.9500,13.9400,13.9300,13.9200,13.9000,13.9700,13.9800,13.9900,14.0000,14.0100,89,71,27,27,164,323,129,11,128,13
SZ,002373,2017-01-03 09:51:24,13.9700,1,13970.0000,10,B,13.9500,13.9400,13.9300,13.9200,13.9000,13.9700,13.9800,13.9900,14.0000,14.0100,89,71,27,27,164,313,105,11,128,13
SZ,002373,2017-01-03 09:51:27,13.9700,1,13970.0000,10,B,13.9500,13.9400,13.9300,13.9200,13.9000,13.9700,13.9800,13.9900,14.0000,14.0100,89,71,27,27,164,303,105,11,128,13
SZ,002373,2017-01-03 09:51:30,13.9700,1,20955.0000,15,B,13.9600,13.9500,13.9400,13.9300,13.9200,13.9700,13.9800,13.9900,14.0000,14.0100,10,89,71,27,27,288,105,11,128,13
SZ,002373,2017-01-03 09:51:33,13.9600,1,13960.0000,10,S,13.9500,13.9400,13.9300,13.9200,13.9000,13.9700,13.9800,13.9900,14.0000,14.0100,89,71,27,27,164,288,105,11,128,13
SZ,002373,2017-01-03 09:51:36,13.9700,8,115789.0000,83,B,13.9500,13.9400,13.9300,13.9200,13.9000,13.9700,13.9800,13.9900,14.0000,14.0100,8,71,27,27,164,292,105,11,128,13
SZ,002373,2017-01-03 09:51:39,13.9500,3,78222.0000,56,S,13.9500,13.9400,13.9300,13.9200,13.9000,13.9700,13.9800,13.9900,14.0000,14.0100,3,71,27,27,164,241,105,11,128,13
SZ,002373,2017-01-03 09:51:48,13.9500,2,6975.0000,5,S,13.9500,13.9400,13.9300,13.9200,13.9000,13.9700,13.9800,13.9900,14.0000,14.0100,72,71,27,27,164,246,105,11,128,13
SZ,002373,2017-01-03 09:52:00,13.9500,2,13952.0000,10,S,13.9500,13.9400,13.9300,13.9200,13.9000,13.9700,13.9800,13.9900,14.0000,14.0100,113,71,27,27,164,246,105,11,127,13
SZ,002373,2017-01-03 09:52:21,13.9600,1,5584.0000,4,S,13.9500,13.9400,13.9300,13.9200,13.9000,13.9600,13.9700,13.9800,13.9900,14.0000,113,71,27,40,164,4,245,105,11,127
SZ,002373,2017-01-03 09:52:39,13.9600,1,4188.0000,3,B,13.9500,13.9400,13.9300,13.9200,13.9100,13.9600,13.9700,13.9800,13.9900,14.0000,113,71,27,40,11,61,245,105,11,127
SZ,002373,2017-01-03 09:52:42,13.9500,4,157635.0000,113,S,13.9400,13.9300,13.9200,13.9100,13.9000,13.9500,13.9600,13.9700,13.9800,13.9900,71,12,40,11,164,181,167,245,105,11
SZ,002373,2017-01-03 09:52:45,13.9500,1,27900.0000,20,B,13.9400,13.9300,13.9200,13.9100,13.9000,13.9500,13.9600,13.9700,13.9800,13.9900,71,12,40,11,164,161,164,245,105,11
SZ,002373,2017-01-03 09:52:48,13.9500,1,1395.0000,1,B,13.9400,13.9300,13.9200,13.9100,13.9000,13.9500,13.9600,13.9700,13.9800,13.9900,71,12,40,26,164,160,164,245,105,11
SZ,002373,2017-01-03 09:52:51,13.9500,2,16730.0000,12,B,13.9400,13.9300,13.9200,13.9100,13.9000,13.9500,13.9600,13.9700,13.9800,13.9900,61,12,40,26,164,158,164,245,105,11
SZ,002373,2017-01-03 09:52:57,13.9500,2,8365.0000,6,B,13.9400,13.9300,13.9200,13.9100,13.9000,13.9500,13.9600,13.9700,13.9800,13.9900,66,12,40,26,192,171,164,245,105,11
SZ,002373,2017-01-03 09:53:03,13.9400,4,93398.0000,67,S,13.9300,13.9200,13.9100,13.9000,13.8900,13.9400,13.9500,13.9600,13.9700,13.9800,12,90,26,192,48,85,171,144,245,105
SZ,002373,2017-01-03 09:53:06,13.9400,1,4182.0000,3,B,13.9300,13.9200,13.9100,13.9000,13.8900,13.9400,13.9500,13.9600,13.9700,13.9800,12,90,26,192,48,97,171,144,245,105
SZ,002373,2017-01-03 09:53:12,13.9300,1,13930.0000,10,S,13.9300,13.9200,13.9100,13.9000,13.8900,13.9400,13.9500,13.9600,13.9700,13.9800,2,90,26,192,48,99,171,144,245,105
SZ,002373,2017-01-03 09:53:15,13.9300,1,2786.0000,2,S,13.9200,13.9100,13.9000,13.8900,13.8800,13.9300,13.9400,13.9500,13.9600,13.9700,75,26,192,48,11,11,101,171,144,245
SZ,002373,2017-01-03 09:53:18,13.9000,20,407446.0000,293,S,13.8900,13.8800,13.8700,13.8600,13.8500,13.9000,13.9300,13.9400,13.9500,13.9600,48,11,40,21,116,70,14,109,173,144
SZ,002373,2017-01-03 09:53:21,13.9600,16,551945.0000,396,B,13.8900,13.8800,13.8700,13.8600,13.8500,13.9600,13.9700,13.9800,13.9900,14.0000,48,11,40,21,116,117,245,105,14,37
SZ,002373,2017-01-03 09:53:39,13.9200,1,5568.0000,4,B,13.9400,13.9200,13.9000,13.8900,13.8800,13.9600,13.9700,13.9800,13.9900,14.0000,1,1,34,48,26,124,245,105,14,37
SZ,002373,2017-01-03 09:53:45,13.9600,2,27920.0000,20,B,13.9400,13.9200,13.9000,13.8900,13.8800,13.9600,13.9700,13.9800,13.9900,14.0000,1,22,36,48,26,96,231,107,14,37
SZ,002373,2017-01-03 09:53:54,13.9400,3,41820.0000,30,S,13.9400,13.9300,13.9200,13.9000,13.8900,13.9500,13.9600,13.9700,13.9800,13.9900,5,10,22,36,52,10,96,231,22,14
SZ,002373,2017-01-03 09:53:57,13.9500,1,2790.0000,2,B,13.9400,13.9300,13.9200,13.9000,13.8900,13.9500,13.9600,13.9700,13.9800,13.9900,5,10,22,34,52,8,96,231,22,14
SZ,002373,2017-01-03 09:54:09,13.9400,2,8365.0000,6,S,13.9300,13.9200,13.9000,13.8900,13.8800,13.9400,13.9500,13.9600,13.9700,13.9800,10,22,34,102,26,13,63,96,231,22
SZ,002373,2017-01-03 09:54:12,13.9400,2,6970.0000,5,B,13.9300,13.9200,13.9000,13.8900,13.8800,13.9400,13.9500,13.9600,13.9700,13.9800,10,22,34,102,26,8,63,96,231,22
SZ,002373,2017-01-03 09:54:15,13.9400,1,9758.0000,7,B,13.9300,13.9200,13.9000,13.8900,13.8800,13.9400,13.9500,13.9600,13.9700,13.9800,10,22,36,102,26,11,63,137,231,22
SZ,002373,2017-01-03 09:54:21,13.9300,1,6965.0000,5,S,13.9300,13.9200,13.9000,13.8900,13.8800,13.9400,13.9500,13.9600,13.9700,13.9800,5,22,34,102,26,11,63,137,231,22
SZ,002373,2017-01-03 09:54:27,13.9600,11,302779.0000,217,B,13.9200,13.9100,13.9000,13.8900,13.8800,13.9500,13.9600,13.9700,13.9800,13.9900,22,20,44,102,27,85,20,231,22,14
SZ,002373,2017-01-03 09:54:36,13.9500,1,2790.0000,2,B,13.9200,13.9100,13.9000,13.8900,13.8800,13.9500,13.9600,13.9700,13.9800,13.9900,22,20,44,102,27,83,25,231,22,14
SZ,002373,2017-01-03 09:54:45,13.9100,6,79314.0000,57,S,13.9000,13.8900,13.8800,13.8700,13.8600,13.9100,13.9500,13.9600,13.9700,13.9800,54,102,12,40,21,97,83,25,231,22
SZ,002373,2017-01-03 09:54:48,13.9100,1,6955.0000,5,B,13.9000,13.8900,13.8800,13.8700,13.8600,13.9100,13.9500,13.9600,13.9700,13.9800,54,102,12,40,21,92,83,25,231,22
SZ,002373,2017-01-03 09:54:57,13.9600,5,278654.0000,200,B,13.9000,13.8900,13.8800,13.8700,13.8600,13.9600,13.9700,13.9800,13.9900,14.0000,54,102,12,40,21,3,231,22,14,43
SZ,002373,2017-01-03 09:55:18,13.9100,1,12519.0000,9,S,13.9100,13.9000,13.8900,13.8800,13.8700,13.9400,13.9500,13.9600,13.9700,13.9800,24,102,102,12,40,124,8,52,231,22
SZ,002373,2017-01-03 09:55:21,13.9100,4,40339.0000,29,S,13.9000,13.8900,13.8800,13.8700,13.8600,13.9100,13.9400,13.9500,13.9600,13.9700,102,102,12,40,21,31,124,8,52,231
SZ,002373,2017-01-03 09:55:27,13.9100,1,43121.0000,31,B,13.9200,13.9000,13.8900,13.8800,13.8700,13.9400,13.9500,13.9600,13.9700,13.9800,6,102,102,12,40,124,8,37,231,22
SZ,002373,2017-01-03 09:55:33,13.9500,6,197966.0000,142,B,13.9500,13.9300,13.9200,13.9100,13.9000,13.9600,13.9700,13.9800,13.9900,14.0000,8,5,6,2,102,37,231,22,14,48
SZ,002373,2017-01-03 09:55:42,13.9300,2,18125.0000,13,S,13.9200,13.9100,13.9000,13.8900,13.8800,13.9300,13.9500,13.9600,13.9700,13.9800,6,60,104,102,12,47,126,51,231,27
SZ,002373,2017-01-03 09:55:45,13.9300,1,1393.0000,1,B,13.9200,13.9100,13.9000,13.8900,13.8800,13.9300,13.9500,13.9600,13.9700,13.9800,32,63,104,102,12,46,124,51,231,27
SZ,002373,2017-01-03 09:55:51,13.9300,1,41790.0000,30,B,13.9200,13.9100,13.9000,13.8900,13.8800,13.9300,13.9500,13.9600,13.9700,13.9800,32,90,104,102,12,16,124,51,231,27
SZ,002373,2017-01-03 09:55:54,13.9300,1,8358.0000,6,B,13.9200,13.9100,13.9000,13.8900,13.8800,13.9300,13.9500,13.9600,13.9700,13.9800,32,90,104,102,12,10,124,51,231,27
SZ,002373,2017-01-03 09:56:06,13.9300,1,5572.0000,4,B,13.9200,13.9100,13.9000,13.8900,13.8800,13.9300,13.9500,13.9600,13.9700,13.9800,32,95,104,102,12,37,124,51,231,27
SZ,002373,2017-01-03 09:56:15,13.9300,4,34825.0000,25,B,13.9200,13.9100,13.9000,13.8900,13.8800,13.9300,13.9500,13.9600,13.9700,13.9800,32,95,104,102,12,10,124,51,236,27
SZ,002373,2017-01-03 09:56:24,13.9200,1,6960.0000,5,S,13.9200,13.9100,13.9000,13.8900,13.8800,13.9300,13.9500,13.9600,13.9700,13.9800,135,95,104,102,12,30,153,51,236,27
SZ,002373,2017-01-03 09:56:27,13.9300,1,6965.0000,5,B,13.9200,13.9100,13.9000,13.8900,13.8800,13.9300,13.9500,13.9600,13.9700,13.9800,135,95,104,102,12,25,153,62,236,27
SZ,002373,2017-01-03 09:56:33,13.9300,4,29253.0000,21,B,13.9200,13.9100,13.9000,13.8900,13.8800,13.9300,13.9500,13.9600,13.9700,13.9800,135,95,104,102,12,4,153,67,236,27
SZ,002373,2017-01-03 09:56:36,13.9300,1,5572.0000,4,B,13.9300,13.9200,13.9100,13.9000,13.8900,13.9500,13.9600,13.9700,13.9800,13.9900,22,135,95,104,102,153,67,236,27,14
SZ,002373,2017-01-03 09:56:54,13.9500,2,23711.0000,17,B,13.9300,13.9200,13.9100,13.9000,13.8900,13.9500,13.9600,13.9700,13.9800,13.9900,34,135,95,104,102,142,67,246,27,14
SZ,002373,2017-01-03 09:57:09,13.9400,2,13940.0000,10,S,13.9400,13.9300,13.9200,13.9100,13.9000,13.9500,13.9600,13.9700,13.9800,13.9900,142,50,27,95,96,142,67,246,27,14
SZ,002373,2017-01-03 09:57:15,13.9500,1,150660.0000,108,B,13.9400,13.9300,13.9200,13.9100,13.9000,13.9500,13.9600,13.9700,13.9800,13.9900,142,50,27,95,96,34,67,246,27,14
SZ,002373,2017-01-03 09:57:18,13.9500,2,13950.0000,10,B,13.9400,13.9300,13.9200,13.9100,13.9000,13.9500,13.9600,13.9700,13.9800,13.9900,142,50,27,95,96,24,67,246,27,14
SZ,002373,2017-01-03 09:57:36,13.9500,1,9765.0000,7,B,13.9400,13.9300,13.9200,13.9100,13.9000,13.9500,13.9600,13.9700,13.9800,13.9900,145,42,27,95,118,37,56,246,27,14
SZ,002373,2017-01-03 09:57:39,13.9400,1,25092.0000,18,S,13.9400,13.9300,13.9200,13.9100,13.9000,13.9500,13.9600,13.9700,13.9800,13.9900,127,42,27,95,118,39,56,246,27,14
SZ,002373,2017-01-03 09:57:42,13.9500,3,27900.0000,20,B,13.9400,13.9300,13.9200,13.9100,13.9000,13.9500,13.9600,13.9700,13.9800,13.9900,127,42,27,95,118,24,67,246,7,14
SZ,002373,2017-01-03 09:57:45,13.9500,1,6975.0000,5,B,13.9400,13.9300,13.9200,13.9100,13.9000,13.9500,13.9600,13.9700,13.9800,13.9900,127,42,27,95,118,19,47,246,7,14
SZ,002373,2017-01-03 09:57:57,13.9500,1,13950.0000,10,B,13.9400,13.9300,13.9200,13.9100,13.9000,13.9500,13.9600,13.9700,13.9800,13.9900,127,72,27,95,118,24,47,246,7,14
SZ,002373,2017-01-03 09:58:06,13.9400,5,27890.0000,20,S,13.9400,13.9300,13.9200,13.9100,13.9000,13.9500,13.9600,13.9700,13.9800,13.9900,117,72,27,65,118,14,42,246,7,14
SZ,002373,2017-01-03 09:58:09,13.9500,1,9765.0000,7,B,13.9400,13.9300,13.9200,13.9100,13.9000,13.9500,13.9600,13.9700,13.9800,13.9900,117,72,32,65,118,12,42,246,7,14
SZ,002373,2017-01-03 09:58:12,13.9500,1,1395.0000,1,B,13.9400,13.9300,13.9200,13.9100,13.9000,13.9500,13.9600,13.9700,13.9800,13.9900,117,72,32,65,118,11,42,246,7,14
SZ,002373,2017-01-03 09:58:15,13.9400,4,163098.0000,117,S,13.9300,13.9200,13.9100,13.9000,13.8900,13.9400,13.9500,13.9600,13.9700,13.9800,72,32,65,118,102,203,11,42,246,7
SZ,002373,2017-01-03 09:58:33,13.9300,1,1393.0000,1,S,13.9300,13.9200,13.9100,13.9000,13.8900,13.9400,13.9500,13.9600,13.9700,13.9800,79,32,57,93,102,203,11,36,246,7
SZ,002373,2017-01-03 09:58:36,13.9300,2,58545.0000,42,S,13.9300,13.9200,13.9100,13.9000,13.8900,13.9400,13.9500,13.9600,13.9700,13.9800,76,32,57,93,102,164,11,36,246,7
SZ,002373,2017-01-03 09:59:00,13.9300,1,20895.0000,15,S,13.9300,13.9200,13.9100,13.9000,13.8900,13.9400,13.9500,13.9600,13.9700,13.9800,65,32,57,93,111,164,11,46,246,7
SZ,002373,2017-01-03 09:59:06,13.9300,3,27870.0000,20,S,13.9300,13.9200,13.9100,13.9000,13.8900,13.9400,13.9500,13.9600,13.9700,13.9800,49,32,57,93,111,154,11,46,246,7
SZ,002373,2017-01-03 09:59:15,13.9300,4,41790.0000,30,S,13.9300,13.9200,13.9100,13.9000,13.8900,13.9400,13.9500,13.9600,13.9700,13.9800,19,32,57,93,111,154,11,46,246,7
SZ,002373,2017-01-03 09:59:18,13.9400,1,9758.0000,7,B,13.9300,13.9200,13.9100,13.9000,13.8900,13.9400,13.9500,13.9600,13.9700,13.9800,19,32,57,93,111,147,11,46,246,7
SZ,002373,2017-01-03 09:59:27,13.9400,1,4182.0000,3,B,13.9300,13.9200,13.9100,13.9000,13.8900,13.9400,13.9500,13.9600,13.9700,13.9800,19,32,57,93,111,144,11,46,246,7
SZ,002373,2017-01-03 09:59:45,13.9300,1,13930.0000,10,S,13.9300,13.9200,13.9100,13.9000,13.8900,13.9400,13.9500,13.9600,13.9700,13.9800,19,32,57,93,111,144,21,51,246,7
SZ,002373,2017-01-03 10:00:15,13.9300,1,6965.0000,5,S,13.9300,13.9200,13.9100,13.9000,13.8900,13.9400,13.9500,13.9600,13.9700,13.9800,44,32,57,94,111,144,16,53,246,7
SZ,002373,2017-01-03 10:00:24,13.9300,5,51541.0000,37,S,13.9300,13.9200,13.9100,13.9000,13.8900,13.9400,13.9500,13.9600,13.9700,13.9800,7,32,57,94,111,144,16,53,246,7
SZ,002373,2017-01-03 10:00:33,13.9400,1,1394.0000,1,B,13.9300,13.9200,13.9100,13.9000,13.8900,13.9400,13.9500,13.9600,13.9700,13.9800,7,32,57,94,111,143,16,53,246,7
SZ,002373,2017-01-03 10:00:54,13.9100,6,69606.0000,50,S,13.9300,13.9100,13.9000,13.8900,13.8800,13.9400,13.9500,13.9600,13.9700,13.9800,32,56,94,111,22,143,16,53,246,7
SZ,002373,2017-01-03 10:01:00,13.9400,2,25092.0000,18,B,13.9300,13.9100,13.9000,13.8900,13.8800,13.9400,13.9500,13.9600,13.9700,13.9800,32,56,96,111,22,125,16,53,246,7
SZ,002373,2017-01-03 10:01:15,13.9400,1,13940.0000,10,B,13.9300,13.9100,13.9000,13.8900,13.8800,13.9400,13.9500,13.9600,13.9700,13.9800,32,56,76,111,22,115,20,53,246,7
SZ,002373,2017-01-03 10:01:21,13.9300,1,12537.0000,9,S,13.9300,13.9100,13.9000,13.8900,13.8800,13.9400,13.9500,13.9600,13.9700,13.9800,26,56,76,111,22,115,20,73,246,7
SZ,002373,2017-01-03 10:01:36,13.9400,1,1394.0000,1,B,13.9300,13.9100,13.9000,13.8900,13.8800,13.9400,13.9500,13.9600,13.9700,13.9800,26,61,106,114,22,114,20,68,246,7
SZ,002373,2017-01-03 10:01:42,13.9300,1,2786.0000,2,S,13.9300,13.9100,13.9000,13.8900,13.8800,13.9400,13.9500,13.9600,13.9700,13.9800,24,61,106,114,22,153,20,68,246,7
SZ,002373,2017-01-03 10:01:54,13.9300,2,34835.0000,25,S,13.9300,13.9100,13.9000,13.8900,13.8800,13.9400,13.9500,13.9600,13.9700,13.9800,9,73,106,114,22,143,20,58,246,7
SZ,002373,2017-01-03 10:02:00,13.9300,4,43183.0000,31,S,13.9100,13.9000,13.8900,13.8800,13.8700,13.9300,13.9400,13.9500,13.9600,13.9700,73,106,114,22,40,26,143,16,58,246
SZ,002373,2017-01-03 10:02:03,13.9300,1,13930.0000,10,B,13.9100,13.9000,13.8900,13.8800,13.8700,13.9300,13.9400,13.9500,13.9600,13.9700,73,106,114,22,40,16,143,16,58,246
SZ,002373,2017-01-03 10:02:06,13.9300,1,11144.0000,8,B,13.9100,13.9000,13.8900,13.8800,13.8700,13.9300,13.9400,13.9500,13.9600,13.9700,73,106,114,22,40,8,143,16,58,246
SZ,002373,2017-01-03 10:02:21,13.9100,5,101543.0000,73,S,13.9000,13.8900,13.8800,13.8700,13.8600,13.9100,13.9300,13.9400,13.9500,13.9600,106,114,22,40,39,12,12,143,21,58
SZ,002373,2017-01-03 10:02:24,13.9100,1,16692.0000,12,B,13.9000,13.8900,13.8800,13.8700,13.8600,13.9300,13.9400,13.9500,13.9600,13.9700,106,114,22,40,39,12,143,21,58,246
SZ,002373,2017-01-03 10:02:39,13.9100,1,6955.0000,5,S,13.9100,13.9000,13.8900,13.8800,13.8700,13.9300,13.9400,13.9500,13.9600,13.9700,20,255,105,22,40,45,143,15,78,246
SZ,002373,2017-01-03 10:02:45,13.9100,2,13910.0000,10,S,13.9100,13.9000,13.8900,13.8800,13.8700,13.9300,13.9400,13.9500,13.9600,13.9700,10,256,105,22,42,45,143,15,76,246
SZ,002373,2017-01-03 10:03:24,13.9100,2,5566.0000,4,S,13.9100,13.9000,13.8900,13.8800,13.8700,13.9300,13.9400,13.9500,13.9600,13.9700,277,256,105,27,42,53,143,20,76,246
SZ,002373,2017-01-03 10:03:33,13.9100,2,12525.0000,9,S,13.9200,13.9100,13.9000,13.8900,13.8800,13.9300,13.9400,13.9500,13.9600,13.9700,20,274,256,105,27,53,143,20,56,246
SZ,002373,2017-01-03 10:03:39,13.9300,1,6965.0000,5,B,13.9200,13.9100,13.9000,13.8900,13.8800,13.9300,13.9400,13.9500,13.9600,13.9700,31,274,250,105,27,48,143,20,56,246
SZ,002373,2017-01-03 10:03:54,13.9300,2,13930.0000,10,B,13.9200,13.9100,13.9000,13.8900,13.8800,13.9300,13.9400,13.9500,13.9600,13.9700,31,284,640,105,22,58,143,20,56,246
SZ,002373,2017-01-03 10:03:57,13.9200,1,13920.0000,10,S,13.9200,13.9100,13.9000,13.8900,13.8800,13.9300,13.9400,13.9500,13.9600,13.9700,21,284,642,105,22,63,143,20,56,246
SZ,002373,2017-01-03 10:04:03,13.9300,1,2786.0000,2,B,13.9200,13.9100,13.9000,13.8900,13.8800,13.9300,13.9400,13.9500,13.9600,13.9700,26,284,642,105,22,61,143,20,56,246
SZ,002373,2017-01-03 10:04:15,13.9200,1,8352.0000,6,S,13.9200,13.9100,13.9000,13.8900,13.8800,13.9300,13.9400,13.9500,13.9600,13.9700,20,284,642,105,22,61,143,20,56,246
SZ,002373,2017-01-03 10:04:18,13.9300,4,18104.0000,13,B,13.9200,13.9100,13.9000,13.8900,13.8800,13.9300,13.9400,13.9500,13.9600,13.9700,15,274,642,105,22,53,143,20,56,246
SZ,002373,2017-01-03 10:04:21,13.9300,5,69650.0000,50,B,13.9200,13.9100,13.9000,13.8900,13.8800,13.9300,13.9400,13.9500,13.9600,13.9700,25,274,642,105,22,3,143,20,56,246
SZ,002373,2017-01-03 10:04:24,13.9300,1,4179.0000,3,B,13.9300,13.9200,13.9100,13.9000,13.8900,13.9400,13.9500,13.9600,13.9700,13.9800,7,25,274,642,105,143,20,56,246,7
SZ,002373,2017-01-03 10:04:30,13.9300,1,8358.0000,6,S,13.9300,13.9200,13.9100,13.9000,13.8900,13.9400,13.9500,13.9600,13.9700,13.9800,1,25,265,642,105,143,20,56,246,7
SZ,002373,2017-01-03 10:04:42,13.9300,2,8358.0000,6,S,13.9300,13.9200,13.9100,13.9000,13.8900,13.9400,13.9500,13.9600,13.9700,13.9800,3,25,265,639,105,143,20,56,246,7
SZ,002373,2017-01-03 10:04:48,13.9300,1,4179.0000,3,S,13.9200,13.9100,13.9000,13.8900,13.8800,13.9300,13.9400,13.9500,13.9600,13.9700,25,245,609,105,22,7,143,20,56,246
SZ,002373,2017-01-03 10:04:54,13.9200,4,34800.0000,25,S,13.9100,13.9000,13.8900,13.8800,13.8700,13.9200,13.9300,13.9400,13.9500,13.9600,245,609,105,22,42,75,7,143,20,56
SZ,002373,2017-01-03 10:04:57,13.9200,1,2784.0000,2,B,13.9100,13.9000,13.8900,13.8800,13.8700,13.9200,13.9300,13.9400,13.9500,13.9600,245,609,105,20,42,73,7,143,20,56
SZ,002373,2017-01-03 10:05:12,13.9200,1,101616.0000,73,B,13.9200,13.9100,13.9000,13.8900,13.8800,13.9300,13.9400,13.9500,13.9600,13.9700,127,248,609,105,20,7,153,20,56,246
SZ,002373,2017-01-03 10:05:21,13.9100,9,606603.0000,436,S,13.9000,13.8900,13.8800,13.8700,13.8600,13.9100,13.9300,13.9400,13.9500,13.9600,609,105,20,42,39,264,7,153,20,56
SZ,002373,2017-01-03 10:05:33,13.9100,1,13910.0000,10,B,13.9000,13.8900,13.8800,13.8700,13.8600,13.9100,13.9300,13.9400,13.9500,13.9600,619,105,20,42,39,254,7,153,20,56
SZ,002373,2017-01-03 10:05:39,13.9100,1,41730.0000,30,B,13.9000,13.8900,13.8800,13.8700,13.8600,13.9100,13.9300,13.9400,13.9500,13.9600,619,105,20,42,39,224,7,153,20,56
SZ,002373,2017-01-03 10:05:45,13.9100,1,41730.0000,30,B,13.9000,13.8900,13.8800,13.8700,13.8600,13.9100,13.9300,13.9400,13.9500,13.9600,619,115,20,42,39,194,7,153,20,56
SZ,002373,2017-01-03 10:05:57,13.9000,1,27800.0000,20,S,13.9000,13.8900,13.8800,13.8700,13.8600,13.9100,13.9300,13.9400,13.9500,13.9600,599,115,20,42,39,194,7,153,20,56
SZ,002373,2017-01-03 10:06:00,13.9000,1,4170.0000,3,S,13.9000,13.8900,13.8800,13.8700,13.8600,13.9100,13.9300,13.9400,13.9500,13.9600,596,115,20,42,39,194,7,153,20,56
SZ,002373,2017-01-03 10:06:03,13.9100,1,1391.0000,1,B,13.9000,13.8900,13.8800,13.8700,13.8600,13.9100,13.9300,13.9400,13.9500,13.9600,596,115,20,42,39,193,7,153,20,56
SZ,002373,2017-01-03 10:06:09,13.9000,3,12510.0000,9,S,13.9000,13.8900,13.8800,13.8700,13.8600,13.9100,13.9300,13.9400,13.9500,13.9600,587,115,20,42,39,193,7,153,20,56
SZ,002373,2017-01-03 10:06:12,13.9000,9,747821.0000,538,S,13.9000,13.8900,13.8800,13.8700,13.8600,13.9100,13.9300,13.9400,13.9500,13.9600,49,115,20,42,39,193,7,153,20,56
SZ,002373,2017-01-03 10:06:15,13.9000,1,2780.0000,2,S,13.9000,13.8900,13.8800,13.8700,13.8600,13.9100,13.9300,13.9400,13.9500,13.9600,47,115,20,42,39,193,7,153,20,56
SZ,002373,2017-01-03 10:06:24,13.9000,1,34748.0000,25,S,13.9000,13.8900,13.8800,13.8700,13.8600,13.9100,13.9300,13.9400,13.9500,13.9600,22,115,20,42,39,243,7,153,20,56
SZ,002373,2017-01-03 10:06:54,13.9000,3,19460.0000,14,S,13.9000,13.8900,13.8800,13.8700,13.8600,13.9100,13.9300,13.9400,13.9500,13.9600,42,65,20,42,39,253,7,153,20,56
SZ,002373,2017-01-03 10:07:03,13.9000,2,18080.0000,13,S,13.9000,13.8900,13.8800,13.8700,13.8600,13.9100,13.9300,13.9400,13.9500,13.9600,39,65,20,42,39,243,7,153,20,56
SZ,002373,2017-01-03 10:07:09,13.9000,6,58380.0000,42,S,13.8900,13.8800,13.8700,13.8600,13.8500,13.9000,13.9100,13.9300,13.9400,13.9500,65,20,42,39,260,633,243,17,153,20
SZ,002373,2017-01-03 10:07:18,13.9000,1,8340.0000,6,B,13.8900,13.8800,13.8700,13.8600,13.8500,13.9000,13.9100,13.9300,13.9400,13.9500,65,20,42,39,260,647,243,17,153,20
SZ,002373,2017-01-03 10:07:24,13.9000,2,58362.0000,42,B,13.8900,13.8800,13.8700,13.8600,13.8500,13.9000,13.9100,13.9300,13.9400,13.9500,74,20,42,39,320,624,243,17,153,20
SZ,002373,2017-01-03 10:07:33,13.9000,1,1390.0000,1,B,13.8900,13.8800,13.8700,13.8600,13.8500,13.9000,13.9100,13.9300,13.9400,13.9500,74,20,42,39,320,623,243,17,153,20
SZ,002373,2017-01-03 10:07:45,13.8900,6,72230.0000,52,S,13.8900,13.8800,13.8700,13.8600,13.8500,13.9000,13.9100,13.9300,13.9400,13.9500,29,20,42,51,320,623,243,17,153,20
SZ,002373,2017-01-03 10:07:48,13.9000,1,4170.0000,3,B,13.8900,13.8800,13.8700,13.8600,13.8500,13.9000,13.9100,13.9300,13.9400,13.9500,29,20,42,101,320,620,243,17,153,20
SZ,002373,2017-01-03 10:07:57,13.9000,1,31970.0000,23,B,13.8900,13.8800,13.8700,13.8600,13.8500,13.9000,13.9100,13.9300,13.9400,13.9500,29,20,42,637,270,597,243,17,153,20
SZ,002373,2017-01-03 10:08:06,13.9000,2,36140.0000,26,B,13.8900,13.8800,13.8700,13.8600,13.8500,13.9000,13.9100,13.9300,13.9400,13.9500,31,20,48,637,270,571,243,17,153,20
SZ,002373,2017-01-03 10:08:12,13.8900,2,55580.0000,40,S,13.8900,13.8800,13.8700,13.8600,13.8500,13.9000,13.9100,13.9300,13.9400,13.9500,11,20,73,637,270,551,243,17,153,20
SZ,002373,2017-01-03 10:08:18,13.8900,3,15278.0000,11,S,13.8800,13.8700,13.8600,13.8500,13.8400,13.8900,13.9000,13.9100,13.9300,13.9400,20,73,101,270,15,3,551,243,17,153
SZ,002373,2017-01-03 10:08:30,13.8900,1,4168.0000,3,B,13.8800,13.8700,13.8600,13.8500,13.8400,13.9000,13.9100,13.9300,13.9400,13.9500,20,73,101,270,15,551,243,17,153,20
SZ,002373,2017-01-03 10:08:39,13.9000,1,1390.0000,1,B,13.8900,13.8800,13.8700,13.8600,13.8500,13.9000,13.9100,13.9300,13.9400,13.9500,20,27,73,101,270,550,243,17,153,20
SZ,002373,2017-01-03 10:08:42,13.8900,1,13890.0000,10,S,13.8900,13.8800,13.8700,13.8600,13.8500,13.9000,13.9100,13.9300,13.9400,13.9500,10,27,73,101,270,550,243,17,153,20
SZ,002373,2017-01-03 10:08:54,13.9000,1,41700.0000,30,B,13.8900,13.8800,13.8700,13.8600,13.8500,13.9000,13.9100,13.9300,13.9400,13.9500,15,27,73,101,270,520,243,17,153,20
SZ,002373,2017-01-03 10:08:57,13.8900,2,20836.0000,15,S,13.8800,13.8700,13.8600,13.8500,13.8400,13.8900,13.9000,13.9100,13.9300,13.9400,27,73,101,270,15,5,520,243,17,153
SZ,002373,2017-01-03 10:09:03,13.8900,2,6944.0000,5,B,13.8900,13.8800,13.8700,13.8600,13.8500,13.9000,13.9100,13.9300,13.9400,13.9500,1,27,73,101,270,520,243,17,153,20
SZ,002373,2017-01-03 10:09:06,13.9000,1,11120.0000,8,B,13.8900,13.8800,13.8700,13.8600,13.8500,13.9000,13.9100,13.9200,13.9300,13.9400,1,27,78,101,320,512,243,9,17,153
SZ,002373,2017-01-03 10:09:09,13.9000,1,1390.0000,1,B,13.8900,13.8800,13.8700,13.8600,13.8500,13.9000,13.9100,13.9200,13.9300,13.9400,1,27,78,101,320,511,243,9,17,153
SZ,002373,2017-01-03 10:09:15,13.8900,1,1390.0000,1,S,13.8800,13.8700,13.8600,13.8500,13.8400,13.8900,13.9000,13.9100,13.9200,13.9300,32,78,101,320,15,2,511,243,9,17
SZ,002373,2017-01-03 10:09:21,13.8800,1,8328.0000,6,S,13.8800,13.8700,13.8600,13.8500,13.8400,13.8900,13.9000,13.9100,13.9200,13.9300,26,78,101,320,15,2,511,243,9,10
SZ,002373,2017-01-03 10:09:24,13.8900,1,2776.0000,2,B,13.8900,13.8800,13.8700,13.8600,13.8500,13.9000,13.9100,13.9200,13.9300,13.9400,18,36,78,101,325,511,243,9,10,153
SZ,002373,2017-01-03 10:09:54,13.9000,1,1392.0000,1,B,13.8900,13.8800,13.8700,13.8600,13.8500,13.9000,13.9100,13.9200,13.9300,13.9400,92,44,614,101,325,508,243,9,10,153
SZ,002373,2017-01-03 10:09:57,13.8900,2,6028.0000,5,S,13.8900,13.8800,13.8700,13.8600,13.8500,13.9000,13.9100,13.9200,13.9300,13.9400,87,44,614,101,325,508,243,9,10,153
SZ,002373,2017-01-03 10:10:06,13.8900,1,12500.0000,9,S,13.8900,13.8800,13.8700,13.8600,13.8500,13.9000,13.9100,13.9200,13.9300,13.9400,78,44,614,106,325,508,243,9,10,153
SZ,002373,2017-01-03 10:10:09,13.8900,1,2778.0000,2,S,13.8900,13.8800,13.8700,13.8600,13.8500,13.9000,13.9100,13.9200,13.9300,13.9400,76,46,614,106,325,508,243,9,10,153
SZ,002373,2017-01-03 10:10:12,13.9000,1,4170.0000,3,B,13.8900,13.8800,13.8700,13.8600,13.8500,13.9000,13.9100,13.9200,13.9300,13.9400,76,46,614,106,325,505,243,9,10,153
SZ,002373,2017-01-03 10:10:15,13.9000,1,2780.0000,2,B,13.8900,13.8800,13.8700,13.8600,13.8500,13.9000,13.9100,13.9200,13.9300,13.9400,76,46,614,106,325,503,243,9,10,153
SZ,002373,2017-01-03 10:10:18,13.8900,1,4168.0000,3,S,13.8900,13.8800,13.8700,13.8600,13.8500,13.9000,13.9100,13.9200,13.9300,13.9400,73,51,614,106,325,503,243,9,10,153
SZ,002373,2017-01-03 10:10:30,13.9000,1,2780.0000,2,B,13.8900,13.8800,13.8700,13.8600,13.8500,13.9000,13.9100,13.9200,13.9300,13.9400,78,51,614,106,325,501,243,9,10,153
SZ,002373,2017-01-03 10:10:33,13.8900,2,23612.0000,17,S,13.8900,13.8800,13.8700,13.8600,13.8500,13.9000,13.9100,13.9200,13.9300,13.9400,61,54,614,106,325,501,243,9,10,153
SZ,002373,2017-01-03 10:10:36,13.8900,1,9724.0000,7,S,13.8900,13.8800,13.8700,13.8600,13.8500,13.9000,13.9100,13.9200,13.9300,13.9400,54,57,614,106,325,501,243,9,10,153
SZ,002373,2017-01-03 10:10:42,13.9000,1,13900.0000,10,B,13.8900,13.8800,13.8700,13.8600,13.8500,13.9000,13.9100,13.9200,13.9300,13.9400,74,50,614,106,325,494,243,9,10,153
SZ,002373,2017-01-03 10:10:48,13.8900,1,6944.0000,5,S,13.8900,13.8800,13.8700,13.8600,13.8500,13.9000,13.9100,13.9200,13.9300,13.9400,69,52,614,106,325,494,243,9,10,153
SZ,002373,2017-01-03 10:10:54,13.9000,1,36140.0000,26,B,13.8900,13.8800,13.8700,13.8600,13.8500,13.9000,13.9100,13.9200,13.9300,13.9400,69,52,614,106,325,468,243,9,10,153
SZ,002373,2017-01-03 10:10:57,13.9000,1,5560.0000,4,B,13.8900,13.8800,13.8700,13.8600,13.8500,13.9000,13.9100,13.9200,13.9300,13.9400,69,58,614,106,325,464,243,9,10,153
SZ,002373,2017-01-03 10:11:03,13.8900,1,13890.0000,10,S,13.8900,13.8800,13.8700,13.8600,13.8500,13.9000,13.9100,13.9200,13.9300,13.9400,59,58,614,106,325,464,243,9,10,153
SZ,002373,2017-01-03 10:11:12,13.9000,1,27800.0000,20,B,13.8900,13.8800,13.8700,13.8600,13.8500,13.9000,13.9100,13.9200,13.9300,13.9400,81,66,614,106,325,444,243,9,10,153
SZ,002373,2017-01-03 10:11:18,13.8900,10,156486.0000,112,S,13.8800,13.8700,13.8600,13.8500,13.8400,13.8900,13.9000,13.9100,13.9200,13.9300,66,614,106,325,17,218,444,243,9,10
SZ,002373,2017-01-03 10:11:21,13.8900,1,6944.0000,5,B,13.8800,13.8700,13.8600,13.8500,13.8400,13.8900,13.9000,13.9100,13.9200,13.9300,67,614,106,325,17,218,444,243,9,10
SZ,002373,2017-01-03 10:11:24,13.8900,1,50004.0000,36,B,13.8800,13.8700,13.8600,13.8500,13.8400,13.8900,13.9000,13.9100,13.9200,13.9300,67,614,106,325,17,182,444,243,9,10
SZ,002373,2017-01-03 10:11:36,13.8900,1,1388.0000,1,B,13.8800,13.8700,13.8600,13.8500,13.8400,13.8900,13.9000,13.9100,13.9200,13.9300,76,614,106,325,17,181,444,243,9,10
SZ,002373,2017-01-03 10:11:51,13.8800,3,6940.0000,5,S,13.8800,13.8700,13.8600,13.8500,13.8400,13.8900,13.9000,13.9100,13.9200,13.9300,100,594,106,325,17,181,444,243,9,10
SZ,002373,2017-01-03 10:11:54,13.9000,5,625320.0000,450,B,13.8800,13.8700,13.8600,13.8500,13.8400,13.9000,13.9100,13.9200,13.9300,13.9400,100,594,106,325,17,175,243,9,10,114
SZ,002373,2017-01-03 10:12:00,13.8900,1,1388.0000,1,S,13.8900,13.8800,13.8700,13.8600,13.8500,13.9000,13.9100,13.9200,13.9300,13.9400,32,120,594,106,325,175,243,9,10,114
SZ,002373,2017-01-03 10:12:03,13.8900,1,9724.0000,7,S,13.8900,13.8800,13.8700,13.8600,13.8500,13.9000,13.9100,13.9200,13.9300,13.9400,27,120,594,106,325,175,243,9,10,114
SZ,002373,2017-01-03 10:12:06,13.8900,1,1388.0000,1,S,13.8900,13.8800,13.8700,13.8600,13.8500,13.9000,13.9100,13.9200,13.9300,13.9400,26,120,594,106,325,175,243,9,10,114
SZ,002373,2017-01-03 10:12:12,13.9000,1,2780.0000,2,B,13.8900,13.8800,13.8700,13.8600,13.8500,13.9000,13.9100,13.9200,13.9300,13.9400,49,173,594,106,325,173,243,164,10,114
SZ,002373,2017-01-03 10:12:27,13.9000,1,19460.0000,14,B,13.8900,13.8800,13.8700,13.8600,13.8500,13.9000,13.9100,13.9200,13.9300,13.9400,58,173,594,56,316,159,243,164,10,114
SZ,002373,2017-01-03 10:12:54,13.9000,1,2780.0000,2,B,13.8900,13.8800,13.8700,13.8600,13.8500,13.9000,13.9100,13.9200,13.9300,13.9400,303,173,564,56,316,157,243,164,10,114
SZ,002373,2017-01-03 10:13:00,13.8900,1,1388.0000,1,S,13.8900,13.8800,13.8700,13.8600,13.8500,13.9000,13.9100,13.9200,13.9300,13.9400,302,163,553,56,316,168,243,164,10,114
SZ,002373,2017-01-03 10:13:06,13.8900,3,45838.0000,33,S,13.8900,13.8800,13.8700,13.8600,13.8500,13.9000,13.9100,13.9200,13.9300,13.9400,269,163,553,56,316,168,243,164,10,114
SZ,002373,2017-01-03 10:13:09,13.9000,2,83400.0000,60,B,13.8900,13.8800,13.8700,13.8600,13.8500,13.9000,13.9100,13.9200,13.9300,13.9400,269,163,17,56,316,108,243,164,10,114
SZ,002373,2017-01-03 10:13:12,13.9000,1,41700.0000,30,B,13.8900,13.8800,13.8700,13.8600,13.8500,13.9000,13.9100,13.9200,13.9300,13.9400,269,163,17,56,316,78,243,164,10,114
SZ,002373,2017-01-03 10:13:15,13.9000,2,25020.0000,18,B,13.8900,13.8800,13.8700,13.8600,13.8500,13.9000,13.9100,13.9200,13.9300,13.9400,269,163,17,56,316,60,243,164,10,114
SZ,002373,2017-01-03 10:13:18,13.9000,1,27800.0000,20,B,13.8900,13.8800,13.8700,13.8600,13.8500,13.9000,13.9100,13.9200,13.9300,13.9400,269,163,17,56,316,40,243,164,10,114
SZ,002373,2017-01-03 10:13:24,13.9000,1,8340.0000,6,B,13.8900,13.8800,13.8700,13.8600,13.8500,13.9000,13.9100,13.9200,13.9300,13.9400,269,160,17,56,316,34,243,164,10,114
SZ,002373,2017-01-03 10:13:30,13.9000,3,8340.0000,6,B,13.8900,13.8800,13.8700,13.8600,13.8500,13.9000,13.9100,13.9200,13.9300,13.9400,269,160,17,56,316,23,243,164,10,114
SZ,002373,2017-01-03 10:13:36,13.9000,3,32442.0000,24,B,13.9000,13.8900,13.8800,13.8700,13.8600,13.9100,13.9200,13.9300,13.9400,13.9500,25,270,172,17,56,243,164,10,114,20
SZ,002373,2017-01-03 10:13:48,13.9000,1,12512.0000,9,S,13.9000,13.8900,13.8800,13.8700,13.8600,13.9100,13.9200,13.9300,13.9400,13.9500,86,270,172,17,56,243,164,10,114,20
SZ,002373,2017-01-03 10:14:03,13.9000,1,6948.0000,5,S,13.9000,13.8900,13.8800,13.8700,13.8600,13.9100,13.9200,13.9300,13.9400,13.9500,123,278,143,17,56,243,164,10,114,20
SZ,002373,2017-01-03 10:14:09,13.9100,1,16692.0000,12,B,13.9000,13.8900,13.8800,13.8700,13.8600,13.9100,13.9200,13.9300,13.9400,13.9500,113,263,143,17,56,231,164,10,114,20
SZ,002373,2017-01-03 10:14:12,13.9000,1,2780.0000,2,S,13.9000,13.8900,13.8800,13.8700,13.8600,13.9100,13.9200,13.9300,13.9400,13.9500,111,265,131,17,56,231,164,10,114,20
SZ,002373,2017-01-03 10:14:15,13.9100,1,48686.0000,35,B,13.9000,13.8900,13.8800,13.8700,13.8600,13.9100,13.9200,13.9300,13.9400,13.9500,111,265,131,17,56,196,164,10,114,20
SZ,002373,2017-01-03 10:14:21,13.9100,2,15302.0000,11,B,13.9000,13.8900,13.8800,13.8700,13.8600,13.9100,13.9200,13.9300,13.9400,13.9500,111,265,123,17,48,228,164,10,114,20
SZ,002373,2017-01-03 10:14:30,13.9000,1,12508.0000,9,S,13.9000,13.8900,13.8800,13.8700,13.8600,13.9100,13.9200,13.9300,13.9400,13.9500,112,265,123,17,89,228,174,10,114,20
SZ,002373,2017-01-03 10:14:36,13.9100,1,11128.0000,8,B,13.9000,13.8900,13.8800,13.8700,13.8600,13.9100,13.9200,13.9300,13.9400,13.9500,112,265,123,17,89,220,174,10,114,20
SZ,002373,2017-01-03 10:14:45,13.9400,12,721076.0000,518,B,13.9400,13.9000,13.8900,13.8800,13.8700,13.9500,13.9600,13.9700,13.9800,13.9900,15,132,265,123,17,20,56,241,10,132
SZ,002373,2017-01-03 10:14:51,13.9500,1,5580.0000,4,B,13.9400,13.9100,13.9000,13.8900,13.8800,13.9500,13.9600,13.9700,13.9800,13.9900,44,102,103,265,123,16,56,241,10,132
SZ,002373,2017-01-03 10:14:57,13.9400,1,13940.0000,10,S,13.9400,13.9100,13.9000,13.8900,13.8800,13.9500,13.9600,13.9700,13.9800,13.9900,34,102,108,265,121,16,56,241,10,132
SZ,002373,2017-01-03 10:15:24,13.9500,1,8368.0000,6,B,13.9400,13.9100,13.9000,13.8900,13.8800,13.9500,13.9600,13.9700,13.9800,13.9900,34,102,129,265,121,10,61,267,10,132
SZ,002373,2017-01-03 10:15:27,13.9500,4,32068.0000,23,B,13.9400,13.9100,13.9000,13.8900,13.8800,13.9500,13.9600,13.9700,13.9800,13.9900,16,102,129,265,121,5,61,267,10,132
SZ,002373,2017-01-03 10:15:36,13.9500,1,1396.0000,1,B,13.9400,13.9100,13.9000,13.8900,13.8800,13.9500,13.9600,13.9700,13.9800,13.9900,16,102,129,265,121,4,61,267,10,132
SZ,002373,2017-01-03 10:15:39,13.9500,1,1394.0000,1,B,13.9400,13.9300,13.9100,13.9000,13.8900,13.9500,13.9600,13.9700,13.9800,13.9900,16,11,102,129,265,3,61,267,10,132
SZ,002373,2017-01-03 10:15:42,13.9600,2,6978.0000,5,B,13.9500,13.9400,13.9300,13.9100,13.9000,13.9600,13.9700,13.9800,13.9900,14.0000,7,16,11,102,129,59,267,10,132,69
SZ,002373,2017-01-03 10:15:51,13.9500,1,9764.0000,7,S,13.9500,13.9400,13.9300,13.9200,13.9100,13.9600,13.9700,13.9800,13.9900,14.0000,4,16,11,18,102,59,267,10,132,69
SZ,002373,2017-01-03 10:15:54,13.9500,1,5580.0000,4,S,13.9400,13.9300,13.9200,13.9100,13.9000,13.9500,13.9600,13.9700,13.9800,13.9900,16,11,18,2,129,78,59,267,10,132
SZ,002373,2017-01-03 10:16:03,13.9400,1,6970.0000,5,S,13.9400,13.9300,13.9200,13.9100,13.9000,13.9500,13.9600,13.9700,13.9800,13.9900,11,11,18,2,69,93,59,267,10,132
SZ,002373,2017-01-03 10:16:30,13.9400,1,1394.0000,1,S,13.9400,13.9300,13.9200,13.9100,13.9000,13.9500,13.9600,13.9700,13.9800,13.9900,10,11,18,2,28,99,59,267,10,132
SZ,002373,2017-01-03 10:16:48,13.9400,1,13940.0000,10,S,13.9300,13.9200,13.9100,13.9000,13.8900,13.9400,13.9500,13.9600,13.9700,13.9800,11,18,2,28,265,13,99,59,267,10
SZ,002373,2017-01-03 10:17:03,13.9400,1,1394.0000,1,B,13.9300,13.9100,13.9000,13.8900,13.8800,13.9400,13.9500,13.9600,13.9700,13.9800,47,2,28,283,120,32,17,39,267,10
SZ,002373,2017-01-03 10:17:15,13.9300,2,65470.0000,47,S,13.9100,13.9000,13.8900,13.8800,13.8700,13.9300,13.9400,13.9500,13.9600,13.9700,2,28,283,120,17,3,32,17,39,267
SZ,002373,2017-01-03 10:17:42,13.9100,1,2784.0000,2,S,13.9000,13.8900,13.8800,13.8700,13.8600,13.9100,13.9300,13.9400,13.9500,13.9600,48,265,120,17,48,17,18,32,22,52
SZ,002373,2017-01-03 10:18:09,13.9000,4,13900.0000,10,S,13.9000,13.8900,13.8800,13.8700,13.8600,13.9100,13.9300,13.9400,13.9500,13.9600,43,265,120,17,48,20,19,32,22,48
SZ,002373,2017-01-03 10:18:12,13.9100,1,4172.0000,3,B,13.9000,13.8900,13.8800,13.8700,13.8600,13.9100,13.9300,13.9400,13.9500,13.9600,51,265,120,17,48,17,19,32,22,48
SZ,002373,2017-01-03 10:18:21,13.9100,1,1392.0000,1,B,13.9000,13.8900,13.8800,13.8700,13.8600,13.9100,13.9300,13.9400,13.9500,13.9600,78,265,115,17,48,16,19,32,22,48
SZ,002373,2017-01-03 10:18:30,13.9100,2,22256.0000,16,B,13.9100,13.9000,13.8900,13.8800,13.8700,13.9300,13.9400,13.9500,13.9600,13.9700,7,83,260,115,17,19,32,22,48,267
SZ,002373,2017-01-03 10:18:51,13.9100,1,9736.0000,7,S,13.9000,13.8900,13.8800,13.8700,13.8600,13.9300,13.9400,13.9500,13.9600,13.9700,83,261,115,17,48,19,32,22,48,267
SZ,002373,2017-01-03 10:18:57,13.9300,5,40396.0000,29,B,13.9000,13.8900,13.8800,13.8700,13.8600,13.9300,13.9400,13.9500,13.9600,13.9700,83,261,115,17,48,155,32,22,48,267
SZ,002373,2017-01-03 10:19:45,13.9000,1,6952.0000,5,S,13.9000,13.8900,13.8800,13.8700,13.8600,13.9200,13.9300,13.9400,13.9500,13.9600,123,261,148,17,48,91,155,32,7,58
SZ,002373,2017-01-03 10:19:51,13.9000,2,18068.0000,13,S,13.9000,13.8900,13.8800,13.8700,13.8600,13.9200,13.9300,13.9400,13.9500,13.9600,110,261,148,17,48,91,155,32,7,58
SZ,002373,2017-01-03 10:19:54,13.9200,1,11136.0000,8,B,13.9000,13.8900,13.8800,13.8700,13.8600,13.9200,13.9300,13.9400,13.9500,13.9600,110,261,148,17,48,83,155,32,7,58
SZ,002373,2017-01-03 10:20:06,13.9000,6,51432.0000,37,S,13.9000,13.8900,13.8800,13.8700,13.8600,13.9200,13.9300,13.9400,13.9500,13.9600,83,263,148,17,48,83,155,32,7,58
SZ,002373,2017-01-03 10:20:24,13.9100,3,16692.0000,12,B,13.9000,13.8900,13.8800,13.8700,13.8600,13.9100,13.9200,13.9300,13.9400,13.9500,94,263,148,17,48,36,83,155,42,7
SZ,002373,2017-01-03 10:20:30,13.9000,1,13900.0000,10,S,13.9000,13.8900,13.8800,13.8700,13.8600,13.9100,13.9200,13.9300,13.9400,13.9500,84,263,145,17,48,36,83,155,42,7
SZ,002373,2017-01-03 10:20:48,13.9100,1,1390.0000,1,B,13.9000,13.8900,13.8800,13.8700,13.8600,13.9100,13.9200,13.9300,13.9400,13.9500,94,263,145,17,48,35,83,155,42,7
SZ,002373,2017-01-03 10:20:54,13.9100,1,11128.0000,8,B,13.9000,13.8900,13.8800,13.8700,13.8600,13.9100,13.9200,13.9300,13.9400,13.9500,84,263,145,17,48,27,83,155,42,7
SZ,002373,2017-01-03 10:21:00,13.9100,1,6954.0000,5,B,13.9000,13.8900,13.8800,13.8700,13.8600,13.9100,13.9200,13.9300,13.9400,13.9500,84,263,145,17,48,22,83,155,42,7
SZ,002373,2017-01-03 10:21:06,13.9100,1,27820.0000,20,B,13.9000,13.8900,13.8800,13.8700,13.8600,13.9100,13.9200,13.9300,13.9400,13.9500,84,261,145,17,48,215,83,155,42,7
SZ,002373,2017-01-03 10:21:09,13.9000,4,27800.0000,20,S,13.9000,13.8900,13.8800,13.8700,13.8600,13.9100,13.9200,13.9300,13.9400,13.9500,84,261,145,17,48,215,83,155,42,7
SZ,002373,2017-01-03 10:21:12,13.9000,1,6952.0000,5,S,13.9000,13.8900,13.8800,13.8700,13.8600,13.9100,13.9200,13.9300,13.9400,13.9500,79,261,145,17,48,215,83,155,42,7
SZ,002373,2017-01-03 10:21:21,13.9100,1,1390.0000,1,B,13.9000,13.8900,13.8800,13.8700,13.8600,13.9100,13.9200,13.9300,13.9400,13.9500,85,261,145,17,48,214,83,155,42,7
SZ,002373,2017-01-03 10:21:24,13.9100,4,15302.0000,11,B,13.9000,13.8900,13.8800,13.8700,13.8600,13.9100,13.9200,13.9300,13.9400,13.9500,85,261,145,17,48,203,83,155,42,7
SZ,002373,2017-01-03 10:21:27,13.9100,1,1390.0000,1,B,13.9000,13.8900,13.8800,13.8700,13.8600,13.9100,13.9200,13.9300,13.9400,13.9500,85,261,145,17,48,202,83,155,42,7
SZ,002373,2017-01-03 10:21:30,13.9100,2,216996.0000,156,B,13.9000,13.8900,13.8800,13.8700,13.8600,13.9100,13.9200,13.9300,13.9400,13.9500,88,261,145,17,48,46,83,155,42,7
SZ,002373,2017-01-03 10:21:33,13.9100,1,13910.0000,10,B,13.9000,13.8900,13.8800,13.8700,13.8600,13.9100,13.9200,13.9300,13.9400,13.9500,88,261,145,17,48,36,83,155,42,7
SZ,002373,2017-01-03 10:21:36,13.9100,3,33380.0000,24,B,13.9000,13.8900,13.8800,13.8700,13.8600,13.9100,13.9200,13.9300,13.9400,13.9500,84,261,145,17,48,16,83,155,42,7
SZ,002373,2017-01-03 10:21:39,13.9200,2,41744.0000,30,B,13.9000,13.8900,13.8800,13.8700,13.8600,13.9200,13.9300,13.9400,13.9500,13.9600,94,261,145,17,48,69,155,42,7,58
SZ,002373,2017-01-03 10:21:48,13.9200,1,51504.0000,37,B,13.9000,13.8900,13.8800,13.8700,13.8600,13.9200,13.9300,13.9400,13.9500,13.9600,94,260,145,17,48,32,155,42,7,58
SZ,002373,2017-01-03 10:21:54,13.9200,1,11136.0000,8,B,13.9100,13.9000,13.8900,13.8800,13.8700,13.9200,13.9300,13.9400,13.9500,13.9600,1,91,260,145,17,24,155,42,177,58
SZ,002373,2017-01-03 10:21:57,13.9300,3,249324.0000,179,B,13.9300,13.9100,13.9000,13.8900,13.8800,13.9400,13.9500,13.9600,13.9700,13.9800,180,1,91,260,145,42,177,58,236,5
SZ,002373,2017-01-03 10:22:03,13.9400,1,2788.0000,2,B,13.9300,13.9100,13.9000,13.8900,13.8800,13.9400,13.9500,13.9600,13.9700,13.9800,180,1,91,262,145,40,177,58,236,5
SZ,002373,2017-01-03 10:22:12,13.9400,1,1392.0000,1,B,13.9300,13.9100,13.9000,13.8900,13.8800,13.9400,13.9500,13.9600,13.9700,13.9800,185,1,91,262,145,29,177,58,236,5
SZ,002373,2017-01-03 10:22:18,13.9400,2,40428.0000,29,B,13.9400,13.9300,13.9100,13.9000,13.8900,13.9500,13.9600,13.9700,13.9800,13.9900,1,185,1,91,262,177,58,236,5,132
SZ,002373,2017-01-03 10:22:24,13.9500,3,9764.0000,7,B,13.9400,13.9300,13.9000,13.8900,13.8800,13.9500,13.9600,13.9700,13.9800,13.9900,1,185,91,262,145,170,58,236,5,132
SZ,002373,2017-01-03 10:22:30,13.9500,1,1396.0000,1,B,13.9400,13.9300,13.9000,13.8900,13.8800,13.9500,13.9600,13.9700,13.9800,13.9900,3,5,91,262,145,200,58,236,5,132
SZ,002373,2017-01-03 10:22:45,13.9500,1,6974.0000,5,B,13.9400,13.9300,13.9000,13.8900,13.8800,13.9500,13.9600,13.9700,13.9800,13.9900,3,5,91,262,145,195,58,236,5,132
SZ,002373,2017-01-03 10:22:54,13.9500,1,11160.0000,8,B,13.9400,13.9300,13.9000,13.8900,13.8800,13.9500,13.9600,13.9700,13.9800,13.9900,37,5,117,262,145,187,158,236,5,132
SZ,002373,2017-01-03 10:22:57,13.9400,4,13942.0000,10,S,13.9400,13.9300,13.9000,13.8900,13.8800,13.9500,13.9600,13.9700,13.9800,13.9900,30,5,117,262,145,184,158,236,5,132
SZ,002373,2017-01-03 10:23:06,13.9400,1,13940.0000,10,S,13.9400,13.9300,13.9100,13.9000,13.8900,13.9500,13.9600,13.9700,13.9800,13.9900,20,5,6,117,262,184,158,236,5,132
SZ,002373,2017-01-03 10:23:15,13.9400,1,13940.0000,10,S,13.9400,13.9300,13.9100,13.9000,13.8900,13.9500,13.9600,13.9700,13.9800,13.9900,11,5,6,117,262,184,158,236,5,132
SZ,002373,2017-01-03 10:23:24,13.9500,2,18132.0000,13,B,13.9400,13.9300,13.9100,13.9000,13.8900,13.9500,13.9600,13.9700,13.9800,13.9900,6,5,6,117,262,176,158,236,5,132
SZ,002373,2017-01-03 10:23:27,13.9400,2,8364.0000,6,S,13.9400,13.9300,13.9100,13.9000,13.8900,13.9500,13.9600,13.9700,13.9800,13.9900,1,5,6,117,262,175,158,236,5,132
SZ,002373,2017-01-03 10:23:36,13.9400,2,5580.0000,4,S,13.9300,13.9100,13.9000,13.8900,13.8800,13.9400,13.9500,13.9600,13.9700,13.9800,5,6,117,262,145,4,182,158,236,5
SZ,002373,2017-01-03 10:23:39,13.9400,2,4180.0000,3,B,13.9300,13.9100,13.9000,13.8900,13.8800,13.9400,13.9500,13.9600,13.9700,13.9800,5,6,167,262,145,1,182,158,236,5
SZ,002373,2017-01-03 10:23:54,13.9400,2,9760.0000,7,B,13.9300,13.9100,13.9000,13.8900,13.8800,13.9400,13.9500,13.9600,13.9700,13.9800,29,6,167,262,145,167,182,158,236,5
SZ,002373,2017-01-03 10:24:06,13.9300,1,40396.0000,29,S,13.9100,13.9000,13.8900,13.8800,13.8700,13.9300,13.9400,13.9500,13.9600,13.9700,6,167,262,145,17,211,219,182,158,236
SZ,002373,2017-01-03 10:24:12,13.9100,1,6956.0000,5,S,13.9100,13.9000,13.8900,13.8800,13.8700,13.9300,13.9400,13.9500,13.9600,13.9700,1,167,262,145,17,211,488,182,158,236
SZ,002373,2017-01-03 10:24:27,13.9300,1,11144.0000,8,B,13.9100,13.9000,13.8900,13.8800,13.8700,13.9300,13.9400,13.9500,13.9600,13.9700,1,177,262,145,17,204,488,182,158,236
SZ,002373,2017-01-03 10:24:45,13.9000,4,41700.0000,30,S,13.9000,13.8900,13.8800,13.8700,13.8600,13.9300,13.9400,13.9500,13.9600,13.9700,53,262,145,17,48,204,488,182,158,236
SZ,002373,2017-01-03 10:24:57,13.9300,2,6964.0000,5,B,13.9300,13.9000,13.8900,13.8800,13.8700,13.9400,13.9500,13.9600,13.9700,13.9800,3,53,262,146,17,488,182,158,236,5
SZ,002373,2017-01-03 10:25:06,13.9400,3,15304.0000,11,B,13.9000,13.8900,13.8800,13.8700,13.8600,13.9300,13.9400,13.9500,13.9600,13.9700,46,262,146,17,48,203,487,182,158,236
SZ,002373,2017-01-03 10:25:21,13.9300,1,20896.0000,15,B,13.9000,13.8900,13.8800,13.8700,13.8600,13.9300,13.9400,13.9500,13.9600,13.9700,46,262,146,17,48,277,551,192,158,236
SZ,002373,2017-01-03 10:25:27,13.9300,2,16716.0000,12,B,13.9000,13.8900,13.8800,13.8700,13.8600,13.9300,13.9400,13.9500,13.9600,13.9700,46,262,146,17,48,328,551,192,158,236
SZ,002373,2017-01-03 10:25:57,13.9300,1,11144.0000,8,B,13.9100,13.9000,13.8900,13.8800,13.8700,13.9300,13.9400,13.9500,13.9600,13.9700,169,207,264,146,17,144,487,182,158,236
SZ,002373,2017-01-03 10:26:21,13.9300,1,11144.0000,8,B,13.9100,13.9000,13.8900,13.8800,13.8700,13.9300,13.9400,13.9500,13.9600,13.9700,217,210,264,147,17,136,487,182,158,250
SZ,002373,2017-01-03 10:26:27,13.9300,1,11144.0000,8,B,13.9100,13.9000,13.8900,13.8800,13.8700,13.9300,13.9400,13.9500,13.9600,13.9700,217,210,264,147,17,128,487,182,158,250
SZ,002373,2017-01-03 10:26:57,13.9300,2,11142.0000,8,B,13.9100,13.9000,13.8900,13.8800,13.8700,13.9300,13.9400,13.9500,13.9600,13.9700,237,210,264,147,17,131,487,182,158,250
SZ,002373,2017-01-03 10:27:00,13.9100,3,244816.0000,176,S,13.9100,13.9000,13.8900,13.8800,13.8700,13.9300,13.9400,13.9500,13.9600,13.9700,61,210,264,147,17,131,487,182,158,250
SZ,002373,2017-01-03 10:27:12,13.9300,2,9750.0000,7,B,13.9100,13.9000,13.8900,13.8800,13.8700,13.9300,13.9400,13.9500,13.9600,13.9700,65,210,264,139,17,131,487,182,158,236
SZ,002373,2017-01-03 10:27:18,13.9300,1,2788.0000,2,B,13.9100,13.9000,13.8900,13.8800,13.8700,13.9300,13.9400,13.9500,13.9600,13.9700,65,210,264,139,17,129,487,182,158,236
SZ,002373,2017-01-03 10:27:27,13.9300,1,9750.0000,7,B,13.9100,13.9000,13.8900,13.8800,13.8700,13.9300,13.9400,13.9500,13.9600,13.9700,68,210,264,139,17,122,487,182,158,236
SZ,002373,2017-01-03 10:27:51,13.9100,1,55640.0000,40,S,13.9100,13.9000,13.8900,13.8800,13.8700,13.9300,13.9400,13.9500,13.9600,13.9700,59,210,264,139,17,122,487,182,158,236
SZ,002373,2017-01-03 10:27:57,13.9300,1,11144.0000,8,B,13.9100,13.9000,13.8900,13.8800,13.8700,13.9300,13.9400,13.9500,13.9600,13.9700,59,210,264,139,17,114,487,182,158,236
SZ,002373,2017-01-03 10:28:15,13.9200,1,9744.0000,7,S,13.9200,13.9100,13.9000,13.8900,13.8800,13.9300,13.9400,13.9500,13.9600,13.9700,73,56,210,264,139,154,487,182,153,236
SZ,002373,2017-01-03 10:28:21,13.9300,1,1394.0000,1,B,13.9200,13.9100,13.9000,13.8900,13.8800,13.9300,13.9400,13.9500,13.9600,13.9700,73,66,230,264,139,153,487,182,153,236
SZ,002373,2017-01-03 10:28:27,13.9300,2,12536.0000,9,B,13.9200,13.9100,13.9000,13.8900,13.8800,13.9300,13.9400,13.9500,13.9600,13.9700,73,66,231,264,139,144,487,192,153,236
SZ,002373,2017-01-03 10:28:33,13.9200,1,52896.0000,38,S,13.9200,13.9100,13.9000,13.8900,13.8800,13.9300,13.9400,13.9500,13.9600,13.9700,35,66,231,264,139,194,487,192,153,236
SZ,002373,2017-01-03 10:28:42,13.9200,1,48720.0000,35,S,13.9100,13.9000,13.8900,13.8800,13.8700,13.9200,13.9300,13.9400,13.9500,13.9600,66,238,264,139,17,15,213,487,192,153
SZ,002373,2017-01-03 10:28:51,13.9200,1,2784.0000,2,B,13.9100,13.9000,13.8900,13.8800,13.8700,13.9200,13.9300,13.9400,13.9500,13.9600,66,243,264,139,17,16,213,487,192,153
SZ,002373,2017-01-03 10:28:57,13.9200,1,9744.0000,7,B,13.9100,13.9000,13.8900,13.8800,13.8700,13.9200,13.9300,13.9400,13.9500,13.9600,66,243,264,139,17,9,213,487,192,153
SZ,002373,2017-01-03 10:29:03,13.9200,1,6960.0000,5,B,13.9100,13.9000,13.8900,13.8800,13.8700,13.9200,13.9300,13.9400,13.9500,13.9600,66,247,264,139,17,5,213,487,192,153
SZ,002373,2017-01-03 10:29:06,13.9200,3,6960.0000,5,B,13.9200,13.9100,13.9000,13.8900,13.8800,13.9300,13.9400,13.9500,13.9600,13.9700,65,73,247,264,139,213,487,192,153,236
SZ,002373,2017-01-03 10:29:12,13.9200,3,90480.0000,65,S,13.9100,13.9000,13.8900,13.8800,13.8700,13.9200,13.9300,13.9400,13.9500,13.9600,73,247,264,139,17,304,213,487,192,153
SZ,002373,2017-01-03 10:29:21,13.9100,6,70940.0000,51,S,13.9100,13.9000,13.8900,13.8800,13.8700,13.9200,13.9300,13.9400,13.9500,13.9600,22,247,264,139,17,308,213,487,192,153
SZ,002373,2017-01-03 10:29:27,13.9200,1,11136.0000,8,B,13.9100,13.9000,13.8900,13.8800,13.8700,13.9200,13.9300,13.9400,13.9500,13.9600,22,247,274,139,17,300,213,487,192,153
SZ,002373,2017-01-03 10:29:36,13.9100,2,8348.0000,6,S,13.9100,13.9000,13.8900,13.8800,13.8700,13.9200,13.9300,13.9400,13.9500,13.9600,16,247,274,139,17,300,213,487,192,153
SZ,002373,2017-01-03 10:29:42,13.9100,2,22256.0000,16,S,13.9000,13.8900,13.8800,13.8700,13.8600,13.9100,13.9200,13.9300,13.9400,13.9500,247,271,139,17,48,34,300,213,487,192
SZ,002373,2017-01-03 10:29:54,13.9100,1,25036.0000,18,B,13.9000,13.8900,13.8800,13.8700,13.8600,13.9100,13.9200,13.9300,13.9400,13.9500,247,271,139,17,43,16,296,213,487,192
SZ,002373,2017-01-03 10:29:57,13.9100,1,11128.0000,8,B,13.9000,13.8900,13.8800,13.8700,13.8600,13.9100,13.9200,13.9300,13.9400,13.9500,247,271,139,17,43,8,296,213,487,202
SZ,002373,2017-01-03 10:30:00,13.9100,1,2784.0000,2,B,13.9000,13.8900,13.8800,13.8700,13.8600,13.9100,13.9200,13.9300,13.9400,13.9500,247,271,139,17,43,12,296,213,487,202
SZ,002373,2017-01-03 10:30:03,13.9100,1,8344.0000,6,B,13.9000,13.8900,13.8800,13.8700,13.8600,13.9100,13.9200,13.9300,13.9400,13.9500,247,271,139,17,31,6,296,213,487,202
SZ,002373,2017-01-03 10:30:06,13.9100,2,8348.0000,6,B,13.9100,13.9000,13.8900,13.8800,13.8700,13.9200,13.9300,13.9400,13.9500,13.9600,3,362,271,139,17,296,213,487,202,153
SZ,002373,2017-01-03 10:30:12,13.9200,1,4176.0000,3,B,13.9100,13.9000,13.8900,13.8800,13.8700,13.9200,13.9300,13.9400,13.9500,13.9600,35,362,271,139,17,293,213,487,202,153
SZ,002373,2017-01-03 10:30:15,13.9100,3,33388.0000,24,S,13.9100,13.9000,13.8900,13.8800,13.8700,13.9200,13.9300,13.9400,13.9500,13.9600,15,362,271,139,17,289,213,487,202,153
SZ,002373,2017-01-03 10:30:27,13.9200,1,9744.0000,7,B,13.9100,13.9000,13.8900,13.8800,13.8700,13.9200,13.9300,13.9400,13.9500,13.9600,92,363,271,139,17,282,213,487,202,153
SZ,002373,2017-01-03 10:30:36,13.9200,1,13920.0000,10,B,13.9100,13.9000,13.8900,13.8800,13.8700,13.9200,13.9300,13.9400,13.9500,13.9600,106,363,271,144,17,272,189,487,212,153
SZ,002373,2017-01-03 10:30:45,13.9200,1,22272.0000,16,B,13.9100,13.9000,13.8900,13.8800,13.8700,13.9200,13.9300,13.9400,13.9500,13.9600,106,363,271,144,17,256,189,487,212,153
SZ,002373,2017-01-03 10:30:54,13.9100,1,1390.0000,1,S,13.9100,13.9000,13.8900,13.8800,13.8700,13.9200,13.9300,13.9400,13.9500,13.9600,117,363,271,144,17,256,189,487,212,153
SZ,002373,2017-01-03 10:30:57,13.9200,2,57072.0000,41,B,13.9100,13.9000,13.8900,13.8800,13.8700,13.9200,13.9300,13.9400,13.9500,13.9600,117,363,271,144,17,215,189,487,212,153
SZ,002373,2017-01-03 10:31:00,13.9200,1,27840.0000,20,B,13.9100,13.9000,13.8900,13.8800,13.8700,13.9200,13.9300,13.9400,13.9500,13.9600,118,363,271,144,17,195,189,487,212,153
SZ,002373,2017-01-03 10:31:15,13.9200,2,5566.0000,4,B,13.9100,13.9000,13.8900,13.8800,13.8700,13.9200,13.9300,13.9400,13.9500,13.9600,116,366,271,144,17,193,189,487,212,153
SZ,002373,2017-01-03 10:31:24,13.9200,1,13920.0000,10,B,13.9100,13.9000,13.8900,13.8800,13.8700,13.9200,13.9300,13.9400,13.9500,13.9600,116,366,272,144,17,183,189,487,212,148
SZ,002373,2017-01-03 10:31:30,13.9200,1,11136.0000,8,B,13.9100,13.9000,13.8900,13.8800,13.8700,13.9200,13.9300,13.9400,13.9500,13.9600,116,346,272,144,17,211,189,487,212,148
SZ,002373,2017-01-03 10:32:00,13.9200,1,11136.0000,8,B,13.9100,13.9000,13.8900,13.8800,13.8700,13.9200,13.9300,13.9400,13.9500,13.9600,147,370,272,144,17,300,189,487,212,168
SZ,002373,2017-01-03 10:32:18,13.9200,1,13920.0000,10,B,13.9100,13.9000,13.8900,13.8800,13.8700,13.9200,13.9300,13.9400,13.9500,13.9600,188,465,272,144,17,254,189,487,212,168
SZ,002373,2017-01-03 10:32:27,13.9200,2,66816.0000,48,B,13.9100,13.9000,13.8900,13.8800,13.8700,13.9200,13.9300,13.9400,13.9500,13.9600,172,466,272,144,17,207,189,487,212,168
SZ,002373,2017-01-03 10:32:30,13.9200,2,15312.0000,11,B,13.9100,13.9000,13.8900,13.8800,13.8700,13.9200,13.9300,13.9400,13.9500,13.9600,191,466,272,144,17,196,189,321,212,168
SZ,002373,2017-01-03 10:32:36,13.9200,1,91872.0000,66,B,13.9100,13.9000,13.8900,13.8800,13.8700,13.9200,13.9300,13.9400,13.9500,13.9600,191,466,272,144,17,166,189,321,212,168
SZ,002373,2017-01-03 10:32:51,13.9200,2,4176.0000,3,B,13.9100,13.9000,13.8900,13.8800,13.8700,13.9200,13.9300,13.9400,13.9500,13.9600,174,466,272,144,17,163,385,321,212,168
SZ,002373,2017-01-03 10:32:54,13.9200,1,6960.0000,5,B,13.9100,13.9000,13.8900,13.8800,13.8700,13.9200,13.9300,13.9400,13.9500,13.9600,174,466,272,144,17,158,385,321,212,168
SZ,002373,2017-01-03 10:33:00,13.9200,2,15312.0000,11,B,13.9100,13.9000,13.8900,13.8800,13.8700,13.9200,13.9300,13.9400,13.9500,13.9600,183,466,272,144,17,147,385,321,212,168
SZ,002373,2017-01-03 10:33:09,13.9200,3,51504.0000,37,B,13.9100,13.9000,13.8900,13.8800,13.8700,13.9200,13.9300,13.9400,13.9500,13.9600,183,466,272,144,17,110,385,321,212,168
SZ,002373,2017-01-03 10:33:12,13.9200,1,1392.0000,1,B,13.9100,13.9000,13.8900,13.8800,13.8700,13.9200,13.9300,13.9400,13.9500,13.9600,183,466,272,144,17,109,385,321,202,168
SZ,002373,2017-01-03 10:33:24,13.9200,3,44516.0000,32,B,13.9100,13.9000,13.8900,13.8800,13.8700,13.9200,13.9300,13.9400,13.9500,13.9600,200,466,272,144,17,104,385,321,202,168
SZ,002373,2017-01-03 10:33:30,13.9200,1,11136.0000,8,B,13.9100,13.9000,13.8900,13.8800,13.8700,13.9200,13.9300,13.9400,13.9500,13.9600,200,466,272,144,17,156,385,321,202,168
SZ,002373,2017-01-03 10:33:39,13.9100,2,16692.0000,12,S,13.9100,13.9000,13.8900,13.8800,13.8700,13.9200,13.9300,13.9400,13.9500,13.9600,188,466,272,144,17,156,385,321,202,168
SZ,002373,2017-01-03 10:33:48,13.9200,1,1392.0000,1,B,13.9100,13.9000,13.8900,13.8800,13.8700,13.9200,13.9300,13.9400,13.9500,13.9600,166,466,272,144,17,155,385,321,202,168
SZ,002373,2017-01-03 10:34:00,13.9200,1,9744.0000,7,B,13.9100,13.9000,13.8900,13.8800,13.8700,13.9200,13.9300,13.9400,13.9500,13.9600,176,466,272,144,17,148,385,321,202,168
SZ,002373,2017-01-03 10:34:03,13.9200,1,34800.0000,25,B,13.9100,13.9000,13.8900,13.8800,13.8700,13.9200,13.9300,13.9400,13.9500,13.9600,176,466,272,144,17,123,385,321,202,168
SZ,002373,2017-01-03 10:34:12,13.9200,1,13920.0000,10,B,13.9100,13.9000,13.8900,13.8800,13.8700,13.9200,13.9300,13.9400,13.9500,13.9600,176,466,272,144,17,114,385,421,202,168
SZ,002373,2017-01-03 10:34:15,13.9200,1,4176.0000,3,B,13.9100,13.9000,13.8900,13.8800,13.8700,13.9200,13.9300,13.9400,13.9500,13.9600,176,473,272,144,17,111,385,421,192,168
SZ,002373,2017-01-03 10:34:30,13.9300,12,282652.0000,203,B,13.9200,13.9100,13.9000,13.8900,13.8800,13.9300,13.9400,13.9500,13.9600,13.9700,5,190,473,272,143,311,421,192,168,242
SZ,002373,2017-01-03 10:34:45,13.9200,2,20880.0000,15,S,13.9200,13.9100,13.9000,13.8900,13.8800,13.9300,13.9400,13.9500,13.9600,13.9700,2,185,473,272,143,311,421,192,168,242
SZ,002373,2017-01-03 10:34:54,13.9100,2,5564.0000,4,S,13.9100,13.9000,13.8900,13.8800,13.8700,13.9300,13.9400,13.9500,13.9600,13.9700,182,463,272,143,17,311,421,192,168,242
SZ,002373,2017-01-03 10:35:00,13.9300,2,11144.0000,8,B,13.9200,13.9100,13.9000,13.8900,13.8800,13.9300,13.9400,13.9500,13.9600,13.9700,55,182,463,272,143,303,421,192,168,242
SZ,002373,2017-01-03 10:35:06,13.9300,3,61292.0000,44,B,13.9200,13.9100,13.9000,13.8900,13.8800,13.9300,13.9400,13.9500,13.9600,13.9700,55,137,463,272,143,259,421,192,168,242
SZ,002373,2017-01-03 10:35:12,13.9300,1,2788.0000,2,B,13.9200,13.9100,13.9000,13.8900,13.8800,13.9300,13.9400,13.9500,13.9600,13.9700,55,142,457,272,143,257,421,192,168,242
SZ,002373,2017-01-03 10:35:18,13.9200,1,20880.0000,15,S,13.9200,13.9100,13.9000,13.8900,13.8800,13.9300,13.9400,13.9500,13.9600,13.9700,40,142,457,272,143,257,421,192,168,242
SZ,002373,2017-01-03 10:35:27,13.9200,1,5568.0000,4,S,13.9200,13.9100,13.9000,13.8900,13.8800,13.9300,13.9400,13.9500,13.9600,13.9700,37,142,457,272,143,215,421,192,168,242
SZ,002373,2017-01-03 10:35:30,13.9300,1,9750.0000,7,B,13.9200,13.9100,13.9000,13.8900,13.8800,13.9300,13.9400,13.9500,13.9600,13.9700,37,142,612,272,143,208,421,192,168,242
SZ,002373,2017-01-03 10:35:48,13.9300,3,58506.0000,42,B,13.9200,13.9100,13.9000,13.8900,13.8800,13.9300,13.9400,13.9500,13.9600,13.9700,67,128,618,272,143,208,421,182,168,242
SZ,002373,2017-01-03 10:36:00,13.9300,1,11144.0000,8,B,13.9200,13.9100,13.9000,13.8900,13.8800,13.9300,13.9400,13.9500,13.9600,13.9700,79,148,618,272,143,200,421,182,168,242
SZ,002373,2017-01-03 10:36:09,13.9200,1,29232.0000,21,S,13.9200,13.9100,13.9000,13.8900,13.8800,13.9300,13.9400,13.9500,13.9600,13.9700,58,144,568,272,143,251,421,182,168,242
SZ,002373,2017-01-03 10:36:18,13.9200,1,6960.0000,5,S,13.9200,13.9100,13.9000,13.8900,13.8800,13.9300,13.9400,13.9500,13.9600,13.9700,53,182,568,272,143,251,421,182,168,242
SZ,002373,2017-01-03 10:36:24,13.9300,1,8358.0000,6,B,13.9200,13.9100,13.9000,13.8900,13.8800,13.9300,13.9400,13.9500,13.9600,13.9700,63,182,568,272,143,245,421,182,168,242
SZ,002373,2017-01-03 10:36:30,13.9300,1,11144.0000,8,B,13.9200,13.9100,13.9000,13.8900,13.8800,13.9300,13.9400,13.9500,13.9600,13.9700,63,182,570,272,143,237,421,182,168,242
SZ,002373,2017-01-03 10:36:39,13.9300,1,76614.0000,55,B,13.9200,13.9100,13.9000,13.8900,13.8800,13.9300,13.9400,13.9500,13.9600,13.9700,63,182,570,272,138,182,421,182,188,242
SZ,002373,2017-01-03 10:37:00,13.9300,1,11144.0000,8,B,13.9200,13.9100,13.9000,13.8900,13.8800,13.9300,13.9400,13.9500,13.9600,13.9700,132,182,570,272,138,166,421,182,188,242
SZ,002373,2017-01-03 10:37:06,13.9300,4,41766.0000,30,B,13.9200,13.9100,13.9000,13.8900,13.8800,13.9300,13.9400,13.9500,13.9600,13.9700,107,182,570,272,138,162,421,182,188,242
SZ,002373,2017-01-03 10:37:15,13.9200,1,20880.0000,15,S,13.9200,13.9100,13.9000,13.8900,13.8800,13.9300,13.9400,13.9500,13.9600,13.9700,93,196,570,272,138,162,421,182,188,242
SZ,002373,2017-01-03 10:37:33,13.9300,1,9750.0000,7,B,13.9200,13.9100,13.9000,13.8900,13.8800,13.9300,13.9400,13.9500,13.9600,13.9700,113,201,572,272,138,155,421,182,188,242
SZ,002373,2017-01-03 10:37:39,13.9300,1,2788.0000,2,B,13.9200,13.9100,13.9000,13.8900,13.8800,13.9300,13.9400,13.9500,13.9600,13.9700,113,201,572,272,138,163,421,182,188,242
SZ,002373,2017-01-03 10:37:48,13.9300,7,86316.0000,62,B,13.9200,13.9100,13.9000,13.8900,13.8800,13.9300,13.9400,13.9500,13.9600,13.9700,78,201,572,272,138,151,421,182,188,242
SZ,002373,2017-01-03 10:37:51,13.9300,1,1392.0000,1,B,13.9200,13.9100,13.9000,13.8900,13.8800,13.9300,13.9400,13.9500,13.9600,13.9700,78,201,572,272,138,150,421,182,188,242
SZ,002373,2017-01-03 10:38:03,13.9300,1,11144.0000,8,B,13.9200,13.9100,13.9000,13.8900,13.8800,13.9300,13.9400,13.9500,13.9600,13.9700,78,211,572,272,138,142,421,182,193,242
SZ,002373,2017-01-03 10:38:09,13.9200,1,11136.0000,8,S,13.9200,13.9100,13.9000,13.8900,13.8800,13.9300,13.9400,13.9500,13.9600,13.9700,75,211,572,272,138,143,421,182,193,242
SZ,002373,2017-01-03 10:38:27,13.9300,5,117012.0000,84,B,13.9200,13.9100,13.9000,13.8900,13.8800,13.9300,13.9400,13.9500,13.9600,13.9700,75,211,572,272,138,79,421,182,193,242
SZ,002373,2017-01-03 10:38:30,13.9200,3,55680.0000,40,S,13.9200,13.9100,13.9000,13.8900,13.8800,13.9300,13.9400,13.9500,13.9600,13.9700,74,211,572,272,138,79,421,182,173,242
SZ,002373,2017-01-03 10:38:33,13.9300,1,11144.0000,8,B,13.9200,13.9100,13.9000,13.8900,13.8800,13.9300,13.9400,13.9500,13.9600,13.9700,74,211,572,272,138,71,421,182,173,242
SZ,002373,2017-01-03 10:38:57,13.9200,1,1392.0000,1,S,13.9200,13.9100,13.9000,13.8900,13.8800,13.9300,13.9400,13.9500,13.9600,13.9700,73,211,585,272,138,78,421,182,173,242
SZ,002373,2017-01-03 10:39:03,13.9300,1,9752.0000,7,B,13.9200,13.9100,13.9000,13.8900,13.8800,13.9300,13.9400,13.9500,13.9600,13.9700,73,211,585,272,138,71,421,182,173,242
SZ,002373,2017-01-03 10:39:06,13.9300,1,2784.0000,2,B,13.9200,13.9100,13.9000,13.8900,13.8800,13.9300,13.9400,13.9500,13.9600,13.9700,73,211,585,272,138,69,421,182,173,242
SZ,002373,2017-01-03 10:39:33,13.9300,1,11144.0000,8,B,13.9200,13.9100,13.9000,13.8900,13.8800,13.9300,13.9400,13.9500,13.9600,13.9700,73,261,585,264,138,66,421,218,173,242
SZ,002373,2017-01-03 10:39:39,13.9300,1,12538.0000,9,B,13.9200,13.9100,13.9000,13.8900,13.8800,13.9300,13.9400,13.9500,13.9600,13.9700,73,261,585,264,138,59,421,218,173,242
SZ,002373,2017-01-03 10:39:48,13.9300,1,2786.0000,2,B,13.9200,13.9100,13.9000,13.8900,13.8800,13.9300,13.9400,13.9500,13.9600,13.9700,73,261,585,264,138,57,421,218,168,232
SZ,002373,2017-01-03 10:39:54,13.9300,5,48722.0000,35,B,13.9200,13.9100,13.9000,13.8900,13.8800,13.9300,13.9400,13.9500,13.9600,13.9700,40,261,585,264,138,55,421,218,168,232
SZ,002373,2017-01-03 10:40:03,13.9300,4,16716.0000,12,B,13.9200,13.9100,13.9000,13.8900,13.8800,13.9300,13.9400,13.9500,13.9600,13.9700,40,261,585,264,138,43,421,218,168,232
SZ,002373,2017-01-03 10:40:12,13.9300,1,5572.0000,4,B,13.9200,13.9100,13.9000,13.8900,13.8800,13.9300,13.9400,13.9500,13.9600,13.9700,40,261,585,264,138,39,421,218,168,232
SZ,002373,2017-01-03 10:40:15,13.9200,3,27840.0000,20,S,13.9200,13.9100,13.9000,13.8900,13.8800,13.9300,13.9400,13.9500,13.9600,13.9700,20,261,585,264,138,39,421,218,168,232
SZ,002373,2017-01-03 10:40:21,13.9300,6,47362.0000,34,B,13.9200,13.9100,13.9000,13.8900,13.8800,13.9300,13.9400,13.9500,13.9600,13.9700,20,261,585,264,138,5,421,218,168,232
SZ,002373,2017-01-03 10:40:27,13.9300,2,5572.0000,4,B,13.9200,13.9100,13.9000,13.8900,13.8800,13.9300,13.9400,13.9500,13.9600,13.9700,20,261,585,264,138,2,421,218,168,232
SZ,002373,2017-01-03 10:40:33,13.9300,2,2786.0000,2,B,13.9300,13.9200,13.9100,13.9000,13.8900,13.9400,13.9500,13.9600,13.9700,13.9800,5,20,261,585,264,421,218,168,232,35
SZ,002373,2017-01-03 10:40:39,13.9300,1,6966.0000,5,S,13.9200,13.9100,13.9000,13.8900,13.8800,13.9400,13.9500,13.9600,13.9700,13.9800,20,261,585,264,138,421,218,168,232,35
SZ,002373,2017-01-03 10:41:03,13.9400,1,11152.0000,8,B,13.9200,13.9100,13.9000,13.8900,13.8800,13.9400,13.9500,13.9600,13.9700,13.9800,37,261,593,264,138,413,218,168,232,35
SZ,002373,2017-01-03 10:41:09,13.9300,1,1392.0000,1,B,13.9200,13.9100,13.9000,13.8900,13.8800,13.9400,13.9500,13.9600,13.9700,13.9800,37,261,593,264,138,413,218,168,232,35
SZ,002373,2017-01-03 10:41:12,13.9400,2,5576.0000,4,B,13.9200,13.9100,13.9000,13.8900,13.8800,13.9400,13.9500,13.9600,13.9700,13.9800,37,261,593,264,138,409,218,168,232,35
SZ,002373,2017-01-03 10:41:15,13.9200,3,41760.0000,30,S,13.9200,13.9100,13.9000,13.8900,13.8800,13.9400,13.9500,13.9600,13.9700,13.9800,46,261,593,264,138,409,218,168,232,35
SZ,002373,2017-01-03 10:41:33,13.9300,1,11144.0000,8,B,13.9200,13.9100,13.9000,13.8900,13.8800,13.9300,13.9400,13.9500,13.9600,13.9700,97,256,593,264,138,6,439,218,168,232
SZ,002373,2017-01-03 10:41:39,13.9200,5,87696.0000,63,S,13.9200,13.9100,13.9000,13.8900,13.8800,13.9300,13.9400,13.9500,13.9600,13.9700,44,256,588,264,138,56,439,218,168,232
SZ,002373,2017-01-03 10:42:03,13.9300,3,11144.0000,8,B,13.9200,13.9100,13.9000,13.8900,13.8800,13.9300,13.9400,13.9500,13.9600,13.9700,44,256,588,264,138,48,439,218,168,232
SZ,002373,2017-01-03 10:42:06,13.9300,1,1392.0000,1,B,13.9200,13.9100,13.9000,13.8900,13.8800,13.9300,13.9400,13.9500,13.9600,13.9700,44,256,588,264,138,47,439,218,168,232
SZ,002373,2017-01-03 10:42:33,13.9300,1,9752.0000,7,B,13.9200,13.9100,13.9000,13.8900,13.8800,13.9300,13.9400,13.9500,13.9600,13.9700,94,247,581,264,138,40,439,218,168,232
SZ,002373,2017-01-03 10:42:51,13.9300,1,6964.0000,5,B,13.9200,13.9100,13.9000,13.8900,13.8800,13.9300,13.9400,13.9500,13.9600,13.9700,94,244,581,264,138,35,440,218,168,232
SZ,002373,2017-01-03 10:43:03,13.9300,1,11144.0000,8,B,13.9200,13.9100,13.9000,13.8900,13.8800,13.9300,13.9400,13.9500,13.9600,13.9700,94,244,579,264,138,27,440,218,324,232
SZ,002373,2017-01-03 10:43:12,13.9300,1,19504.0000,14,B,13.9200,13.9100,13.9000,13.8900,13.8800,13.9300,13.9400,13.9500,13.9600,13.9700,94,244,579,264,138,13,440,218,324,232
SZ,002373,2017-01-03 10:43:21,13.9300,1,13928.0000,10,B,13.9200,13.9100,13.9000,13.8900,13.8800,13.9300,13.9400,13.9500,13.9600,13.9700,94,244,579,264,138,4,440,218,324,232
SZ,002373,2017-01-03 10:43:33,13.9300,5,30652.0000,22,B,13.9200,13.9100,13.9000,13.8900,13.8800,13.9300,13.9400,13.9500,13.9600,13.9700,124,244,579,264,138,27,435,218,324,232
SZ,002373,2017-01-03 10:44:03,13.9300,2,11144.0000,8,B,13.9200,13.9100,13.9000,13.8900,13.8800,13.9300,13.9400,13.9500,13.9600,13.9700,127,255,579,264,138,89,435,218,324,232
SZ,002373,2017-01-03 10:44:27,13.9300,3,111440.0000,80,B,13.9200,13.9100,13.9000,13.8900,13.8800,13.9300,13.9400,13.9500,13.9600,13.9700,147,255,579,264,138,9,435,208,324,232
SZ,002373,2017-01-03 10:44:33,13.9300,1,11144.0000,8,B,13.9200,13.9100,13.9000,13.8900,13.8800,13.9300,13.9400,13.9500,13.9600,13.9700,147,255,579,264,138,41,435,208,324,232
SZ,002373,2017-01-03 10:45:06,13.9300,3,11144.0000,8,B,13.9200,13.9100,13.9000,13.8900,13.8800,13.9300,13.9400,13.9500,13.9600,13.9700,147,255,424,264,138,33,171,208,324,232
SZ,002373,2017-01-03 10:45:36,13.9300,1,9752.0000,7,B,13.9200,13.9100,13.9000,13.8900,13.8800,13.9300,13.9400,13.9500,13.9600,13.9700,302,255,424,264,138,530,171,208,324,232
SZ,002373,2017-01-03 10:45:42,13.9300,1,5572.0000,4,B,13.9200,13.9100,13.9000,13.8900,13.8800,13.9300,13.9400,13.9500,13.9600,13.9700,302,255,424,264,138,526,171,208,324,232
SZ,002373,2017-01-03 10:46:03,13.9200,1,1392.0000,1,S,13.9200,13.9100,13.9000,13.8900,13.8800,13.9300,13.9400,13.9500,13.9600,13.9700,301,250,429,264,138,526,171,208,324,232
SZ,002373,2017-01-03 10:46:06,13.9300,4,51540.0000,37,B,13.9200,13.9100,13.9000,13.8900,13.8800,13.9300,13.9400,13.9500,13.9600,13.9700,272,250,429,264,138,489,171,208,324,232
