市场代码,证券代码,时间,最新价,成交笔数,成交额,成交量,方向,买一价,买二价,买三价,买四价,买五价,卖一价,卖二价,卖三价,卖四价,卖五价,买一量,买二量,买三量,买四量,买五量,卖一量,卖二量,卖三量,卖四量,卖五量
SZ,002331,2017-01-03 09:25:03,17.8000,87,1037740.0000,583,B,17.7900,17.7600,17.7100,17.6800,17.6600,17.8000,17.8100,17.8200,17.8300,17.8500,2,10,57,110,8,74,280,21,38,50
SZ,002331,2017-01-03 09:30:03,17.7900,50,1103192.0000,620,S,17.7300,17.7200,17.7100,17.7000,17.6900,17.7900,17.8000,17.8100,17.8200,17.8300,133,552,235,4,236,165,9,254,16,38
SZ,002331,2017-01-03 09:30:06,17.7900,6,810098.0000,457,B,17.7200,17.7100,17.7000,17.6900,17.6800,17.7900,17.8000,17.8100,17.8200,17.8300,296,235,4,236,115,183,9,254,16,15
SZ,002331,2017-01-03 09:30:09,17.7900,2,142320.0000,80,B,17.7200,17.7100,17.7000,17.6900,17.6800,17.7900,17.8000,17.8100,17.8200,17.8300,296,240,4,236,115,108,9,254,16,15
SZ,002331,2017-01-03 09:30:15,17.7900,1,44475.0000,25,B,17.7300,17.7200,17.7100,17.7000,17.6900,17.7900,17.8000,17.8100,17.8200,17.8300,300,296,240,4,236,83,9,254,16,15
SZ,002331,2017-01-03 09:30:18,17.7300,1,15957.0000,9,S,17.7300,17.7200,17.7100,17.7000,17.6900,17.7900,17.8000,17.8100,17.8200,17.8300,291,296,240,4,236,164,9,254,16,15
SZ,002331,2017-01-03 09:30:24,17.7400,2,7111.0000,4,S,17.7400,17.7300,17.7200,17.7100,17.7000,17.7900,17.8000,17.8100,17.8200,17.8300,9,291,296,240,4,161,4,254,16,15
SZ,002331,2017-01-03 09:30:27,17.7300,3,127725.0000,72,S,17.7300,17.7200,17.7100,17.7000,17.6900,17.7900,17.8000,17.8100,17.8200,17.8300,238,296,240,4,246,151,4,254,16,15
SZ,002331,2017-01-03 09:30:30,17.7300,1,37233.0000,21,S,17.7300,17.7200,17.7100,17.7000,17.6900,17.7400,17.7900,17.8000,17.8100,17.8200,217,296,240,4,246,12,151,4,254,16
SZ,002331,2017-01-03 09:30:33,17.7900,3,33741.0000,19,B,17.7300,17.7200,17.7100,17.7000,17.6900,17.7900,17.8000,17.8100,17.8200,17.8300,217,296,240,4,246,144,4,254,16,15
SZ,002331,2017-01-03 09:30:36,17.7900,2,3552.0000,2,B,17.7400,17.7300,17.7200,17.7100,17.7000,17.7900,17.8000,17.8100,17.8200,17.8300,7,216,296,240,4,143,4,254,16,15
SZ,002331,2017-01-03 09:30:39,17.7900,2,19569.0000,11,B,17.7400,17.7300,17.7200,17.7100,17.7000,17.7900,17.8000,17.8100,17.8200,17.8300,10,216,296,240,4,132,4,254,16,5
SZ,002331,2017-01-03 09:30:42,17.7400,5,65614.0000,37,S,17.7400,17.7300,17.7200,17.7100,17.7000,17.7800,17.7900,17.8000,17.8100,17.8200,39,192,296,240,4,50,132,4,254,16
SZ,002331,2017-01-03 09:30:45,17.7800,2,15982.0000,9,B,17.7400,17.7300,17.7200,17.7100,17.7000,17.7800,17.7900,17.8000,17.8100,17.8200,54,192,296,240,4,85,132,4,254,16
SZ,002331,2017-01-03 09:30:48,17.7400,2,14192.0000,8,S,17.7400,17.7300,17.7200,17.7100,17.7000,17.7800,17.7900,17.8000,17.8100,17.8200,161,220,296,240,4,135,127,4,254,16
SZ,002331,2017-01-03 09:30:51,17.7400,2,33706.0000,19,S,17.7400,17.7300,17.7200,17.7100,17.7000,17.7800,17.7900,17.8000,17.8100,17.8200,172,220,296,240,4,135,127,4,254,16
SZ,002331,2017-01-03 09:30:54,17.7800,2,88900.0000,50,B,17.7400,17.7300,17.7200,17.7100,17.7000,17.7800,17.7900,17.8000,17.8100,17.8200,172,220,296,240,4,93,127,4,254,16
SZ,002331,2017-01-03 09:30:57,17.7500,6,129534.0000,73,S,17.7500,17.7400,17.7300,17.7200,17.7100,17.7800,17.7900,17.8000,17.8100,17.8200,90,122,220,296,240,90,127,4,254,16
SZ,002331,2017-01-03 09:31:06,17.7800,4,85320.0000,48,B,17.7500,17.7400,17.7300,17.7200,17.7100,17.7800,17.7900,17.8000,17.8100,17.8200,93,122,220,296,240,76,123,24,254,16
SZ,002331,2017-01-03 09:31:09,17.7600,1,5328.0000,3,S,17.7600,17.7500,17.7400,17.7300,17.7200,17.7800,17.7900,17.8000,17.8100,17.8200,7,93,122,220,296,76,123,24,254,36
SZ,002331,2017-01-03 09:31:12,17.7600,3,60442.0000,34,S,17.7600,17.7500,17.7400,17.7300,17.7200,17.7800,17.7900,17.8000,17.8100,17.8200,2,105,116,220,296,47,123,24,250,36
SZ,002331,2017-01-03 09:31:15,17.7700,3,71042.0000,40,B,17.7700,17.7600,17.7500,17.7400,17.7300,17.7800,17.7900,17.8000,17.8100,17.8200,62,10,135,116,220,47,123,24,250,36
SZ,002331,2017-01-03 09:31:18,17.7700,7,166983.0000,94,S,17.7700,17.7600,17.7500,17.7400,17.7300,17.7900,17.8000,17.8100,17.8200,17.8300,20,10,150,116,220,123,24,250,36,5
SZ,002331,2017-01-03 09:31:27,17.8000,9,401979.0000,226,B,17.7900,17.7800,17.7700,17.7600,17.7500,17.8000,17.8100,17.8200,17.8300,17.8400,177,117,2,20,150,28,20,36,5,2
SZ,002331,2017-01-03 09:31:30,17.8000,4,247286.0000,139,B,17.7900,17.7800,17.7700,17.7600,17.7500,17.8000,17.8100,17.8200,17.8300,17.8400,43,122,2,20,150,23,20,36,5,2
SZ,002331,2017-01-03 09:31:33,17.7900,6,179729.0000,101,S,17.7800,17.7700,17.7600,17.7500,17.7400,17.7900,17.8100,17.8200,17.8300,17.8400,122,2,20,150,116,142,20,36,5,2
SZ,002331,2017-01-03 09:31:36,17.7900,4,110298.0000,62,B,17.7800,17.7700,17.7600,17.7500,17.7400,17.7900,17.8100,17.8200,17.8300,17.8400,122,2,20,155,116,80,20,36,5,2
SZ,002331,2017-01-03 09:31:39,17.8200,9,352528.0000,198,B,17.8000,17.7800,17.7600,17.7500,17.7400,17.8400,17.8500,17.8600,17.8700,17.8800,50,110,20,155,96,2,2,3,2,87
SZ,002331,2017-01-03 09:31:45,17.8000,1,49840.0000,28,S,17.8000,17.7900,17.7800,17.7600,17.7500,17.8400,17.8500,17.8600,17.8700,17.8800,133,35,110,20,165,2,2,3,2,87
SZ,002331,2017-01-03 09:31:48,17.8400,1,3568.0000,2,B,17.8400,17.8000,17.7900,17.7800,17.7600,17.8500,17.8600,17.8700,17.8800,17.8900,1,148,35,170,20,2,3,2,87,500
SZ,002331,2017-01-03 09:31:51,17.7900,8,380859.0000,214,S,17.7800,17.7600,17.7500,17.7400,17.7300,17.7900,17.8500,17.8600,17.8700,17.8800,170,22,145,101,220,86,2,3,2,117
SZ,002331,2017-01-03 09:31:54,17.8500,3,156564.0000,88,B,17.8500,17.7800,17.7600,17.7500,17.7400,17.8600,17.8700,17.8800,17.8900,17.9000,114,172,22,133,101,3,12,117,500,27
SZ,002331,2017-01-03 09:31:57,17.8700,4,96495.0000,54,B,17.8500,17.7800,17.7600,17.7500,17.7400,17.8700,17.8800,17.8900,17.9000,17.9100,114,172,22,133,101,69,117,500,27,109
SZ,002331,2017-01-03 09:32:00,17.8700,4,41076.0000,23,B,17.8500,17.7800,17.7600,17.7500,17.7400,17.8700,17.8800,17.8900,17.9000,17.9100,121,172,32,133,101,71,117,500,27,109
SZ,002331,2017-01-03 09:32:03,17.8700,1,53610.0000,30,B,17.8500,17.7900,17.7800,17.7600,17.7500,17.8700,17.8800,17.8900,17.9000,17.9100,121,22,172,32,133,91,117,500,27,109
SZ,002331,2017-01-03 09:32:06,17.8700,7,191121.0000,107,B,17.8500,17.7900,17.7800,17.7600,17.7500,17.8700,17.8800,17.8900,17.9000,17.9100,60,22,172,32,133,33,117,500,27,109
SZ,002331,2017-01-03 09:32:09,17.8500,7,108887.0000,61,S,17.8000,17.7900,17.7800,17.7600,17.7500,17.8500,17.8700,17.8800,17.8900,17.9000,2,22,167,32,133,28,32,142,500,27
SZ,002331,2017-01-03 09:32:12,17.8800,5,142924.0000,80,B,17.8000,17.7900,17.7800,17.7700,17.7600,17.8800,17.8900,17.9000,17.9100,17.9200,3,63,190,100,32,122,500,27,109,66
SZ,002331,2017-01-03 09:32:15,17.8700,1,12509.0000,7,S,17.8600,17.8000,17.7900,17.7800,17.7700,17.8700,17.8800,17.8900,17.9000,17.9100,41,3,63,190,100,1,125,500,27,109
SZ,002331,2017-01-03 09:32:18,17.8600,5,223382.0000,125,S,17.8700,17.8600,17.8000,17.7900,17.7800,17.8800,17.8900,17.9000,17.9100,17.9200,17,16,3,154,190,93,500,27,109,66
SZ,002331,2017-01-03 09:32:21,17.8500,5,101795.0000,57,S,17.8000,17.7900,17.7800,17.7700,17.7600,17.8500,17.8700,17.8800,17.8900,17.9000,72,154,194,100,32,345,172,93,500,27
SZ,002331,2017-01-03 09:32:24,17.8400,1,74928.0000,42,S,17.8000,17.7900,17.7800,17.7700,17.7600,17.8400,17.8500,17.8600,17.8700,17.8800,72,154,194,100,32,258,347,8,252,293
SZ,002331,2017-01-03 09:32:27,17.8400,8,183722.0000,103,B,17.8000,17.7900,17.7800,17.7700,17.7600,17.8400,17.8500,17.8600,17.8700,17.8800,66,161,194,100,32,167,347,8,289,293
SZ,002331,2017-01-03 09:32:30,17.8000,2,19600.0000,11,S,17.8000,17.7900,17.7800,17.7700,17.7600,17.8400,17.8500,17.8600,17.8700,17.8800,110,161,194,100,32,162,357,8,304,298
SZ,002331,2017-01-03 09:32:33,17.8400,1,80280.0000,45,B,17.8000,17.7900,17.7800,17.7700,17.7600,17.8300,17.8400,17.8500,17.8600,17.8700,110,161,194,100,32,20,117,357,8,221
SZ,002331,2017-01-03 09:32:36,17.8400,5,412084.0000,231,B,17.8400,17.8000,17.7900,17.7800,17.7700,17.8500,17.8600,17.8700,17.8800,17.8900,86,120,161,194,100,357,8,221,304,500
SZ,002331,2017-01-03 09:32:39,17.8400,3,17845.0000,10,S,17.8400,17.8300,17.8000,17.7900,17.7800,17.8500,17.8600,17.8700,17.8800,17.8900,81,1,120,161,194,352,8,197,304,500
SZ,002331,2017-01-03 09:32:42,17.8300,6,183730.0000,103,S,17.8000,17.7900,17.7800,17.7700,17.7600,17.8300,17.8400,17.8500,17.8600,17.8700,130,161,194,100,32,202,74,352,8,128
SZ,002331,2017-01-03 09:32:45,17.8300,7,276335.0000,155,B,17.8100,17.8000,17.7900,17.7800,17.7700,17.8300,17.8400,17.8500,17.8600,17.8700,50,120,161,194,100,66,281,352,8,128
SZ,002331,2017-01-03 09:32:48,17.8300,2,5345.0000,3,B,17.8100,17.8000,17.7900,17.7800,17.7700,17.8300,17.8400,17.8500,17.8600,17.8700,119,171,161,194,100,65,283,352,6,128
SZ,002331,2017-01-03 09:32:51,17.8100,4,178128.0000,100,S,17.8100,17.8000,17.7900,17.7800,17.7700,17.8300,17.8400,17.8500,17.8600,17.8700,33,173,161,194,100,51,283,352,6,113
SZ,002331,2017-01-03 09:32:54,17.8100,2,10686.0000,6,S,17.8100,17.8000,17.7900,17.7800,17.7700,17.8300,17.8400,17.8500,17.8600,17.8700,27,173,161,194,100,51,35,352,6,113
SZ,002331,2017-01-03 09:32:57,17.8100,2,26739.0000,15,S,17.8100,17.8000,17.7900,17.7800,17.7700,17.8300,17.8400,17.8500,17.8600,17.8700,24,176,161,194,100,83,35,359,6,105
SZ,002331,2017-01-03 09:33:00,17.8000,12,356024.0000,200,S,17.7900,17.7800,17.7700,17.7600,17.7500,17.8000,17.8100,17.8300,17.8400,17.8500,161,194,100,32,185,15,2,83,2,359
SZ,002331,2017-01-03 09:33:03,17.8000,1,16020.0000,9,B,17.7900,17.7800,17.7700,17.7600,17.7500,17.8000,17.8100,17.8300,17.8400,17.8500,154,194,100,32,235,6,2,83,2,359
SZ,002331,2017-01-03 09:33:06,17.8100,4,129942.0000,73,B,17.8100,17.7900,17.7800,17.7700,17.7600,17.8300,17.8400,17.8500,17.8600,17.8700,27,154,192,100,32,100,2,359,6,105
SZ,002331,2017-01-03 09:33:09,17.8300,2,17820.0000,10,B,17.8100,17.7900,17.7800,17.7700,17.7600,17.8300,17.8400,17.8500,17.8600,17.8700,22,154,192,100,32,99,2,359,6,105
SZ,002331,2017-01-03 09:33:12,17.8100,2,10688.0000,6,S,17.8100,17.8000,17.7900,17.7800,17.7700,17.8300,17.8400,17.8500,17.8600,17.8700,21,5,154,185,100,98,7,116,6,105
SZ,002331,2017-01-03 09:33:15,17.8100,7,46310.0000,26,S,17.8000,17.7900,17.7800,17.7700,17.7600,17.8100,17.8300,17.8400,17.8500,17.8600,45,169,185,100,32,85,96,7,116,6
SZ,002331,2017-01-03 09:33:18,17.8100,2,44525.0000,25,B,17.8000,17.7900,17.7800,17.7700,17.7600,17.8100,17.8300,17.8400,17.8500,17.8600,45,169,185,108,42,62,66,7,116,6
SZ,002331,2017-01-03 09:33:21,17.8100,4,87263.0000,49,B,17.8000,17.7900,17.7800,17.7700,17.7600,17.8100,17.8300,17.8400,17.8500,17.8600,39,119,185,108,42,19,66,7,116,6
SZ,002331,2017-01-03 09:33:24,17.8000,8,539342.0000,303,S,17.8000,17.7900,17.7800,17.7700,17.7600,17.8100,17.8300,17.8400,17.8500,17.8600,69,119,185,108,42,17,66,7,116,6
SZ,002331,2017-01-03 09:33:27,17.7900,9,334521.0000,188,S,17.7800,17.7700,17.7600,17.7500,17.7400,17.7900,17.8100,17.8300,17.8400,17.8500,185,108,42,215,101,112,17,66,7,116
SZ,002331,2017-01-03 09:33:33,17.8000,4,206368.0000,116,B,17.7800,17.7700,17.7600,17.7500,17.7400,17.8000,17.8100,17.8300,17.8400,17.8500,185,108,42,215,101,49,17,66,7,107
SZ,002331,2017-01-03 09:33:36,17.7800,1,17780.0000,10,S,17.7800,17.7700,17.7600,17.7500,17.7400,17.8000,17.8100,17.8300,17.8400,17.8500,175,108,42,215,101,59,15,66,7,107
SZ,002331,2017-01-03 09:33:39,17.8000,4,39150.0000,22,B,17.7800,17.7700,17.7600,17.7500,17.7400,17.8000,17.8100,17.8300,17.8400,17.8500,175,108,32,219,101,47,15,64,7,107
SZ,002331,2017-01-03 09:33:42,17.7800,7,366268.0000,206,S,17.7700,17.7600,17.7500,17.7400,17.7300,17.7800,17.8000,17.8100,17.8300,17.8400,108,32,219,101,28,40,35,15,64,7
SZ,002331,2017-01-03 09:33:45,17.7700,10,256582.0000,144,S,17.7700,17.7600,17.7500,17.7400,17.7300,17.8100,17.8300,17.8400,17.8500,17.8600,104,32,221,85,28,15,64,150,107,6
SZ,002331,2017-01-03 09:33:48,17.7700,2,26655.0000,15,S,17.7700,17.7600,17.7500,17.7400,17.7300,17.7800,17.8000,17.8100,17.8300,17.8400,89,32,221,85,28,1,20,15,64,150
SZ,002331,2017-01-03 09:33:51,17.7800,3,10666.0000,6,B,17.7700,17.7600,17.7500,17.7400,17.7300,17.7800,17.8000,17.8100,17.8300,17.8400,87,32,221,85,28,20,20,15,64,155
SZ,002331,2017-01-03 09:33:54,17.7800,1,1778.0000,1,B,17.7700,17.7600,17.7500,17.7400,17.7300,17.7800,17.8000,17.8100,17.8300,17.8400,87,34,221,85,28,19,20,15,64,155
SZ,002331,2017-01-03 09:33:57,17.7800,5,92450.0000,52,B,17.7700,17.7600,17.7500,17.7400,17.7300,17.7800,17.8000,17.8100,17.8300,17.8400,81,39,221,85,28,14,20,15,62,155
SZ,002331,2017-01-03 09:34:00,17.7800,5,78587.0000,44,B,17.7700,17.7600,17.7500,17.7400,17.7300,17.7800,17.8000,17.8100,17.8300,17.8400,81,39,221,85,28,20,20,15,122,155
SZ,002331,2017-01-03 09:34:03,17.7800,2,28448.0000,16,B,17.7700,17.7600,17.7500,17.7400,17.7300,17.7800,17.8000,17.8100,17.8300,17.8400,81,29,221,87,28,4,20,15,122,155
SZ,002331,2017-01-03 09:34:06,17.7700,3,97737.0000,55,S,17.7700,17.7600,17.7500,17.7400,17.7300,17.7800,17.8000,17.8100,17.8300,17.8400,28,29,221,87,28,2,20,15,122,155
SZ,002331,2017-01-03 09:34:09,17.7800,3,37319.0000,21,B,17.7800,17.7700,17.7600,17.7500,17.7400,17.8000,17.8100,17.8300,17.8400,17.8500,5,9,29,221,87,20,15,122,155,107
SZ,002331,2017-01-03 09:34:12,17.8000,4,28449.0000,16,B,17.7700,17.7600,17.7500,17.7400,17.7300,17.8000,17.8100,17.8300,17.8400,17.8500,2,29,221,87,28,16,65,193,150,107
SZ,002331,2017-01-03 09:34:15,17.7800,2,21336.0000,12,S,17.7800,17.7700,17.7600,17.7500,17.7400,17.8000,17.8100,17.8300,17.8400,17.8500,226,5,29,221,87,16,65,193,150,107
SZ,002331,2017-01-03 09:34:18,17.7800,1,3556.0000,2,S,17.7800,17.7700,17.7600,17.7500,17.7400,17.8000,17.8100,17.8300,17.8400,17.8500,224,5,29,221,87,16,65,193,150,107
SZ,002331,2017-01-03 09:34:24,17.8000,2,39160.0000,22,B,17.8000,17.7700,17.7600,17.7500,17.7400,17.8100,17.8300,17.8400,17.8500,17.8600,4,5,45,221,87,85,193,150,107,6
SZ,002331,2017-01-03 09:34:27,17.7700,4,24904.0000,14,S,17.7700,17.7600,17.7500,17.7400,17.7300,17.8000,17.8100,17.8300,17.8400,17.8500,2,45,221,82,32,5,85,193,150,107
SZ,002331,2017-01-03 09:34:33,17.8000,1,8900.0000,5,S,17.8000,17.7800,17.7700,17.7600,17.7500,17.8100,17.8300,17.8400,17.8500,17.8600,2,2,22,45,231,85,193,150,107,6
SZ,002331,2017-01-03 09:34:36,17.7700,4,26663.0000,15,S,17.7700,17.7600,17.7500,17.7400,17.7300,17.7900,17.8100,17.8300,17.8400,17.8500,41,45,231,82,37,4,85,193,150,107
SZ,002331,2017-01-03 09:34:39,17.8100,3,14240.0000,8,B,17.7700,17.7600,17.7500,17.7400,17.7300,17.8100,17.8300,17.8400,17.8500,17.8600,41,45,231,82,37,81,193,150,107,6
SZ,002331,2017-01-03 09:34:45,17.7900,1,5337.0000,3,S,17.7900,17.7700,17.7600,17.7500,17.7400,17.8000,17.8100,17.8200,17.8300,17.8400,367,222,45,231,82,106,95,143,193,150
SZ,002331,2017-01-03 09:34:48,17.8000,2,17800.0000,10,B,17.7900,17.7700,17.7600,17.7500,17.7400,17.8000,17.8100,17.8200,17.8300,17.8400,367,222,45,231,82,131,95,143,193,7
SZ,002331,2017-01-03 09:34:51,17.7900,4,56932.0000,32,S,17.7900,17.7800,17.7700,17.7600,17.7500,17.8000,17.8100,17.8200,17.8300,17.8400,359,12,222,45,231,137,95,143,193,7
SZ,002331,2017-01-03 09:34:54,17.7900,4,39152.0000,22,S,17.7900,17.7800,17.7700,17.7600,17.7500,17.8000,17.8100,17.8300,17.8400,17.8500,351,12,227,45,231,123,95,193,7,107
SZ,002331,2017-01-03 09:34:57,17.8000,1,40940.0000,23,B,17.7900,17.7800,17.7700,17.7600,17.7500,17.8000,17.8100,17.8300,17.8400,17.8500,351,12,233,45,231,108,95,193,7,107
SZ,002331,2017-01-03 09:35:00,17.8100,11,356092.0000,200,B,17.8000,17.7900,17.7800,17.7700,17.7600,17.8100,17.8300,17.8400,17.8500,17.8600,448,381,12,233,45,33,193,7,107,6
SZ,002331,2017-01-03 09:35:06,17.8000,2,12460.0000,7,S,17.8000,17.7900,17.7800,17.7700,17.7600,17.8100,17.8300,17.8400,17.8500,17.8600,453,381,12,233,45,33,193,7,107,6
SZ,002331,2017-01-03 09:35:09,17.8000,3,55190.0000,31,S,17.8000,17.7900,17.7800,17.7700,17.7600,17.8100,17.8300,17.8400,17.8500,17.8600,432,381,12,233,84,71,193,7,110,6
SZ,002331,2017-01-03 09:35:12,17.8100,1,17810.0000,10,B,17.8000,17.7900,17.7800,17.7700,17.7600,17.8100,17.8300,17.8400,17.8500,17.8600,432,381,12,233,84,61,393,7,110,6
SZ,002331,2017-01-03 09:35:15,17.8000,3,14247.0000,8,S,17.8000,17.7900,17.7800,17.7700,17.7600,17.8100,17.8300,17.8400,17.8500,17.8600,436,381,12,233,74,54,393,7,110,6
SZ,002331,2017-01-03 09:35:21,17.8100,6,60536.0000,34,B,17.8000,17.7900,17.7800,17.7700,17.7600,17.8100,17.8300,17.8400,17.8500,17.8600,418,381,12,233,74,38,393,7,110,6
SZ,002331,2017-01-03 09:35:24,17.8100,2,10686.0000,6,B,17.8000,17.7900,17.7800,17.7700,17.7600,17.8100,17.8300,17.8400,17.8500,17.8600,437,381,12,233,74,32,393,7,110,6
SZ,002331,2017-01-03 09:35:33,17.8000,1,117480.0000,66,S,17.8000,17.7900,17.7800,17.7700,17.7600,17.8100,17.8300,17.8400,17.8500,17.8600,376,383,12,233,74,32,393,5,110,6
SZ,002331,2017-01-03 09:35:36,17.8100,3,21369.0000,12,B,17.8000,17.7900,17.7800,17.7700,17.7600,17.8100,17.8300,17.8400,17.8500,17.8600,373,383,1458,233,74,23,395,5,110,6
SZ,002331,2017-01-03 09:35:39,17.8000,5,124614.0000,70,S,17.8000,17.7900,17.7800,17.7700,17.7600,17.8100,17.8300,17.8400,17.8500,17.8600,318,383,1459,233,74,9,395,5,110,6
SZ,002331,2017-01-03 09:35:42,17.8000,1,8900.0000,5,S,17.8000,17.7900,17.7800,17.7700,17.7600,17.8100,17.8300,17.8400,17.8500,17.8600,313,383,13,233,74,9,395,5,110,6
SZ,002331,2017-01-03 09:35:45,17.8000,1,19580.0000,11,S,17.8000,17.7900,17.7800,17.7700,17.7600,17.8100,17.8300,17.8400,17.8500,17.8600,302,383,13,233,74,36,395,5,110,6
SZ,002331,2017-01-03 09:35:51,17.8100,5,436137.0000,245,B,17.8100,17.8000,17.7900,17.7800,17.7700,17.8300,17.8400,17.8500,17.8600,17.8700,315,112,383,13,233,395,5,110,6,2
SZ,002331,2017-01-03 09:35:54,17.8100,1,5343.0000,3,S,17.8100,17.8000,17.7900,17.7800,17.7700,17.8300,17.8400,17.8500,17.8600,17.8700,312,131,383,13,233,395,5,110,6,2
SZ,002331,2017-01-03 09:35:57,17.8300,2,17818.0000,10,B,17.8100,17.8000,17.7900,17.7800,17.7700,17.8300,17.8400,17.8500,17.8600,17.8700,371,134,383,17,233,391,5,110,6,2
SZ,002331,2017-01-03 09:36:00,17.8100,1,35620.0000,20,S,17.8100,17.8000,17.7900,17.7800,17.7700,17.8300,17.8400,17.8500,17.8600,17.8700,362,134,383,17,233,391,5,110,6,2
SZ,002331,2017-01-03 09:36:09,17.8100,4,103310.0000,58,S,17.8100,17.8000,17.7900,17.7800,17.7700,17.8300,17.8400,17.8500,17.8600,17.8700,329,134,383,47,233,314,5,110,6,2
SZ,002331,2017-01-03 09:36:12,17.8300,1,8915.0000,5,B,17.8100,17.8000,17.7900,17.7800,17.7700,17.8300,17.8400,17.8500,17.8600,17.8700,329,134,383,47,233,309,5,110,6,2
SZ,002331,2017-01-03 09:36:15,17.8300,1,5349.0000,3,B,17.8100,17.8000,17.7900,17.7800,17.7700,17.8300,17.8400,17.8500,17.8600,17.8700,329,132,383,47,233,306,5,111,16,2
SZ,002331,2017-01-03 09:36:21,17.8200,2,12474.0000,7,S,17.8200,17.8100,17.8000,17.7900,17.7800,17.8300,17.8400,17.8500,17.8600,17.8700,8,356,132,383,47,324,5,111,16,2
SZ,002331,2017-01-03 09:36:24,17.8300,4,374038.0000,210,B,17.8100,17.8000,17.7900,17.7800,17.7700,17.8300,17.8400,17.8500,17.8600,17.8700,164,139,383,47,213,314,5,111,16,2
SZ,002331,2017-01-03 09:36:27,17.8300,7,103397.0000,58,B,17.8200,17.8100,17.8000,17.7900,17.7800,17.8300,17.8400,17.8500,17.8600,17.8700,6,164,139,383,47,273,5,111,16,2
SZ,002331,2017-01-03 09:36:30,17.8300,10,577596.0000,324,B,17.8300,17.8100,17.8000,17.7900,17.7800,17.8400,17.8500,17.8600,17.8700,17.8800,51,119,139,383,47,5,111,16,2,123
SZ,002331,2017-01-03 09:36:33,17.8300,3,101631.0000,57,S,17.8200,17.8100,17.8000,17.7900,17.7800,17.8300,17.8400,17.8500,17.8600,17.8700,41,116,139,383,47,443,5,111,16,2
SZ,002331,2017-01-03 09:36:39,17.8200,1,33858.0000,19,S,17.8200,17.8100,17.8000,17.7900,17.7800,17.8300,17.8400,17.8500,17.8600,17.8700,22,116,177,394,47,443,5,111,16,2
SZ,002331,2017-01-03 09:36:42,17.8200,5,105138.0000,59,S,17.8100,17.8000,17.7900,17.7800,17.7700,17.8200,17.8300,17.8400,17.8500,17.8600,116,177,394,47,213,45,443,5,111,16
SZ,002331,2017-01-03 09:36:45,17.8200,1,10692.0000,6,B,17.8100,17.8000,17.7900,17.7800,17.7700,17.8200,17.8300,17.8400,17.8500,17.8600,116,177,394,47,213,73,443,5,111,16
SZ,002331,2017-01-03 09:36:48,17.8200,2,37422.0000,21,B,17.8100,17.8000,17.7900,17.7800,17.7700,17.8200,17.8300,17.8400,17.8500,17.8600,64,177,394,47,213,65,443,5,111,16
SZ,002331,2017-01-03 09:36:51,17.8200,2,8909.0000,5,B,17.8100,17.8000,17.7900,17.7800,17.7700,17.8200,17.8300,17.8400,17.8500,17.8600,63,177,394,47,213,61,443,5,111,16
SZ,002331,2017-01-03 09:36:54,17.8200,6,24945.0000,14,B,17.8100,17.8000,17.7900,17.7800,17.7700,17.8200,17.8300,17.8400,17.8500,17.8600,60,177,394,47,213,50,443,5,111,16
SZ,002331,2017-01-03 09:36:57,17.8200,14,379613.0000,213,B,17.8200,17.8100,17.8000,17.7900,17.7800,17.8300,17.8400,17.8500,17.8600,17.8800,1,8,177,394,47,344,5,111,16,123
SZ,002331,2017-01-03 09:37:00,17.8200,2,8910.0000,5,S,17.8100,17.8000,17.7900,17.7800,17.7700,17.8300,17.8400,17.8500,17.8600,17.8800,13,177,394,47,213,344,5,111,16,123
SZ,002331,2017-01-03 09:37:03,17.8100,8,272503.0000,153,S,17.8300,17.8000,17.7900,17.7800,17.7700,17.8400,17.8500,17.8600,17.8800,17.8900,237,177,394,47,213,5,111,16,123,10
SZ,002331,2017-01-03 09:37:06,17.8300,1,35660.0000,20,S,17.8300,17.8100,17.8000,17.7900,17.7800,17.8400,17.8500,17.8600,17.8800,17.8900,217,2,177,394,47,5,111,16,123,10
SZ,002331,2017-01-03 09:37:09,17.8300,1,8915.0000,5,S,17.8300,17.8100,17.8000,17.7900,17.7800,17.8400,17.8500,17.8600,17.8800,17.8900,212,2,177,394,47,5,111,16,123,10
SZ,002331,2017-01-03 09:37:12,17.8400,2,187220.0000,105,B,17.8300,17.8100,17.8000,17.7900,17.7800,17.8500,17.8600,17.8800,17.8900,17.9000,161,2,177,394,47,111,16,123,10,30
SZ,002331,2017-01-03 09:37:15,17.8300,4,139077.0000,78,S,17.8300,17.8100,17.8000,17.7900,17.7800,17.8400,17.8500,17.8600,17.8800,17.8900,86,2,197,394,47,7,111,16,123,10
SZ,002331,2017-01-03 09:37:18,17.8500,2,17843.0000,10,B,17.8300,17.8100,17.8000,17.7900,17.7800,17.8500,17.8600,17.8800,17.8900,17.9000,86,2,194,394,47,108,16,123,10,30
SZ,002331,2017-01-03 09:37:21,17.8300,2,123384.0000,70,S,17.8400,17.8300,17.8200,17.8100,17.8000,17.8500,17.8600,17.8800,17.8900,17.9000,65,16,43,2,194,111,16,123,10,30
SZ,002331,2017-01-03 09:37:24,17.8600,8,229566.0000,128,B,17.8600,17.8400,17.8300,17.8200,17.8100,17.8800,17.8900,17.9000,17.9100,17.9200,158,67,16,43,2,123,10,30,109,66
SZ,002331,2017-01-03 09:37:27,17.8800,5,221354.0000,124,B,17.8800,17.8600,17.8400,17.8300,17.8200,17.8900,17.9000,17.9100,17.9200,17.9300,176,158,67,16,52,10,30,109,66,20
SZ,002331,2017-01-03 09:37:30,17.8900,3,89410.0000,50,B,17.8900,17.8800,17.8600,17.8400,17.8300,17.9000,17.9100,17.9200,17.9300,17.9400,50,136,158,67,16,30,109,66,20,45
SZ,002331,2017-01-03 09:37:39,17.8900,5,123453.0000,69,S,17.8900,17.8800,17.8600,17.8500,17.8400,17.9000,17.9100,17.9200,17.9300,17.9400,44,181,158,26,67,118,109,66,20,45
SZ,002331,2017-01-03 09:37:42,17.9000,2,35800.0000,20,B,17.8900,17.8800,17.8600,17.8500,17.8400,17.9000,17.9100,17.9200,17.9300,17.9400,44,176,158,26,67,98,109,66,20,45
SZ,002331,2017-01-03 09:37:45,17.9000,5,143200.0000,80,B,17.8900,17.8800,17.8600,17.8500,17.8400,17.9000,17.9100,17.9200,17.9300,17.9400,44,176,158,26,67,30,109,66,20,45
SZ,002331,2017-01-03 09:37:48,17.9000,4,53700.0000,30,B,17.9000,17.8900,17.8800,17.8600,17.8500,17.9100,17.9200,17.9300,17.9400,17.9500,22,113,176,158,26,109,66,20,45,214
SZ,002331,2017-01-03 09:37:51,17.9100,6,265000.0000,148,B,17.8900,17.8800,17.8600,17.8500,17.8400,17.9100,17.9200,17.9300,17.9400,17.9500,90,176,158,26,67,6,66,20,45,214
SZ,002331,2017-01-03 09:37:54,17.9100,1,8956.0000,5,B,17.9000,17.8900,17.8800,17.8600,17.8500,17.9100,17.9200,17.9300,17.9400,17.9500,13,95,176,158,31,1,66,20,45,214
SZ,002331,2017-01-03 09:37:57,17.9000,7,85928.0000,48,S,17.8900,17.8800,17.8600,17.8500,17.8400,17.9000,17.9200,17.9300,17.9400,17.9500,95,176,158,31,67,410,71,20,45,214
SZ,002331,2017-01-03 09:38:00,17.9000,14,594164.0000,332,B,17.8900,17.8800,17.8600,17.8500,17.8400,17.9000,17.9100,17.9200,17.9300,17.9400,1,176,158,31,67,195,25,71,20,45
SZ,002331,2017-01-03 09:38:03,17.8900,4,37578.0000,21,S,17.8800,17.8600,17.8500,17.8400,17.8300,17.8900,17.9000,17.9100,17.9200,17.9300,176,158,31,67,11,195,185,35,71,20
SZ,002331,2017-01-03 09:38:06,17.8900,6,123442.0000,69,B,17.8800,17.8600,17.8500,17.8400,17.8300,17.8900,17.9000,17.9100,17.9200,17.9300,176,158,31,67,11,126,196,35,71,20
SZ,002331,2017-01-03 09:38:09,17.8800,4,315044.0000,176,S,17.8600,17.8500,17.8400,17.8300,17.8200,17.8800,17.8900,17.9000,17.9100,17.9200,158,31,67,11,52,83,126,26,35,71
SZ,002331,2017-01-03 09:38:12,17.9500,23,1444400.0000,806,B,17.9500,17.8600,17.8500,17.8400,17.8300,17.9700,17.9800,17.9900,18.0000,18.0100,174,158,31,67,11,6,77,444,668,26
SZ,002331,2017-01-03 09:38:15,17.9700,5,253104.0000,141,B,17.9500,17.8900,17.8800,17.8600,17.8500,17.9700,17.9800,17.9900,18.0000,18.0100,37,5,3,158,31,2,77,444,717,26
SZ,002331,2017-01-03 09:38:18,17.9500,4,66774.0000,37,S,17.8900,17.8800,17.8600,17.8500,17.8400,17.9500,17.9700,17.9800,17.9900,18.0000,11,3,158,70,67,45,2,77,444,717
SZ,002331,2017-01-03 09:38:21,17.9500,1,8974.0000,5,B,17.9000,17.8900,17.8800,17.8600,17.8500,17.9500,17.9700,17.9800,17.9900,18.0000,66,11,3,158,70,348,12,217,444,717
SZ,002331,2017-01-03 09:38:24,17.9500,4,32312.0000,18,B,17.9000,17.8900,17.8800,17.8600,17.8500,17.9500,17.9700,17.9800,17.9900,18.0000,66,11,83,158,70,340,12,222,444,717
SZ,002331,2017-01-03 09:38:27,17.9400,4,32292.0000,18,S,17.9200,17.9100,17.9000,17.8900,17.8800,17.9400,17.9500,17.9700,17.9800,17.9900,35,4,63,11,83,131,327,78,222,323
SZ,002331,2017-01-03 09:38:30,17.9400,6,268786.0000,150,B,17.9000,17.8900,17.8800,17.8700,17.8600,17.9400,17.9500,17.9700,17.9800,17.9900,24,11,83,31,158,137,317,143,222,323
SZ,002331,2017-01-03 09:38:33,17.9500,20,1088914.0000,607,B,17.9500,17.8900,17.8800,17.8700,17.8600,17.9700,17.9800,17.9900,18.0000,18.0100,428,15,83,31,158,163,222,323,717,24
SZ,002331,2017-01-03 09:38:36,17.9500,5,157960.0000,88,S,17.9500,17.9400,17.8900,17.8800,17.8700,17.9600,17.9700,17.9800,17.9900,18.0000,345,112,15,83,31,5,183,122,328,717
SZ,002331,2017-01-03 09:38:39,17.9500,6,626816.0000,349,S,17.9400,17.8900,17.8800,17.8700,17.8600,17.9500,17.9600,17.9700,17.9800,17.9900,136,15,83,31,175,71,2,183,102,328
SZ,002331,2017-01-03 09:38:42,17.9400,6,165084.0000,92,S,17.9400,17.9000,17.8900,17.8800,17.8700,17.9500,17.9600,17.9700,17.9800,17.9900,71,10,15,83,31,34,2,295,102,328
SZ,002331,2017-01-03 09:38:45,17.9400,9,152532.0000,85,S,17.9400,17.9000,17.8900,17.8800,17.8700,17.9500,17.9600,17.9700,17.9800,17.9900,27,10,15,82,31,51,184,285,102,328
SZ,002331,2017-01-03 09:38:48,17.9600,8,396496.0000,221,B,17.9500,17.9400,17.9000,17.8900,17.8800,17.9600,17.9700,17.9800,17.9900,18.0000,90,50,10,15,82,219,285,102,333,715
SZ,002331,2017-01-03 09:38:51,17.9200,9,368180.0000,205,S,17.9000,17.8900,17.8800,17.8700,17.8600,17.9200,17.9500,17.9600,17.9700,17.9800,10,15,82,3,215,16,78,229,285,102
SZ,002331,2017-01-03 09:38:54,17.9200,3,19712.0000,11,B,17.9000,17.8900,17.8800,17.8600,17.8500,17.9200,17.9400,17.9500,17.9600,17.9700,20,15,82,215,44,5,10,124,229,285
SZ,002331,2017-01-03 09:38:57,17.9300,2,17926.0000,10,B,17.9000,17.8900,17.8800,17.8600,17.8500,17.9300,17.9400,17.9500,17.9600,17.9700,30,15,82,215,44,5,15,119,229,285
SZ,002331,2017-01-03 09:39:00,17.9400,5,46634.0000,26,B,17.9000,17.8900,17.8800,17.8600,17.8500,17.9200,17.9500,17.9600,17.9700,17.9800,44,15,110,215,44,25,149,233,285,102
SZ,002331,2017-01-03 09:39:03,17.9200,3,25088.0000,14,B,17.9000,17.8900,17.8800,17.8600,17.8500,17.9200,17.9500,17.9600,17.9700,17.9800,76,15,110,215,44,11,144,233,285,102
SZ,002331,2017-01-03 09:39:06,17.9300,2,28678.0000,16,B,17.9300,17.9200,17.9000,17.8900,17.8800,17.9500,17.9600,17.9700,17.9800,17.9900,111,4,79,15,110,144,233,285,102,416
SZ,002331,2017-01-03 09:39:09,17.9200,6,220518.0000,123,S,17.9000,17.8900,17.8800,17.8600,17.8500,17.9200,17.9500,17.9600,17.9700,17.9800,84,15,110,215,54,83,144,291,285,102
SZ,002331,2017-01-03 09:39:12,17.9200,11,188008.0000,105,B,17.9000,17.8900,17.8800,17.8600,17.8500,17.9200,17.9400,17.9500,17.9600,17.9700,9,15,110,215,54,53,30,144,291,285
SZ,002331,2017-01-03 09:39:15,17.9200,9,91372.0000,51,B,17.8900,17.8800,17.8600,17.8500,17.8400,17.9200,17.9300,17.9400,17.9500,17.9600,15,110,215,54,67,12,15,30,144,291
SZ,002331,2017-01-03 09:39:18,17.9200,3,21504.0000,12,B,17.9200,17.8900,17.8800,17.8600,17.8500,17.9300,17.9400,17.9500,17.9600,17.9700,12,25,110,215,54,15,40,144,291,270
SZ,002331,2017-01-03 09:39:24,17.9200,11,419852.0000,234,S,17.9200,17.8900,17.8800,17.8600,17.8500,17.9500,17.9600,17.9700,17.9800,17.9900,14,45,110,215,54,185,291,270,102,456
SZ,002331,2017-01-03 09:39:27,17.9200,8,75212.0000,42,S,17.8900,17.8800,17.8600,17.8500,17.8400,17.9200,17.9300,17.9400,17.9500,17.9600,45,110,215,54,67,14,62,252,185,291
SZ,002331,2017-01-03 09:39:30,17.9200,1,14336.0000,8,B,17.9000,17.8900,17.8800,17.8600,17.8500,17.9200,17.9300,17.9400,17.9500,17.9600,4,45,148,215,54,131,62,252,185,291
SZ,002331,2017-01-03 09:39:36,17.9200,10,263044.0000,147,B,17.9200,17.9000,17.8900,17.8800,17.8600,17.9300,17.9400,17.9500,17.9600,17.9700,1011,2,47,110,215,62,252,188,291,270
SZ,002331,2017-01-03 09:39:39,17.9300,2,19714.0000,11,B,17.9200,17.9000,17.8900,17.8800,17.8600,17.9300,17.9400,17.9500,17.9600,17.9700,1009,2,47,110,215,61,252,188,291,270
SZ,002331,2017-01-03 09:39:42,17.9200,3,1064448.0000,594,S,17.9200,17.9000,17.8900,17.8800,17.8600,17.9300,17.9400,17.9500,17.9600,17.9700,415,100,47,110,215,61,202,188,288,270
SZ,002331,2017-01-03 09:39:45,17.9300,3,43032.0000,24,B,17.9200,17.9000,17.8900,17.8800,17.8600,17.9300,17.9400,17.9500,17.9600,17.9700,425,100,80,110,215,45,202,188,188,270
SZ,002331,2017-01-03 09:39:48,17.9300,5,64544.0000,36,B,17.9200,17.9000,17.8900,17.8800,17.8600,17.9300,17.9400,17.9500,17.9600,17.9700,421,100,80,110,215,13,202,188,188,270
SZ,002331,2017-01-03 09:39:51,17.9200,3,191750.0000,107,S,17.9200,17.9000,17.8900,17.8800,17.8600,17.9300,17.9400,17.9500,17.9600,17.9700,311,8,80,110,215,181,202,188,188,270
SZ,002331,2017-01-03 09:39:54,17.9300,8,227712.0000,127,B,17.9200,17.9000,17.8900,17.8800,17.8600,17.9300,17.9400,17.9500,17.9600,17.9700,315,8,80,110,215,75,8,188,188,270
SZ,002331,2017-01-03 09:39:57,17.9200,8,304756.0000,170,S,17.9200,17.9000,17.8900,17.8800,17.8600,17.9400,17.9500,17.9600,17.9700,17.9800,262,8,80,110,215,8,188,188,270,102
SZ,002331,2017-01-03 09:40:00,17.9300,4,30480.0000,17,S,17.9300,17.9200,17.9000,17.8900,17.8800,17.9400,17.9500,17.9600,17.9700,17.9800,26,260,8,80,110,7,188,188,290,102
SZ,002331,2017-01-03 09:40:03,17.9200,5,77114.0000,43,S,17.9200,17.9000,17.8900,17.8800,17.8600,17.9400,17.9500,17.9600,17.9700,17.9800,256,11,80,110,215,4,183,193,290,102
SZ,002331,2017-01-03 09:40:06,17.9400,5,52006.0000,29,B,17.9400,17.9300,17.9200,17.9000,17.8900,17.9500,17.9600,17.9700,17.9800,17.9900,38,1,246,11,80,183,193,290,102,451
SZ,002331,2017-01-03 09:40:09,17.9200,6,351364.0000,196,S,17.9200,17.9000,17.8900,17.8800,17.8600,17.9500,17.9600,17.9700,17.9800,17.9900,123,11,80,110,215,183,193,290,147,451
SZ,002331,2017-01-03 09:40:12,17.9200,4,218988.0000,122,S,17.9200,17.9000,17.8900,17.8800,17.8600,17.9500,17.9600,17.9700,17.9800,17.9900,122,11,80,110,215,62,193,290,147,451
SZ,002331,2017-01-03 09:40:15,17.9200,3,93184.0000,52,S,17.9200,17.9000,17.8900,17.8800,17.8600,17.9500,17.9600,17.9700,17.9800,17.9900,70,11,80,110,215,68,193,290,147,451
SZ,002331,2017-01-03 09:40:18,17.9200,3,19732.0000,11,S,17.9200,17.9000,17.8900,17.8800,17.8600,17.9400,17.9500,17.9600,17.9700,17.9800,66,11,80,110,215,20,71,193,290,147
SZ,002331,2017-01-03 09:40:21,17.9400,3,53776.0000,30,B,17.9200,17.9000,17.8900,17.8800,17.8600,17.9400,17.9500,17.9600,17.9700,17.9800,45,11,80,110,215,13,176,193,290,147
SZ,002331,2017-01-03 09:40:24,17.9400,14,436166.0000,243,B,17.9500,17.9300,17.9200,17.9000,17.8900,17.9600,17.9700,17.9800,17.9900,18.0000,31,4,39,21,80,162,290,147,451,703
SZ,002331,2017-01-03 09:40:27,17.9200,3,64610.0000,36,S,17.9200,17.9000,17.8900,17.8800,17.8600,17.9600,17.9700,17.9800,17.9900,18.0000,38,27,80,110,215,162,290,147,453,703
SZ,002331,2017-01-03 09:40:30,17.9600,6,184908.0000,103,B,17.9400,17.9300,17.9200,17.9000,17.8900,17.9600,17.9700,17.9800,17.9900,18.0000,248,56,23,27,80,79,290,147,453,703
SZ,002331,2017-01-03 09:40:33,17.9400,1,3588.0000,2,S,17.9400,17.9300,17.9200,17.9000,17.8900,17.9500,17.9600,17.9700,17.9800,17.9900,246,56,21,27,80,125,81,290,147,453
SZ,002331,2017-01-03 09:40:36,17.9400,7,353484.0000,197,S,17.9400,17.9300,17.9200,17.9000,17.8900,17.9500,17.9600,17.9700,17.9800,17.9900,120,56,21,27,80,58,81,290,147,453
SZ,002331,2017-01-03 09:40:39,17.9400,4,23332.0000,13,S,17.9400,17.9300,17.9200,17.9000,17.8900,17.9500,17.9600,17.9700,17.9800,17.9900,118,56,21,27,114,47,92,290,147,453
SZ,002331,2017-01-03 09:40:42,17.9400,4,100504.0000,56,S,17.9400,17.9300,17.9200,17.9000,17.8900,17.9500,17.9600,17.9700,17.9800,17.9900,100,56,52,30,114,9,92,290,147,453
SZ,002331,2017-01-03 09:40:45,17.9400,2,23320.0000,13,S,17.9400,17.9300,17.9200,17.9000,17.8900,17.9500,17.9600,17.9700,17.9800,17.9900,95,56,52,68,114,9,92,290,147,453
SZ,002331,2017-01-03 09:40:48,17.9500,2,43066.0000,24,B,17.9500,17.9400,17.9300,17.9200,17.9000,17.9600,17.9700,17.9800,17.9900,18.0000,1,80,56,46,68,248,300,147,453,703
SZ,002331,2017-01-03 09:40:51,17.9300,7,249310.0000,139,S,17.9200,17.9000,17.8900,17.8800,17.8600,17.9300,17.9500,17.9600,17.9700,17.9800,46,68,142,110,215,36,50,190,300,147
SZ,002331,2017-01-03 09:40:57,17.9300,1,3584.0000,2,B,17.9200,17.9000,17.8900,17.8800,17.8600,17.9300,17.9500,17.9600,17.9700,17.9800,46,68,142,110,215,34,115,190,255,147
SZ,002331,2017-01-03 09:41:00,17.9300,3,21508.0000,12,B,17.9200,17.9000,17.8900,17.8800,17.8600,17.9300,17.9400,17.9500,17.9600,17.9700,36,68,142,110,215,36,5,149,190,255
SZ,002331,2017-01-03 09:41:03,17.9300,2,35860.0000,20,B,17.9200,17.9000,17.8900,17.8800,17.8600,17.9300,17.9400,17.9500,17.9600,17.9700,36,68,142,110,215,16,5,149,190,255
SZ,002331,2017-01-03 09:41:09,17.9300,1,14344.0000,8,B,17.9200,17.9000,17.8900,17.8800,17.8600,17.9300,17.9400,17.9500,17.9600,17.9700,36,68,142,110,215,8,50,194,190,255
SZ,002331,2017-01-03 09:41:12,17.9200,5,64870.0000,36,S,17.9000,17.8900,17.8800,17.8600,17.8500,17.9200,17.9300,17.9400,17.9500,17.9600,68,142,110,215,65,17,8,50,194,190
SZ,002331,2017-01-03 09:41:15,17.9200,3,30464.0000,17,B,17.9000,17.8900,17.8800,17.8600,17.8500,17.9200,17.9300,17.9400,17.9500,17.9600,68,142,110,215,65,44,8,50,185,190
SZ,002331,2017-01-03 09:41:18,17.9200,9,53730.0000,30,B,17.9000,17.8900,17.8800,17.8600,17.8500,17.9200,17.9300,17.9400,17.9500,17.9600,53,142,110,215,65,39,8,130,185,190
SZ,002331,2017-01-03 09:41:21,17.9200,4,50156.0000,28,B,17.9000,17.8900,17.8800,17.8600,17.8500,17.9200,17.9300,17.9400,17.9500,17.9600,43,142,110,215,65,34,176,164,185,190
SZ,002331,2017-01-03 09:41:24,17.9000,4,41528.0000,23,S,17.9000,17.8900,17.8800,17.8600,17.8500,17.9200,17.9300,17.9400,17.9500,17.9600,19,142,110,215,65,47,176,164,185,190
SZ,002331,2017-01-03 09:41:27,17.8900,10,118092.0000,66,S,17.8900,17.8800,17.8600,17.8500,17.8400,17.9200,17.9300,17.9400,17.9500,17.9600,95,110,215,65,3,57,176,164,185,180
SZ,002331,2017-01-03 09:41:30,17.9200,9,121758.0000,68,B,17.8900,17.8800,17.8600,17.8500,17.8400,17.9200,17.9300,17.9400,17.9500,17.9600,70,110,215,65,3,26,176,164,185,180
SZ,002331,2017-01-03 09:41:33,17.9000,2,89500.0000,50,S,17.8900,17.8800,17.8600,17.8500,17.8400,17.9200,17.9300,17.9400,17.9500,17.9600,70,110,216,26,3,32,176,164,185,180
SZ,002331,2017-01-03 09:41:36,17.9200,5,44800.0000,25,B,17.8900,17.8800,17.8600,17.8500,17.8400,17.9200,17.9300,17.9400,17.9500,17.9600,70,110,216,26,3,59,176,164,180,185
SZ,002331,2017-01-03 09:41:39,17.8900,3,21468.0000,12,S,17.8900,17.8800,17.8600,17.8500,17.8400,17.9200,17.9300,17.9400,17.9500,17.9600,58,110,216,26,3,61,176,164,180,185
SZ,002331,2017-01-03 09:41:42,17.9000,1,3580.0000,2,B,17.8900,17.8800,17.8600,17.8500,17.8400,17.9000,17.9200,17.9300,17.9400,17.9500,58,110,216,26,3,3,61,176,164,180
SZ,002331,2017-01-03 09:41:45,17.9000,4,14326.0000,8,B,17.8900,17.8800,17.8600,17.8500,17.8400,17.9000,17.9200,17.9300,17.9400,17.9500,58,110,216,26,3,2,88,176,164,180
SZ,002331,2017-01-03 09:41:48,17.8900,5,112354.0000,63,S,17.8800,17.8600,17.8500,17.8400,17.8300,17.8900,17.9200,17.9300,17.9400,17.9500,110,216,26,3,29,9,88,176,164,180
SZ,002331,2017-01-03 09:41:54,17.8800,2,17880.0000,10,S,17.8800,17.8600,17.8500,17.8400,17.8300,17.8900,17.9000,17.9200,17.9300,17.9400,105,219,26,3,29,23,19,88,176,119
SZ,002331,2017-01-03 09:41:57,17.9000,10,89456.0000,50,B,17.8900,17.8800,17.8600,17.8500,17.8400,17.9000,17.9200,17.9300,17.9400,17.9500,100,95,219,26,3,2,98,176,127,180
SZ,002331,2017-01-03 09:42:00,17.8800,8,393440.0000,220,S,17.8900,17.8600,17.8500,17.8400,17.8300,17.9000,17.9200,17.9300,17.9400,17.9500,10,209,26,3,29,2,76,176,127,180
SZ,002331,2017-01-03 09:42:03,17.8900,1,17890.0000,10,S,17.8600,17.8500,17.8400,17.8300,17.8200,17.8900,17.9000,17.9200,17.9300,17.9400,309,26,3,29,152,21,40,76,176,127
SZ,002331,2017-01-03 09:42:06,17.8600,8,584748.0000,328,S,17.8500,17.8400,17.8300,17.8200,17.8100,17.8600,17.8900,17.9000,17.9200,17.9300,26,3,29,152,19,270,44,160,76,176
SZ,002331,2017-01-03 09:42:09,17.8600,2,73224.0000,41,B,17.8500,17.8400,17.8300,17.8200,17.8100,17.8600,17.8900,17.9000,17.9200,17.9300,26,3,29,152,19,229,44,215,79,176
SZ,002331,2017-01-03 09:42:12,17.8500,2,14280.0000,8,S,17.8500,17.8400,17.8300,17.8200,17.8100,17.8600,17.8900,17.9000,17.9200,17.9300,18,3,29,152,19,293,44,215,69,176
SZ,002331,2017-01-03 09:42:15,17.8600,8,169400.0000,95,B,17.8200,17.8100,17.8000,17.7900,17.7800,17.8500,17.8600,17.8900,17.9000,17.9200,112,19,166,353,43,11,288,44,220,69
SZ,002331,2017-01-03 09:42:21,17.8600,9,74936.0000,42,B,17.8200,17.8100,17.8000,17.7900,17.7800,17.8600,17.8900,17.9000,17.9200,17.9300,96,19,166,353,43,273,44,220,69,172
SZ,002331,2017-01-03 09:42:27,17.8500,4,33920.0000,19,S,17.8500,17.8200,17.8100,17.8000,17.7900,17.8600,17.8900,17.9000,17.9200,17.9300,8,130,19,185,353,270,65,210,69,4
SZ,002331,2017-01-03 09:42:30,17.8500,1,5354.0000,3,S,17.8500,17.8300,17.8200,17.8100,17.8000,17.8600,17.8900,17.9000,17.9200,17.9300,5,2,130,19,165,270,65,210,69,4
SZ,002331,2017-01-03 09:42:33,17.8500,6,208916.0000,117,S,17.8500,17.8200,17.8100,17.8000,17.7900,17.8600,17.8900,17.9000,17.9200,17.9300,38,123,19,165,353,171,42,210,69,4
SZ,002331,2017-01-03 09:42:36,17.8500,3,89250.0000,50,S,17.8200,17.8100,17.8000,17.7900,17.7800,17.8500,17.8600,17.8900,17.9000,17.9200,123,19,165,353,43,126,171,42,210,69
SZ,002331,2017-01-03 09:42:39,17.8600,7,538528.0000,301,B,17.8600,17.8300,17.8200,17.8100,17.8000,17.8900,17.9000,17.9200,17.9300,17.9400,106,20,213,19,165,42,210,69,4,122
SZ,002331,2017-01-03 09:42:42,17.8600,5,62508.0000,35,S,17.8600,17.8500,17.8300,17.8200,17.8100,17.8900,17.9000,17.9200,17.9300,17.9400,71,10,20,213,19,42,210,69,4,122
SZ,002331,2017-01-03 09:42:45,17.8600,1,1788.0000,1,S,17.8600,17.8500,17.8300,17.8200,17.8100,17.8900,17.9000,17.9200,17.9300,17.9400,70,10,85,213,19,42,210,69,4,122
SZ,002331,2017-01-03 09:42:51,17.8900,5,99696.0000,56,B,17.8600,17.8500,17.8400,17.8300,17.8200,17.8900,17.9000,17.9200,17.9300,17.9400,42,23,5,85,223,33,210,69,4,122
SZ,002331,2017-01-03 09:42:54,17.8600,1,41078.0000,23,S,17.8600,17.8500,17.8400,17.8300,17.8200,17.8800,17.8900,17.9000,17.9200,17.9300,79,23,5,119,223,3,33,205,69,4
SZ,002331,2017-01-03 09:42:57,17.8600,7,177886.0000,100,S,17.8500,17.8400,17.8300,17.8200,17.8100,17.8600,17.8800,17.8900,17.9000,17.9200,50,5,119,223,53,104,3,34,205,69
SZ,002331,2017-01-03 09:43:00,17.8600,1,5358.0000,3,B,17.8500,17.8400,17.8300,17.8200,17.8100,17.8600,17.8800,17.8900,17.9000,17.9200,50,10,138,223,53,111,3,34,195,69
SZ,002331,2017-01-03 09:43:03,17.8600,3,28576.0000,16,B,17.8500,17.8400,17.8300,17.8200,17.8100,17.8600,17.8800,17.8900,17.9000,17.9200,50,10,138,223,53,95,3,34,195,69
SZ,002331,2017-01-03 09:43:06,17.8600,1,17860.0000,10,B,17.8500,17.8400,17.8300,17.8200,17.8100,17.8600,17.8800,17.8900,17.9000,17.9200,50,40,148,223,53,85,14,34,195,69
SZ,002331,2017-01-03 09:43:09,17.8500,7,123172.0000,69,S,17.8500,17.8400,17.8300,17.8200,17.8100,17.8600,17.8800,17.8900,17.9000,17.9200,8,40,148,223,53,78,14,34,195,69
SZ,002331,2017-01-03 09:43:12,17.8500,2,32130.0000,18,S,17.8400,17.8300,17.8200,17.8100,17.8000,17.8600,17.8800,17.8900,17.9000,17.9200,40,148,218,53,170,88,14,34,195,69
SZ,002331,2017-01-03 09:43:18,17.8600,8,170384.0000,95,B,17.8600,17.8500,17.8400,17.8300,17.8200,17.8800,17.8900,17.9000,17.9200,17.9300,82,4,40,148,218,74,34,193,69,31
SZ,002331,2017-01-03 09:43:24,17.8600,4,211820.0000,119,S,17.8600,17.8500,17.8400,17.8300,17.8200,17.8800,17.8900,17.9000,17.9200,17.9300,39,4,40,83,218,74,34,193,69,31
SZ,002331,2017-01-03 09:43:27,17.8600,4,67868.0000,38,S,17.8600,17.8500,17.8400,17.8300,17.8200,17.8800,17.8900,17.9000,17.9200,17.9300,1,14,40,83,222,74,34,193,69,31
SZ,002331,2017-01-03 09:43:33,17.8600,1,1786.0000,1,S,17.8600,17.8500,17.8400,17.8300,17.8200,17.8800,17.8900,17.9000,17.9200,17.9300,65,15,40,83,222,74,34,173,39,31
SZ,002331,2017-01-03 09:43:39,17.8800,3,44660.0000,25,B,17.8600,17.8500,17.8400,17.8300,17.8200,17.8800,17.8900,17.9000,17.9200,17.9300,54,15,40,88,222,69,13,176,39,31
SZ,002331,2017-01-03 09:43:42,17.8800,2,82248.0000,46,B,17.8600,17.8500,17.8400,17.8300,17.8200,17.8800,17.8900,17.9000,17.9200,17.9300,54,17,40,108,222,23,13,176,39,31
SZ,002331,2017-01-03 09:43:45,17.8800,4,58980.0000,33,B,17.8600,17.8500,17.8400,17.8300,17.8200,17.8800,17.8900,17.9000,17.9200,17.9300,58,17,40,108,222,2,13,176,39,31
SZ,002331,2017-01-03 09:43:48,17.8900,3,44678.0000,25,B,17.8800,17.8600,17.8500,17.8400,17.8300,17.8900,17.9000,17.9200,17.9300,17.9400,5,43,17,40,108,5,131,52,31,122
SZ,002331,2017-01-03 09:43:51,17.8600,8,87526.0000,49,S,17.8500,17.8400,17.8300,17.8200,17.8100,17.8600,17.8900,17.9000,17.9200,17.9300,27,40,108,222,55,2,5,131,22,31
SZ,002331,2017-01-03 09:43:54,17.8600,1,1786.0000,1,B,17.8500,17.8400,17.8300,17.8200,17.8100,17.8600,17.8900,17.9000,17.9200,17.9300,27,40,108,222,55,1,5,131,22,31
SZ,002331,2017-01-03 09:44:00,17.8600,2,10716.0000,6,B,17.8600,17.8500,17.8400,17.8300,17.8200,17.8800,17.8900,17.9000,17.9200,17.9300,4,27,40,108,222,7,9,131,22,31
SZ,002331,2017-01-03 09:44:03,17.8800,1,12516.0000,7,B,17.8800,17.8600,17.8500,17.8400,17.8300,17.8900,17.9000,17.9200,17.9300,17.9400,17,4,30,40,108,9,131,22,31,122
SZ,002331,2017-01-03 09:44:06,17.8900,4,26836.0000,15,B,17.8800,17.8600,17.8500,17.8400,17.8300,17.8900,17.9000,17.9200,17.9300,17.9400,17,5,30,40,108,9,131,22,31,122
SZ,002331,2017-01-03 09:44:12,17.8900,1,16100.0000,9,B,17.8900,17.8800,17.8600,17.8500,17.8400,17.9000,17.9200,17.9300,17.9400,17.9500,3,26,23,31,40,131,32,31,122,189
SZ,002331,2017-01-03 09:44:15,17.8800,2,35764.0000,20,S,17.8800,17.8600,17.8500,17.8400,17.8300,17.8900,17.9000,17.9200,17.9300,17.9400,9,23,31,40,108,45,131,32,31,122
SZ,002331,2017-01-03 09:44:21,17.8900,2,42936.0000,24,B,17.8800,17.8600,17.8500,17.8400,17.8300,17.8900,17.9000,17.9200,17.9300,17.9400,30,28,28,40,108,36,131,32,31,122
SZ,002331,2017-01-03 09:44:24,17.8900,19,314416.0000,176,B,17.8800,17.8400,17.8300,17.8200,17.8100,17.8900,17.9000,17.9200,17.9300,17.9400,50,2,108,222,53,21,131,32,31,122
SZ,002331,2017-01-03 09:44:27,17.8800,3,28612.0000,16,S,17.8800,17.8400,17.8300,17.8200,17.8100,17.8900,17.9000,17.9200,17.9300,17.9400,90,2,108,222,53,15,131,32,31,122
SZ,002331,2017-01-03 09:44:30,17.8800,8,110956.0000,62,S,17.8800,17.8400,17.8300,17.8200,17.8100,17.9000,17.9200,17.9300,17.9400,17.9500,84,2,103,222,53,90,32,31,122,189
SZ,002331,2017-01-03 09:44:33,17.8800,3,26828.0000,15,S,17.8900,17.8800,17.8400,17.8300,17.8200,17.9000,17.9200,17.9300,17.9400,17.9500,13,83,2,103,222,90,32,31,122,189
SZ,002331,2017-01-03 09:44:36,17.9000,1,8948.0000,5,B,17.8900,17.8800,17.8400,17.8300,17.8200,17.9000,17.9200,17.9300,17.9400,17.9500,163,83,5,103,222,85,32,31,122,189
SZ,002331,2017-01-03 09:44:39,17.9000,1,5372.0000,3,B,17.8900,17.8800,17.8400,17.8300,17.8200,17.9000,17.9200,17.9300,17.9400,17.9500,163,126,5,108,222,82,32,31,122,189
SZ,002331,2017-01-03 09:44:42,17.9000,3,71568.0000,40,B,17.8900,17.8800,17.8600,17.8400,17.8300,17.9000,17.9200,17.9300,17.9400,17.9500,143,126,5,5,108,72,32,31,122,189
SZ,002331,2017-01-03 09:44:48,17.9000,1,8952.0000,5,B,17.8900,17.8800,17.8600,17.8400,17.8300,17.9000,17.9200,17.9300,17.9400,17.9500,193,126,5,7,108,67,32,31,122,189
SZ,002331,2017-01-03 09:44:51,17.9200,5,132472.0000,74,B,17.9000,17.8900,17.8800,17.8600,17.8400,17.9200,17.9300,17.9400,17.9500,17.9600,62,193,126,15,7,25,31,122,189,39
SZ,002331,2017-01-03 09:44:57,17.9200,2,8960.0000,5,B,17.9000,17.8900,17.8800,17.8600,17.8400,17.9200,17.9300,17.9400,17.9500,17.9600,86,193,123,15,7,20,31,122,209,39
SZ,002331,2017-01-03 09:45:00,17.9200,2,37276.0000,20,B,17.9200,17.9000,17.8900,17.8800,17.8600,17.9300,17.9400,17.9500,17.9600,17.9700,10,119,183,123,15,31,122,209,39,191
SZ,002331,2017-01-03 09:45:03,17.9200,1,12544.0000,7,S,17.9200,17.9000,17.8900,17.8800,17.8600,17.9300,17.9400,17.9500,17.9600,17.9700,3,119,183,123,15,31,122,209,39,191
SZ,002331,2017-01-03 09:45:06,17.9400,7,284856.0000,159,B,17.9400,17.9300,17.9200,17.9000,17.8900,17.9500,17.9600,17.9700,17.9800,17.9900,52,3,3,119,183,209,39,191,120,778
SZ,002331,2017-01-03 09:45:09,17.9300,3,96872.0000,54,S,17.9300,17.9200,17.9000,17.8900,17.8800,17.9500,17.9600,17.9700,17.9800,17.9900,1,3,119,183,123,209,39,191,120,778
SZ,002331,2017-01-03 09:45:12,17.9300,3,7172.0000,4,S,17.9300,17.9200,17.9000,17.8900,17.8800,17.9500,17.9600,17.9700,17.9800,17.9900,8,2,114,183,123,209,39,191,120,778
SZ,002331,2017-01-03 09:45:15,17.9500,2,37692.0000,21,B,17.9300,17.9200,17.9000,17.8900,17.8800,17.9400,17.9500,17.9600,17.9700,17.9800,7,2,114,143,123,5,189,39,191,120
SZ,002331,2017-01-03 09:45:18,17.9400,9,251284.0000,140,B,17.9300,17.9200,17.9000,17.8900,17.8800,17.9500,17.9600,17.9700,17.9800,17.9900,7,2,110,143,123,64,39,191,120,778
SZ,002331,2017-01-03 09:45:21,17.9300,1,12552.0000,7,S,17.9200,17.9000,17.8900,17.8800,17.8700,17.9300,17.9400,17.9500,17.9600,17.9700,2,110,143,123,20,1,1,64,39,191
SZ,002331,2017-01-03 09:45:24,17.9400,2,3588.0000,2,B,17.9200,17.9000,17.8900,17.8800,17.8700,17.9300,17.9500,17.9600,17.9700,17.9800,2,110,143,123,20,10,64,39,191,120
SZ,002331,2017-01-03 09:45:27,17.9500,7,141780.0000,79,B,17.9500,17.9400,17.9300,17.9200,17.9000,17.9600,17.9700,17.9800,17.9900,18.0000,14,25,5,11,110,39,191,120,778,942
SZ,002331,2017-01-03 09:45:33,17.9600,4,23348.0000,13,B,17.9500,17.9400,17.9300,17.9200,17.9000,17.9600,17.9700,17.9800,17.9900,18.0000,14,4,6,19,110,29,191,120,778,942
SZ,002331,2017-01-03 09:45:36,17.9500,4,28720.0000,16,S,17.9500,17.9400,17.9300,17.9200,17.9000,17.9600,17.9700,17.9800,17.9900,18.0000,40,4,6,19,110,29,191,120,679,950
SZ,002331,2017-01-03 09:45:39,17.9600,9,110972.0000,62,B,17.9600,17.9500,17.9400,17.9300,17.9200,17.9700,17.9800,17.9900,18.0000,18.0100,18,50,4,6,19,191,120,679,960,28
SZ,002331,2017-01-03 09:45:42,17.9500,2,35916.0000,20,S,17.9600,17.9500,17.9400,17.9300,17.9200,17.9700,17.9800,17.9900,18.0000,18.0100,10,48,2,8,11,191,120,679,960,28
SZ,002331,2017-01-03 09:45:45,17.9600,2,53880.0000,30,S,17.9600,17.9500,17.9400,17.9300,17.9200,17.9700,17.9800,17.9900,18.0000,18.0100,7,55,2,8,11,191,120,679,961,28
SZ,002331,2017-01-03 09:45:48,17.9700,2,21568.0000,12,B,17.9600,17.9500,17.9400,17.9300,17.9200,17.9700,17.9800,17.9900,18.0000,18.0100,49,65,2,8,11,179,176,680,963,28
SZ,002331,2017-01-03 09:45:51,17.9700,3,44924.0000,25,B,17.9600,17.9500,17.9400,17.9300,17.9200,17.9700,17.9800,17.9900,18.0000,18.0100,79,65,2,8,11,154,176,680,963,28
SZ,002331,2017-01-03 09:45:54,17.9700,14,369412.0000,206,B,17.9700,17.9600,17.9500,17.9400,17.9300,17.9800,17.9900,18.0000,18.0100,18.0300,297,28,75,2,8,176,680,963,28,17
SZ,002331,2017-01-03 09:45:57,17.9400,9,737656.0000,410,S,17.9300,17.9200,17.9000,17.8900,17.8800,17.9400,17.9800,17.9900,18.0000,18.0100,8,11,81,10,123,56,182,680,963,28
SZ,002331,2017-01-03 09:46:00,17.9800,3,165880.0000,93,B,17.9700,17.9500,17.9300,17.9200,17.9000,17.9800,17.9900,18.0000,18.0100,18.0300,72,49,8,11,81,176,640,963,28,17
SZ,002331,2017-01-03 09:46:03,17.9800,3,34152.0000,19,B,17.9700,17.9600,17.9500,17.9300,17.9200,17.9800,17.9900,18.0000,18.0100,18.0300,68,16,49,8,11,166,640,963,28,17
SZ,002331,2017-01-03 09:46:06,17.9700,2,10784.0000,6,S,17.9600,17.9500,17.9400,17.9300,17.9200,17.9700,17.9800,17.9900,18.0000,18.0100,16,49,10,8,11,140,166,640,963,28
SZ,002331,2017-01-03 09:46:09,17.9200,11,232120.0000,129,S,17.9000,17.8900,17.8800,17.8700,17.8600,17.9200,17.9700,17.9800,17.9900,18.0000,81,10,123,20,15,270,203,165,640,963
SZ,002331,2017-01-03 09:46:12,17.9200,1,1792.0000,1,B,17.9000,17.8900,17.8800,17.8700,17.8600,17.9200,17.9300,17.9700,17.9800,17.9900,81,15,123,20,15,269,467,203,185,640
SZ,002331,2017-01-03 09:46:15,17.9000,3,333288.0000,186,S,17.9000,17.8900,17.8800,17.8700,17.8600,17.9200,17.9300,17.9700,17.9800,17.9900,69,15,123,20,15,95,467,203,195,640
SZ,002331,2017-01-03 09:46:18,17.9200,2,176692.0000,99,B,17.9200,17.9000,17.8900,17.8800,17.8700,17.9300,17.9700,17.9800,17.9900,18.0000,1,69,15,123,20,467,203,195,640,963
SZ,002331,2017-01-03 09:46:21,17.9300,1,35860.0000,20,B,17.9200,17.9000,17.8900,17.8800,17.8700,17.9300,17.9600,17.9700,17.9800,17.9900,1,99,15,123,20,447,10,216,240,640
SZ,002331,2017-01-03 09:46:24,17.9300,2,21516.0000,12,B,17.9200,17.9000,17.8900,17.8800,17.8700,17.9300,17.9600,17.9700,17.9800,17.9900,61,109,15,93,20,435,10,216,240,640
SZ,002331,2017-01-03 09:46:27,17.9200,5,112908.0000,63,S,17.9200,17.9000,17.8900,17.8800,17.8700,17.9500,17.9600,17.9700,17.9800,17.9900,18,133,15,93,20,10,10,216,240,640
SZ,002331,2017-01-03 09:46:30,17.9600,4,56020.0000,31,B,17.9600,17.9300,17.9200,17.9000,17.8900,17.9700,17.9800,17.9900,18.0000,18.0100,20,347,17,133,15,216,241,656,1021,28
SZ,002331,2017-01-03 09:46:33,17.9600,1,8980.0000,5,S,17.9600,17.9300,17.9200,17.9000,17.8900,17.9700,17.9800,17.9900,18.0000,18.0100,15,145,17,153,15,226,273,656,1021,28
SZ,002331,2017-01-03 09:46:36,17.9600,1,26940.0000,15,S,17.9300,17.9200,17.9000,17.8900,17.8800,17.9500,17.9600,17.9700,17.9800,17.9900,175,17,153,15,93,4,5,226,468,656
SZ,002331,2017-01-03 09:46:39,17.9700,5,41304.0000,23,B,17.9300,17.9200,17.9000,17.8900,17.8800,17.9700,17.9800,17.9900,18.0000,18.0100,173,17,157,15,93,218,468,656,1021,28
SZ,002331,2017-01-03 09:46:42,17.9500,2,9140.0000,5,S,17.9500,17.9300,17.9200,17.9000,17.8900,17.9700,17.9800,17.9900,18.0000,18.0100,44,173,17,157,15,218,448,656,1021,28
SZ,002331,2017-01-03 09:46:45,17.9700,6,362992.0000,202,B,17.9500,17.9300,17.9200,17.9000,17.8900,17.9700,17.9800,17.9900,18.0000,18.0100,44,176,17,157,15,16,448,676,1016,28
SZ,002331,2017-01-03 09:46:48,17.9000,23,736784.0000,411,S,17.8900,17.8800,17.8700,17.8600,17.8500,17.9000,17.9700,17.9800,17.9900,18.0000,15,93,20,15,44,19,32,448,676,1016
SZ,002331,2017-01-03 09:46:51,17.9600,4,77112.0000,43,B,17.8900,17.8800,17.8700,17.8600,17.8500,17.9600,17.9700,17.9800,17.9900,18.0000,15,93,20,15,44,9,32,448,676,1016
SZ,002331,2017-01-03 09:46:54,17.9600,2,12568.0000,7,B,17.9300,17.9200,17.8900,17.8800,17.8700,17.9500,17.9600,17.9700,17.9800,17.9900,4,5,15,93,20,5,2,52,448,676
SZ,002331,2017-01-03 09:46:57,17.9000,3,17924.0000,10,S,17.9000,17.8900,17.8800,17.8700,17.8600,17.9500,17.9600,17.9700,17.9800,17.9900,499,15,93,20,15,5,12,57,448,676
SZ,002331,2017-01-03 09:47:00,17.9500,1,8976.0000,5,B,17.9000,17.8900,17.8800,17.8700,17.8600,17.9600,17.9700,17.9800,17.9900,18.0000,499,15,93,130,15,72,57,448,681,1036
SZ,002331,2017-01-03 09:47:06,17.9500,1,16156.0000,9,B,17.9500,17.9100,17.9000,17.8900,17.8800,17.9600,17.9700,17.9800,17.9900,18.0000,1,3,530,15,93,78,129,451,681,983
SZ,002331,2017-01-03 09:47:09,17.9500,4,39488.0000,22,S,17.9100,17.9000,17.8900,17.8800,17.8700,17.9500,17.9600,17.9700,17.9800,17.9900,3,539,15,93,130,1,96,227,454,696
SZ,002331,2017-01-03 09:47:12,17.9600,5,39512.0000,22,B,17.9500,17.9100,17.9000,17.8900,17.8800,17.9600,17.9700,17.9800,17.9900,18.0000,20,14,539,15,93,75,227,484,696,983
SZ,002331,2017-01-03 09:47:15,17.9500,3,57440.0000,32,S,17.9500,17.9100,17.9000,17.8900,17.8800,17.9600,17.9700,17.9800,17.9900,18.0000,9,51,539,15,93,73,227,483,696,982
SZ,002331,2017-01-03 09:47:18,17.9500,2,19744.0000,11,S,17.9100,17.9000,17.8900,17.8800,17.8700,17.9500,17.9600,17.9700,17.9800,17.9900,91,539,15,93,130,53,73,227,510,696
SZ,002331,2017-01-03 09:47:21,17.9500,5,71760.0000,40,B,17.9100,17.9000,17.8900,17.8800,17.8700,17.9500,17.9600,17.9700,17.9800,17.9900,81,40,15,93,130,25,73,227,510,696
SZ,002331,2017-01-03 09:47:24,17.9500,5,46672.0000,26,B,17.9500,17.9100,17.9000,17.8900,17.8800,17.9600,17.9700,17.9800,17.9900,18.0000,27,88,40,15,93,73,250,510,696,982
SZ,002331,2017-01-03 09:47:27,17.9500,2,48464.0000,27,S,17.9100,17.9000,17.8900,17.8800,17.8700,17.9500,17.9600,17.9700,17.9800,17.9900,88,40,15,93,130,10,73,250,510,696
SZ,002331,2017-01-03 09:47:33,17.9500,3,28720.0000,16,B,17.9100,17.9000,17.8900,17.8800,17.8700,17.9500,17.9600,17.9700,17.9800,17.9900,51,50,15,112,130,4,73,357,510,696
SZ,002331,2017-01-03 09:47:36,17.9200,5,60968.0000,34,S,17.9200,17.9100,17.9000,17.8900,17.8800,17.9600,17.9700,17.9800,17.9900,18.0000,3,51,50,15,112,73,357,510,696,982
SZ,002331,2017-01-03 09:47:42,17.9600,2,19756.0000,11,B,17.9200,17.9100,17.9000,17.8900,17.8800,17.9600,17.9700,17.9800,17.9900,18.0000,7,51,50,15,112,67,357,510,701,992
SZ,002331,2017-01-03 09:47:48,17.9500,1,35900.0000,20,S,17.9300,17.9200,17.9100,17.9000,17.8900,17.9600,17.9700,17.9800,17.9900,18.0000,25,10,51,50,15,110,357,510,701,997
SZ,002331,2017-01-03 09:47:51,17.9300,3,14352.0000,8,S,17.9500,17.9300,17.9200,17.9100,17.9000,17.9600,17.9700,17.9800,17.9900,18.0000,12,20,10,51,50,117,357,510,701,997
SZ,002331,2017-01-03 09:47:54,17.9500,3,18312.0000,10,S,17.9500,17.9300,17.9200,17.9100,17.9000,17.9600,17.9700,17.9800,17.9900,18.0000,1,85,10,51,55,117,325,510,701,997
SZ,002331,2017-01-03 09:47:57,17.9300,3,28360.0000,16,S,17.9300,17.9200,17.9100,17.9000,17.8900,17.9500,17.9600,17.9700,17.9800,17.9900,80,40,51,61,15,2,108,318,631,721
SZ,002331,2017-01-03 09:48:03,17.9500,6,48456.0000,27,B,17.9300,17.9200,17.9100,17.9000,17.8900,17.9500,17.9600,17.9700,17.9800,17.9900,76,40,81,61,15,50,108,318,631,721
SZ,002331,2017-01-03 09:48:06,17.9500,1,16152.0000,9,B,17.9300,17.9200,17.9100,17.9000,17.8900,17.9500,17.9600,17.9700,17.9800,17.9900,86,90,81,61,15,51,108,318,631,721
SZ,002331,2017-01-03 09:48:09,17.9500,6,97292.0000,54,B,17.9500,17.9400,17.9300,17.9200,17.9100,17.9600,17.9700,17.9800,17.9900,18.0000,10,100,86,90,81,120,318,631,721,1000
SZ,002331,2017-01-03 09:48:12,17.9400,4,39484.0000,22,S,17.9400,17.9300,17.9200,17.9100,17.9000,17.9500,17.9600,17.9700,17.9800,17.9900,93,86,90,81,66,35,120,328,631,721
SZ,002331,2017-01-03 09:48:15,17.9500,1,3588.0000,2,B,17.9400,17.9300,17.9200,17.9100,17.9000,17.9500,17.9600,17.9700,17.9800,17.9900,93,86,90,81,70,33,120,328,631,721
SZ,002331,2017-01-03 09:48:18,17.9400,3,177252.0000,99,S,17.9300,17.9200,17.9100,17.9000,17.8900,17.9400,17.9500,17.9600,17.9700,17.9800,86,90,81,70,15,110,28,120,328,510
SZ,002331,2017-01-03 09:48:24,17.9300,5,44840.0000,25,S,17.9300,17.9200,17.9100,17.9000,17.8900,17.9400,17.9500,17.9600,17.9700,17.9800,73,90,81,70,15,98,42,130,308,510
SZ,002331,2017-01-03 09:48:27,17.9300,4,212044.0000,118,S,17.9300,17.9200,17.9100,17.9000,17.8900,17.9500,17.9600,17.9700,17.9800,17.9900,68,90,81,70,15,42,130,308,510,721
SZ,002331,2017-01-03 09:48:30,17.9300,1,89652.0000,50,S,17.9400,17.9300,17.9200,17.9100,17.9000,17.9500,17.9600,17.9700,17.9800,17.9900,2,18,90,81,70,42,130,308,510,721
SZ,002331,2017-01-03 09:48:33,17.9300,3,37296.0000,21,S,17.9200,17.9100,17.9000,17.8900,17.8800,17.9300,17.9500,17.9600,17.9700,17.9800,90,81,70,15,497,19,42,102,308,510
SZ,002331,2017-01-03 09:48:36,17.9500,2,35860.0000,20,B,17.9200,17.9100,17.9000,17.8900,17.8800,17.9300,17.9500,17.9600,17.9700,17.9800,90,81,70,15,497,21,41,102,329,510
SZ,002331,2017-01-03 09:48:39,17.9300,1,5380.0000,3,B,17.9200,17.9100,17.9000,17.8900,17.8800,17.9300,17.9500,17.9600,17.9700,17.9800,90,81,70,15,497,26,46,102,231,514
SZ,002331,2017-01-03 09:48:42,17.9300,2,35860.0000,20,B,17.9200,17.9100,17.9000,17.8900,17.8800,17.9300,17.9500,17.9600,17.9700,17.9800,90,81,70,21,497,6,46,102,231,514
SZ,002331,2017-01-03 09:48:48,17.9200,6,93184.0000,52,S,17.9200,17.9100,17.9000,17.8900,17.8800,17.9300,17.9400,17.9500,17.9600,17.9700,38,81,70,71,497,11,6,57,90,231
SZ,002331,2017-01-03 09:48:51,17.9300,1,1792.0000,1,B,17.9200,17.9100,17.9000,17.8900,17.8800,17.9300,17.9400,17.9500,17.9600,17.9700,38,81,70,71,497,15,6,57,90,231
SZ,002331,2017-01-03 09:48:54,17.9300,1,3588.0000,2,B,17.9200,17.9100,17.9000,17.8900,17.8800,17.9300,17.9400,17.9500,17.9600,17.9700,38,81,70,71,497,15,6,57,90,231
SZ,002331,2017-01-03 09:48:57,17.9200,1,5376.0000,3,S,17.9200,17.9100,17.9000,17.8900,17.8800,17.9300,17.9400,17.9500,17.9600,17.9700,35,81,70,71,497,113,6,57,90,237
SZ,002331,2017-01-03 09:49:03,17.9100,10,148780.0000,83,S,17.9100,17.9000,17.8900,17.8800,17.8700,17.9300,17.9400,17.9500,17.9600,17.9700,79,70,71,497,133,122,6,74,90,237
SZ,002331,2017-01-03 09:49:06,17.9200,1,3584.0000,2,B,17.9100,17.9000,17.8900,17.8800,17.8700,17.9200,17.9300,17.9400,17.9500,17.9600,79,70,71,500,133,39,122,6,74,90
SZ,002331,2017-01-03 09:49:12,17.9100,1,3580.0000,2,S,17.9100,17.9000,17.8900,17.8800,17.8700,17.9200,17.9300,17.9400,17.9500,17.9600,75,70,80,500,133,40,137,6,77,80
SZ,002331,2017-01-03 09:49:15,17.9200,1,3584.0000,2,B,17.9100,17.9000,17.8900,17.8800,17.8700,17.9200,17.9300,17.9400,17.9500,17.9600,75,70,80,500,133,48,87,6,77,80
SZ,002331,2017-01-03 09:49:18,17.9100,1,1792.0000,1,S,17.9100,17.9000,17.8900,17.8800,17.8700,17.9200,17.9300,17.9400,17.9500,17.9600,74,70,80,500,133,47,87,6,77,80
SZ,002331,2017-01-03 09:49:24,17.9100,4,84176.0000,47,S,17.9100,17.9000,17.8900,17.8800,17.8700,17.9200,17.9300,17.9400,17.9500,17.9600,27,70,100,500,133,99,87,6,77,80
SZ,002331,2017-01-03 09:49:27,17.9200,3,37624.0000,21,B,17.9100,17.9000,17.8900,17.8800,17.8700,17.9200,17.9300,17.9400,17.9500,17.9600,23,70,100,500,133,87,87,6,77,80
SZ,002331,2017-01-03 09:49:30,17.9100,4,59104.0000,33,S,17.9000,17.8900,17.8800,17.8700,17.8600,17.9100,17.9200,17.9300,17.9400,17.9500,70,100,495,133,50,117,97,87,6,77
SZ,002331,2017-01-03 09:49:33,17.9000,4,213096.0000,119,S,17.9000,17.8900,17.8800,17.8700,17.8600,17.9100,17.9200,17.9300,17.9400,17.9500,41,100,495,133,50,53,216,87,6,77
SZ,002331,2017-01-03 09:49:36,17.9100,8,111044.0000,62,B,17.9000,17.8900,17.8800,17.8700,17.8600,17.9100,17.9200,17.9300,17.9400,17.9500,41,100,495,133,50,11,216,87,6,77
SZ,002331,2017-01-03 09:49:39,17.9000,3,17900.0000,10,S,17.9000,17.8900,17.8800,17.8700,17.8600,17.9100,17.9200,17.9300,17.9400,17.9500,26,113,495,133,50,14,216,87,6,77
SZ,002331,2017-01-03 09:49:42,17.9100,4,26864.0000,15,B,17.9100,17.9000,17.8900,17.8800,17.8700,17.9200,17.9300,17.9500,17.9600,17.9700,12,25,113,495,133,212,87,77,276,231
SZ,002331,2017-01-03 09:49:48,17.9200,4,59132.0000,33,B,17.9100,17.9000,17.8900,17.8800,17.8700,17.9200,17.9300,17.9500,17.9600,17.9700,10,25,113,495,133,182,87,100,276,231
SZ,002331,2017-01-03 09:49:51,17.9100,2,17912.0000,10,S,17.9100,17.9000,17.8900,17.8800,17.8700,17.9200,17.9300,17.9500,17.9600,17.9700,5,26,113,495,133,182,87,100,276,231
SZ,002331,2017-01-03 09:49:54,17.9100,1,8956.0000,5,S,17.9000,17.8900,17.8800,17.8700,17.8600,17.9100,17.9200,17.9300,17.9500,17.9600,89,113,495,133,50,186,182,87,90,276
SZ,002331,2017-01-03 09:49:57,17.9100,1,17908.0000,10,B,17.9000,17.8900,17.8800,17.8700,17.8600,17.9100,17.9200,17.9300,17.9500,17.9600,100,113,495,133,50,184,182,87,90,276
SZ,002331,2017-01-03 09:50:00,17.9000,2,154020.0000,86,S,17.9000,17.8900,17.8800,17.8700,17.8600,17.9100,17.9200,17.9300,17.9500,17.9600,94,113,495,133,50,121,182,87,90,276
SZ,002331,2017-01-03 09:50:03,17.9100,4,44764.0000,25,B,17.9000,17.8900,17.8800,17.8700,17.8600,17.9100,17.9200,17.9300,17.9500,17.9600,83,113,495,133,50,107,182,87,90,276
SZ,002331,2017-01-03 09:50:06,17.8800,27,1067564.0000,597,S,17.8800,17.8700,17.8600,17.8500,17.8400,17.9200,17.9300,17.9500,17.9600,17.9700,282,133,50,44,2,194,87,120,276,231
SZ,002331,2017-01-03 09:50:09,17.9000,1,5368.0000,3,B,17.8800,17.8700,17.8600,17.8500,17.8400,17.9000,17.9200,17.9300,17.9500,17.9600,282,133,50,44,2,31,194,87,120,276
SZ,002331,2017-01-03 09:50:12,17.9000,1,55492.0000,31,B,17.9000,17.8800,17.8700,17.8600,17.8500,17.9200,17.9300,17.9500,17.9600,17.9700,19,282,133,50,49,194,87,120,276,131
SZ,002331,2017-01-03 09:50:15,17.9200,4,28660.0000,16,B,17.9100,17.9000,17.8800,17.8700,17.8600,17.9200,17.9300,17.9500,17.9600,17.9700,1,13,282,133,50,184,87,120,276,131
SZ,002331,2017-01-03 09:50:18,17.9000,2,25060.0000,14,S,17.8900,17.8800,17.8700,17.8600,17.8500,17.9000,17.9200,17.9300,17.9500,17.9600,14,282,133,50,49,51,184,87,125,276
SZ,002331,2017-01-03 09:50:21,17.9000,1,8952.0000,5,B,17.8900,17.8800,17.8700,17.8600,17.8500,17.9000,17.9200,17.9300,17.9500,17.9600,14,282,133,50,49,69,184,110,125,276
SZ,002331,2017-01-03 09:50:24,17.9000,4,93080.0000,52,B,17.8900,17.8800,17.8700,17.8600,17.8500,17.9000,17.9200,17.9300,17.9500,17.9600,14,282,133,50,49,17,184,110,125,276
SZ,002331,2017-01-03 09:50:27,17.9000,2,30428.0000,17,B,17.9000,17.8900,17.8800,17.8700,17.8600,17.9200,17.9300,17.9500,17.9600,17.9700,7,14,282,133,50,184,110,125,276,141
SZ,002331,2017-01-03 09:50:30,17.9000,3,25060.0000,14,S,17.9000,17.8900,17.8800,17.8700,17.8600,17.9200,17.9300,17.9500,17.9600,17.9700,23,14,282,133,50,184,110,125,276,141
SZ,002331,2017-01-03 09:50:33,17.9000,1,17900.0000,10,S,17.9000,17.8900,17.8800,17.8700,17.8600,17.9200,17.9300,17.9500,17.9600,17.9700,196,14,282,133,50,184,110,125,276,141
SZ,002331,2017-01-03 09:50:36,17.9000,4,350840.0000,196,S,17.8900,17.8800,17.8700,17.8600,17.8500,17.9000,17.9100,17.9200,17.9300,17.9500,14,282,133,50,49,19,10,184,110,125
SZ,002331,2017-01-03 09:50:42,17.9000,3,44732.0000,25,B,17.8900,17.8800,17.8700,17.8600,17.8500,17.9000,17.9100,17.9200,17.9300,17.9500,148,282,133,50,49,14,39,184,110,115
SZ,002331,2017-01-03 09:50:45,17.9000,3,25060.0000,14,B,17.8900,17.8800,17.8700,17.8600,17.8500,17.9100,17.9200,17.9300,17.9500,17.9600,148,282,133,50,49,39,184,110,115,276
SZ,002331,2017-01-03 09:50:48,17.9000,3,25064.0000,14,B,17.8900,17.8800,17.8700,17.8600,17.8500,17.9100,17.9200,17.9300,17.9500,17.9600,147,282,133,50,49,31,184,110,115,276
SZ,002331,2017-01-03 09:50:51,17.9000,4,94920.0000,53,B,17.8900,17.8800,17.8700,17.8600,17.8500,17.9000,17.9100,17.9200,17.9300,17.9500,147,282,133,50,49,2,60,184,110,115
SZ,002331,2017-01-03 09:50:54,17.9000,3,23272.0000,13,B,17.9000,17.8900,17.8800,17.8700,17.8600,17.9100,17.9200,17.9300,17.9500,17.9600,188,146,313,133,50,65,184,110,115,276
SZ,002331,2017-01-03 09:50:57,17.9000,1,7160.0000,4,S,17.9000,17.8900,17.8800,17.8700,17.8600,17.9100,17.9200,17.9300,17.9500,17.9600,184,146,313,133,50,65,184,110,135,276
SZ,002331,2017-01-03 09:51:03,17.9000,2,71600.0000,40,S,17.9000,17.8900,17.8800,17.8700,17.8600,17.9100,17.9200,17.9300,17.9500,17.9600,341,146,313,133,50,45,184,110,135,276
SZ,002331,2017-01-03 09:51:06,17.9000,2,55488.0000,31,S,17.9000,17.8900,17.8800,17.8700,17.8600,17.9100,17.9200,17.9300,17.9500,17.9600,310,146,313,133,50,45,184,110,135,276
SZ,002331,2017-01-03 09:51:12,17.9100,5,73432.0000,41,B,17.9000,17.8900,17.8800,17.8700,17.8600,17.9100,17.9200,17.9300,17.9500,17.9600,310,146,313,133,50,4,184,110,135,276
SZ,002331,2017-01-03 09:51:18,17.9000,2,37592.0000,21,S,17.9000,17.8900,17.8800,17.8700,17.8600,17.9100,17.9200,17.9300,17.9500,17.9600,297,146,313,133,50,33,184,110,135,276
SZ,002331,2017-01-03 09:51:21,17.9100,3,55520.0000,31,B,17.9000,17.8900,17.8800,17.8700,17.8600,17.9100,17.9200,17.9300,17.9500,17.9600,297,146,313,133,50,3,184,90,135,276
SZ,002331,2017-01-03 09:51:24,17.9000,1,76968.0000,43,S,17.9000,17.8900,17.8800,17.8700,17.8600,17.9100,17.9200,17.9300,17.9500,17.9600,254,146,313,133,50,9,185,90,135,276
SZ,002331,2017-01-03 09:51:27,17.9100,2,16480.0000,9,B,17.9100,17.9000,17.8900,17.8800,17.8700,17.9200,17.9300,17.9500,17.9600,17.9700,0,254,146,313,133,185,90,135,276,141
SZ,002331,2017-01-03 09:51:30,17.9100,4,110988.0000,62,S,17.9100,17.9000,17.8900,17.8800,17.8700,17.9200,17.9300,17.9500,17.9600,17.9700,90,207,146,313,133,185,90,135,276,141
SZ,002331,2017-01-03 09:51:36,17.9200,1,30464.0000,17,B,17.9100,17.9000,17.8900,17.8800,17.8700,17.9200,17.9300,17.9500,17.9600,17.9700,90,208,146,315,133,168,90,135,276,141
SZ,002331,2017-01-03 09:51:39,17.9100,1,10748.0000,6,S,17.9100,17.9000,17.8900,17.8800,17.8700,17.9200,17.9300,17.9500,17.9600,17.9700,84,208,146,315,133,168,90,135,276,141
SZ,002331,2017-01-03 09:51:42,17.9100,2,3580.0000,2,S,17.9100,17.9000,17.8900,17.8800,17.8700,17.9200,17.9300,17.9500,17.9600,17.9700,82,208,146,354,133,168,90,135,276,141
SZ,002331,2017-01-03 09:51:45,17.9200,3,77016.0000,43,B,17.9100,17.9000,17.8900,17.8800,17.8700,17.9200,17.9300,17.9500,17.9600,17.9700,48,208,146,354,133,165,90,135,286,141
SZ,002331,2017-01-03 09:51:48,17.9200,1,39424.0000,22,B,17.9100,17.9000,17.8900,17.8800,17.8700,17.9200,17.9300,17.9500,17.9600,17.9700,68,208,146,354,133,151,90,135,286,141
SZ,002331,2017-01-03 09:52:03,17.9200,3,21500.0000,12,B,17.9100,17.9000,17.8900,17.8800,17.8700,17.9200,17.9300,17.9500,17.9600,17.9700,83,208,146,354,133,144,90,135,286,141
SZ,002331,2017-01-03 09:52:06,17.9200,2,8960.0000,5,B,17.9100,17.9000,17.8900,17.8800,17.8700,17.9200,17.9300,17.9500,17.9600,17.9700,83,208,149,354,133,139,105,135,286,141
SZ,002331,2017-01-03 09:52:09,17.9100,4,148652.0000,83,S,17.9000,17.8900,17.8800,17.8700,17.8600,17.9100,17.9200,17.9300,17.9500,17.9600,208,149,354,133,50,17,139,105,135,286
SZ,002331,2017-01-03 09:52:12,17.9000,1,1792.0000,1,S,17.9000,17.8900,17.8800,17.8700,17.8600,17.9100,17.9200,17.9300,17.9500,17.9600,207,149,354,133,50,17,139,105,135,286
SZ,002331,2017-01-03 09:52:18,17.9100,2,30444.0000,17,B,17.9100,17.9000,17.8900,17.8800,17.8700,17.9200,17.9300,17.9500,17.9600,17.9700,2,207,149,354,133,144,105,135,165,141
SZ,002331,2017-01-03 09:52:21,17.9100,1,3584.0000,2,S,17.9000,17.8900,17.8800,17.8700,17.8600,17.9100,17.9200,17.9300,17.9500,17.9600,207,149,354,133,50,18,144,105,135,165
SZ,002331,2017-01-03 09:52:24,17.9100,3,59104.0000,33,B,17.9000,17.8900,17.8800,17.8700,17.8600,17.9100,17.9200,17.9300,17.9500,17.9600,207,149,354,133,50,106,144,105,135,165
SZ,002331,2017-01-03 09:52:27,17.9000,1,1788.0000,1,S,17.9000,17.8900,17.8800,17.8700,17.8600,17.9100,17.9200,17.9300,17.9500,17.9600,206,149,380,133,50,106,154,105,135,165
SZ,002331,2017-01-03 09:52:39,17.9000,4,107404.0000,60,S,17.9000,17.8900,17.8800,17.8700,17.8600,17.9100,17.9200,17.9300,17.9400,17.9500,148,149,380,143,50,241,148,105,15,135
SZ,002331,2017-01-03 09:52:42,17.9000,6,187972.0000,105,S,17.9000,17.8900,17.8800,17.8700,17.8600,17.9100,17.9200,17.9300,17.9400,17.9500,66,149,380,143,50,218,148,105,15,135
SZ,002331,2017-01-03 09:52:45,17.9000,1,51712.0000,29,S,17.9000,17.8900,17.8800,17.8700,17.8600,17.9100,17.9200,17.9300,17.9400,17.9500,37,149,380,143,50,218,148,105,15,136
SZ,002331,2017-01-03 09:52:48,17.9000,3,25072.0000,14,S,17.9000,17.8900,17.8800,17.8700,17.8600,17.9100,17.9200,17.9300,17.9400,17.9500,33,149,380,143,50,208,148,105,15,136
SZ,002331,2017-01-03 09:52:54,17.9000,9,71436.0000,40,S,17.8900,17.8800,17.8700,17.8600,17.8500,17.9000,17.9100,17.9200,17.9300,17.9400,149,380,143,50,14,66,217,148,105,15
SZ,002331,2017-01-03 09:53:00,17.9000,1,107400.0000,60,B,17.8900,17.8800,17.8700,17.8600,17.8500,17.9000,17.9100,17.9200,17.9300,17.9400,149,380,203,50,23,61,217,148,105,15
SZ,002331,2017-01-03 09:53:03,17.8900,1,17892.0000,10,S,17.8900,17.8800,17.8700,17.8600,17.8500,17.9000,17.9100,17.9200,17.9300,17.9400,139,380,203,50,23,177,217,148,105,15
SZ,002331,2017-01-03 09:53:06,17.9000,2,28640.0000,16,B,17.8900,17.8800,17.8700,17.8600,17.8500,17.9000,17.9100,17.9200,17.9300,17.9400,139,380,203,150,23,161,217,148,105,15
SZ,002331,2017-01-03 09:53:12,17.8900,1,3580.0000,2,S,17.8900,17.8800,17.8700,17.8600,17.8500,17.9000,17.9100,17.9200,17.9300,17.9400,137,380,143,153,23,161,217,148,105,15
SZ,002331,2017-01-03 09:53:15,17.8900,2,198576.0000,111,S,17.8900,17.8800,17.8700,17.8600,17.8500,17.9000,17.9100,17.9200,17.9300,17.9400,36,380,143,153,23,161,217,148,82,15
SZ,002331,2017-01-03 09:53:18,17.8900,3,53672.0000,30,S,17.8900,17.8800,17.8700,17.8600,17.8500,17.9000,17.9100,17.9200,17.9300,17.9400,6,380,143,153,23,164,217,156,82,15
SZ,002331,2017-01-03 09:53:24,17.8900,1,10732.0000,6,S,17.8800,17.8700,17.8600,17.8500,17.8400,17.8900,17.9000,17.9100,17.9200,17.9300,380,143,153,23,2,184,148,192,156,82
SZ,002331,2017-01-03 09:53:27,17.8900,3,30404.0000,17,B,17.8800,17.8700,17.8600,17.8500,17.8400,17.8900,17.9000,17.9100,17.9200,17.9300,372,143,153,23,2,195,148,192,156,82
SZ,002331,2017-01-03 09:53:30,17.8800,2,379056.0000,212,S,17.8800,17.8700,17.8600,17.8500,17.8400,17.8900,17.9000,17.9100,17.9200,17.9300,160,143,153,23,2,195,171,192,156,82
SZ,002331,2017-01-03 09:53:36,17.8800,5,141296.0000,79,S,17.8800,17.8700,17.8600,17.8500,17.8400,17.8900,17.9000,17.9100,17.9200,17.9300,124,143,153,23,2,128,171,192,156,82
SZ,002331,2017-01-03 09:53:39,17.8800,1,8940.0000,5,S,17.8800,17.8700,17.8600,17.8500,17.8400,17.8900,17.9000,17.9100,17.9200,17.9300,119,143,150,23,2,128,171,192,156,82
SZ,002331,2017-01-03 09:53:42,17.8800,3,42912.0000,24,S,17.8800,17.8700,17.8600,17.8500,17.8400,17.8900,17.9000,17.9100,17.9200,17.9300,95,143,150,23,2,128,171,192,156,84
SZ,002331,2017-01-03 09:53:45,17.8400,24,974684.0000,545,S,17.8300,17.8200,17.8100,17.8000,17.7900,17.8400,17.8600,17.8900,17.9000,17.9100,79,60,97,312,363,175,388,98,183,192
SZ,002331,2017-01-03 09:53:51,17.8300,6,131944.0000,74,S,17.8300,17.8200,17.8100,17.8000,17.7900,17.8400,17.8600,17.8800,17.8900,17.9000,5,60,97,312,363,175,388,57,78,183
SZ,002331,2017-01-03 09:53:54,17.8400,1,1784.0000,1,B,17.8300,17.8200,17.8100,17.8000,17.7900,17.8400,17.8600,17.8800,17.8900,17.9000,5,60,97,312,363,174,388,64,78,183
SZ,002331,2017-01-03 09:53:57,17.8300,3,8916.0000,5,S,17.8200,17.8100,17.8000,17.7900,17.7800,17.8300,17.8400,17.8600,17.8800,17.8900,60,97,312,363,53,1,174,388,64,78
SZ,002331,2017-01-03 09:54:00,17.8200,1,28512.0000,16,S,17.8200,17.8100,17.8000,17.7900,17.7800,17.8300,17.8400,17.8600,17.8800,17.8900,44,97,319,363,53,1,174,388,54,73
SZ,002331,2017-01-03 09:54:06,17.8200,6,78428.0000,44,S,17.8300,17.8200,17.8100,17.8000,17.7900,17.8400,17.8500,17.8600,17.8800,17.8900,10,30,146,319,363,174,24,388,13,73
SZ,002331,2017-01-03 09:54:09,17.8300,2,10696.0000,6,S,17.8300,17.8200,17.8100,17.8000,17.7900,17.8400,17.8500,17.8600,17.8800,17.8900,20,30,156,319,373,174,24,388,13,73
SZ,002331,2017-01-03 09:54:12,17.8300,2,16048.0000,9,S,17.8300,17.8200,17.8100,17.8000,17.7900,17.8400,17.8500,17.8600,17.8800,17.8900,11,60,156,319,373,174,24,388,13,14
SZ,002331,2017-01-03 09:54:15,17.8300,2,19612.0000,11,S,17.8200,17.8100,17.8000,17.7900,17.7800,17.8300,17.8400,17.8500,17.8600,17.8800,80,156,319,373,53,228,174,24,388,13
SZ,002331,2017-01-03 09:54:18,17.8300,1,89152.0000,50,B,17.8200,17.8100,17.8000,17.7900,17.7800,17.8300,17.8400,17.8500,17.8600,17.8800,80,156,321,373,53,180,174,24,388,13
SZ,002331,2017-01-03 09:54:21,17.8100,9,237016.0000,133,S,17.8100,17.8000,17.7900,17.7800,17.7700,17.8200,17.8300,17.8400,17.8500,17.8600,136,322,373,53,16,1,156,174,24,388
SZ,002331,2017-01-03 09:54:24,17.8200,2,5344.0000,3,B,17.8100,17.8000,17.7900,17.7800,17.7700,17.8200,17.8300,17.8500,17.8600,17.8800,136,322,373,53,16,1,156,24,388,11
SZ,002331,2017-01-03 09:54:27,17.8100,1,21372.0000,12,S,17.8100,17.8000,17.7900,17.7800,17.7700,17.8200,17.8300,17.8500,17.8600,17.8800,124,322,373,53,16,1,156,24,388,11
SZ,002331,2017-01-03 09:54:30,17.8100,10,151384.0000,85,S,17.8100,17.8000,17.7900,17.7800,17.7700,17.8200,17.8300,17.8500,17.8600,17.8800,39,322,373,53,16,2,151,24,388,11
SZ,002331,2017-01-03 09:54:33,17.8000,13,309760.0000,174,S,17.8000,17.7900,17.7800,17.7700,17.7600,17.8100,17.8200,17.8300,17.8500,17.8600,187,373,53,16,25,50,2,128,24,388
SZ,002331,2017-01-03 09:54:36,17.8000,1,71200.0000,40,S,17.8000,17.7900,17.7800,17.7700,17.7600,17.8100,17.8200,17.8300,17.8500,17.8600,147,373,53,16,25,52,2,8,24,388
SZ,002331,2017-01-03 09:54:39,17.8100,2,78352.0000,44,B,17.8000,17.7900,17.7800,17.7700,17.7600,17.8100,17.8200,17.8300,17.8500,17.8600,133,373,53,16,25,22,2,36,24,388
SZ,002331,2017-01-03 09:54:42,17.8100,6,119268.0000,67,B,17.8000,17.7900,17.7800,17.7700,17.7600,17.8100,17.8200,17.8300,17.8500,17.8600,76,373,53,16,25,11,2,36,34,388
SZ,002331,2017-01-03 09:54:45,17.8000,3,28480.0000,16,S,17.8000,17.7900,17.7800,17.7700,17.7600,17.8100,17.8200,17.8300,17.8500,17.8600,60,373,53,16,25,15,2,36,105,388
SZ,002331,2017-01-03 09:54:48,17.8000,15,153108.0000,86,S,17.7900,17.7800,17.7700,17.7600,17.7500,17.8000,17.8200,17.8300,17.8500,17.8600,373,53,16,25,177,4,2,36,105,388
SZ,002331,2017-01-03 09:54:51,17.8000,2,12452.0000,7,B,17.7900,17.7800,17.7700,17.7600,17.7500,17.8000,17.8200,17.8300,17.8500,17.8600,367,53,6,25,177,18,6,36,105,388
SZ,002331,2017-01-03 09:54:54,17.8000,5,21360.0000,12,B,17.7900,17.7800,17.7700,17.7600,17.7500,17.8000,17.8200,17.8300,17.8500,17.8600,367,53,6,25,177,8,6,59,105,388
SZ,002331,2017-01-03 09:54:57,17.7900,2,32020.0000,18,S,17.7900,17.7800,17.7700,17.7600,17.7500,17.8000,17.8200,17.8300,17.8500,17.8600,349,53,6,25,177,130,6,59,105,388
SZ,002331,2017-01-03 09:55:00,17.7900,1,3560.0000,2,S,17.7900,17.7800,17.7700,17.7600,17.7500,17.8000,17.8200,17.8300,17.8500,17.8600,347,53,6,25,177,130,6,59,105,388
SZ,002331,2017-01-03 09:55:03,17.8000,6,211716.0000,119,B,17.7900,17.7800,17.7700,17.7600,17.7500,17.8000,17.8200,17.8300,17.8500,17.8600,273,53,6,25,177,115,6,59,105,388
SZ,002331,2017-01-03 09:55:06,17.7900,4,108520.0000,61,S,17.7900,17.7800,17.7700,17.7600,17.7500,17.8000,17.8200,17.8300,17.8500,17.8600,213,53,6,25,177,114,6,59,105,388
SZ,002331,2017-01-03 09:55:09,17.8000,3,76536.0000,43,B,17.7900,17.7800,17.7700,17.7600,17.7500,17.8000,17.8200,17.8300,17.8400,17.8500,220,63,6,25,177,74,6,59,209,105
SZ,002331,2017-01-03 09:55:12,17.8100,3,370124.0000,208,B,17.8100,17.7900,17.7800,17.7700,17.7600,17.8200,17.8300,17.8400,17.8500,17.8600,117,101,63,6,25,6,59,209,105,388
SZ,002331,2017-01-03 09:55:15,17.8100,2,28496.0000,16,S,17.8100,17.8000,17.7900,17.7800,17.7700,17.8200,17.8300,17.8400,17.8500,17.8600,101,15,101,63,6,6,59,209,81,388
SZ,002331,2017-01-03 09:55:18,17.8100,2,7124.0000,4,S,17.8100,17.8000,17.7900,17.7800,17.7700,17.8200,17.8300,17.8400,17.8500,17.8600,107,16,101,63,6,6,59,216,81,388
SZ,002331,2017-01-03 09:55:21,17.8100,2,35620.0000,20,S,17.8100,17.8000,17.7900,17.7800,17.7700,17.8200,17.8300,17.8400,17.8500,17.8600,87,16,101,63,56,6,59,216,81,388
SZ,002331,2017-01-03 09:55:24,17.7900,17,370224.0000,208,S,17.7800,17.7700,17.7600,17.7500,17.7400,17.7900,17.8200,17.8300,17.8400,17.8500,63,56,25,177,30,43,5,115,216,81
SZ,002331,2017-01-03 09:55:27,17.7900,2,40920.0000,23,B,17.7800,17.7700,17.7600,17.7500,17.7400,17.7900,17.8100,17.8200,17.8300,17.8400,63,56,25,177,30,121,14,5,115,216
SZ,002331,2017-01-03 09:55:30,17.7900,11,231132.0000,130,B,17.7700,17.7600,17.7500,17.7400,17.7300,17.7900,17.8100,17.8200,17.8300,17.8400,40,25,177,30,15,91,14,29,115,216
SZ,002331,2017-01-03 09:55:33,17.7800,1,8892.0000,5,S,17.7700,17.7600,17.7500,17.7400,17.7300,17.7800,17.7900,17.8100,17.8200,17.8300,40,25,177,30,15,20,91,18,29,115
SZ,002331,2017-01-03 09:55:36,17.7900,17,547700.0000,308,B,17.7500,17.7400,17.7300,17.7200,17.7100,17.7700,17.8100,17.8200,17.8300,17.8400,142,30,15,33,83,28,28,39,115,216
SZ,002331,2017-01-03 09:55:39,17.7700,1,49756.0000,28,B,17.7800,17.7600,17.7500,17.7400,17.7300,17.8100,17.8200,17.8300,17.8400,17.8500,2,50,146,30,15,28,39,115,216,17
SZ,002331,2017-01-03 09:55:42,17.7800,2,5336.0000,3,S,17.7800,17.7600,17.7500,17.7400,17.7300,17.8000,17.8100,17.8200,17.8300,17.8400,39,50,146,30,15,13,28,39,115,216
SZ,002331,2017-01-03 09:55:45,17.7700,6,92432.0000,52,S,17.7700,17.7600,17.7500,17.7400,17.7300,17.7800,17.8000,17.8100,17.8200,17.8300,16,41,146,30,15,10,13,14,39,115
SZ,002331,2017-01-03 09:55:48,17.7800,1,17780.0000,10,B,17.7800,17.7700,17.7600,17.7500,17.7400,17.8000,17.8100,17.8200,17.8300,17.8400,10,16,141,146,30,13,14,39,115,216
SZ,002331,2017-01-03 09:55:51,17.7700,4,39108.0000,22,S,17.7700,17.7600,17.7500,17.7400,17.7300,17.8000,17.8100,17.8200,17.8300,17.8400,9,141,146,30,15,13,19,39,115,216
SZ,002331,2017-01-03 09:56:00,17.8000,8,90708.0000,51,B,17.7700,17.7600,17.7500,17.7400,17.7300,17.8000,17.8100,17.8200,17.8300,17.8400,2,141,146,30,15,41,141,39,59,216
SZ,002331,2017-01-03 09:56:03,17.7700,2,7108.0000,4,S,17.7700,17.7600,17.7500,17.7400,17.7300,17.8000,17.8100,17.8200,17.8300,17.8400,2,141,146,30,15,142,141,39,36,216
SZ,002331,2017-01-03 09:56:06,17.8000,4,108576.0000,61,B,17.7800,17.7700,17.7600,17.7500,17.7400,17.8000,17.8100,17.8200,17.8300,17.8400,5,1,141,146,30,82,141,39,36,216
SZ,002331,2017-01-03 09:56:12,17.7900,3,39152.0000,22,S,17.7900,17.7800,17.7700,17.7600,17.7500,17.8000,17.8100,17.8200,17.8300,17.8400,20,20,51,141,146,74,141,38,36,216
SZ,002331,2017-01-03 09:56:15,17.7800,3,46256.0000,26,S,17.7800,17.7700,17.7600,17.7500,17.7400,17.8000,17.8100,17.8200,17.8300,17.8400,19,58,141,146,30,69,141,38,36,216
SZ,002331,2017-01-03 09:56:18,17.7800,2,55180.0000,31,S,17.7800,17.7700,17.7600,17.7500,17.7400,17.7900,17.8000,17.8100,17.8200,17.8300,18,71,141,146,30,10,62,141,38,36
SZ,002331,2017-01-03 09:56:21,17.8000,5,81868.0000,46,B,17.7800,17.7700,17.7600,17.7500,17.7400,17.8000,17.8100,17.8200,17.8300,17.8400,20,71,141,244,30,26,141,38,36,216
SZ,002331,2017-01-03 09:56:24,17.7800,3,24892.0000,14,S,17.7800,17.7700,17.7600,17.7500,17.7400,17.8000,17.8100,17.8200,17.8300,17.8400,6,71,141,244,30,27,19,38,36,216
SZ,002331,2017-01-03 09:56:27,17.8000,5,74748.0000,42,B,17.8000,17.7800,17.7700,17.7600,17.7500,17.8100,17.8200,17.8300,17.8400,17.8500,1588,26,94,141,244,19,38,36,216,117
SZ,002331,2017-01-03 09:56:30,17.8000,2,3560.0000,2,S,17.8000,17.7800,17.7700,17.7600,17.7500,17.8100,17.8200,17.8300,17.8400,17.8500,1587,76,94,141,244,19,38,36,216,117
SZ,002331,2017-01-03 09:56:33,17.8000,2,33816.0000,19,S,17.8000,17.7900,17.7800,17.7700,17.7600,17.8100,17.8200,17.8300,17.8400,17.8500,1568,5,76,94,141,19,38,36,216,117
SZ,002331,2017-01-03 09:56:36,17.8000,3,32052.0000,18,S,17.8000,17.7900,17.7800,17.7700,17.7600,17.8100,17.8200,17.8300,17.8400,17.8500,1661,5,77,114,141,28,38,36,216,117
SZ,002331,2017-01-03 09:56:39,17.8100,1,5344.0000,3,B,17.8000,17.7900,17.7800,17.7700,17.7600,17.8100,17.8200,17.8300,17.8400,17.8500,1681,5,77,114,141,25,38,36,216,117
SZ,002331,2017-01-03 09:56:42,17.8100,2,17812.0000,10,B,17.8000,17.7900,17.7800,17.7700,17.7600,17.8100,17.8200,17.8300,17.8400,17.8500,1682,5,77,91,141,15,38,36,216,17
SZ,002331,2017-01-03 09:56:48,17.8100,2,53428.0000,30,B,17.8100,17.8000,17.7900,17.7800,17.7700,17.8200,17.8300,17.8400,17.8500,17.8600,77,1683,5,77,101,38,36,216,17,388
SZ,002331,2017-01-03 09:56:54,17.8200,1,7128.0000,4,B,17.8100,17.8000,17.7900,17.7800,17.7700,17.8200,17.8300,17.8400,17.8500,17.8600,83,1797,5,57,101,30,36,216,17,388
SZ,002331,2017-01-03 09:56:57,17.8100,3,89052.0000,50,S,17.8100,17.8000,17.7900,17.7800,17.7700,17.8200,17.8300,17.8400,17.8500,17.8600,54,1797,5,57,96,30,36,216,17,388
SZ,002331,2017-01-03 09:57:00,17.8200,1,8908.0000,5,B,17.8100,17.8000,17.7900,17.7800,17.7700,17.8200,17.8300,17.8400,17.8500,17.8600,108,1797,5,57,96,25,76,216,17,388
SZ,002331,2017-01-03 09:57:06,17.8200,1,1780.0000,1,B,17.8100,17.8000,17.7900,17.7800,17.7700,17.8200,17.8300,17.8400,17.8500,17.8600,124,1796,5,57,146,24,76,216,17,388
SZ,002331,2017-01-03 09:57:09,17.8200,2,26732.0000,15,B,17.8100,17.8000,17.7900,17.7800,17.7700,17.8200,17.8300,17.8400,17.8500,17.8600,124,1806,5,57,146,9,76,216,17,388
SZ,002331,2017-01-03 09:57:12,17.8200,1,1780.0000,1,B,17.8100,17.8000,17.7900,17.7800,17.7700,17.8200,17.8300,17.8400,17.8500,17.8600,124,1806,5,57,146,8,76,216,17,388
SZ,002331,2017-01-03 09:57:15,17.8200,1,14256.0000,8,B,17.8200,17.8100,17.8000,17.7900,17.7800,17.8300,17.8400,17.8500,17.8600,17.8700,5,124,1806,5,57,76,216,17,388,5
SZ,002331,2017-01-03 09:57:18,17.8200,2,5348.0000,3,S,17.8200,17.8100,17.8000,17.7900,17.7800,17.8300,17.8400,17.8500,17.8700,17.8800,12,118,1816,5,58,76,216,10,5,269
SZ,002331,2017-01-03 09:57:21,17.8300,2,17828.0000,10,B,17.8200,17.8100,17.8000,17.7900,17.7800,17.8300,17.8400,17.8500,17.8700,17.8800,12,119,1816,5,58,66,216,10,5,269
SZ,002331,2017-01-03 09:57:27,17.8200,1,1784.0000,1,S,17.8200,17.8100,17.8000,17.7900,17.7800,17.8300,17.8400,17.8500,17.8700,17.8800,21,119,1826,5,58,66,216,10,5,269
SZ,002331,2017-01-03 09:57:33,17.8300,3,119460.0000,67,B,17.8300,17.8200,17.8100,17.8000,17.7900,17.8400,17.8500,17.8700,17.8800,17.9000,33,27,119,1826,5,216,10,5,269,126
SZ,002331,2017-01-03 09:57:36,17.8300,1,5348.0000,3,S,17.8300,17.8200,17.8100,17.8000,17.7900,17.8400,17.8500,17.8700,17.8800,17.9000,60,27,119,1826,5,216,10,5,269,126
SZ,002331,2017-01-03 09:57:39,17.8200,8,155096.0000,87,S,17.8100,17.8000,17.7900,17.7800,17.7700,17.8200,17.8400,17.8500,17.8700,17.8800,119,1826,5,54,149,18,220,10,35,269
SZ,002331,2017-01-03 09:57:45,17.8200,2,32076.0000,18,B,17.8200,17.8100,17.8000,17.7900,17.7800,17.8400,17.8500,17.8700,17.8800,17.9000,2,119,1825,5,54,220,10,35,269,126
SZ,002331,2017-01-03 09:57:54,17.8300,3,71320.0000,40,B,17.8300,17.8200,17.8100,17.8000,17.7900,17.8400,17.8500,17.8700,17.8800,17.9000,236,106,119,1840,5,220,10,40,270,126
SZ,002331,2017-01-03 09:58:06,17.8300,2,17836.0000,10,S,17.8300,17.8200,17.8100,17.8000,17.7900,17.8400,17.8500,17.8700,17.8800,17.9000,233,131,127,1840,5,206,10,218,270,126
SZ,002331,2017-01-03 09:58:09,17.8300,2,53512.0000,30,S,17.8300,17.8200,17.8100,17.8000,17.7900,17.8400,17.8500,17.8700,17.8800,17.9000,223,131,127,1840,5,213,16,218,270,126
SZ,002331,2017-01-03 09:58:15,17.8400,2,24964.0000,14,B,17.8300,17.8200,17.8100,17.8000,17.7900,17.8400,17.8500,17.8600,17.8700,17.8800,211,131,127,1840,5,211,16,3,218,270
SZ,002331,2017-01-03 09:58:18,17.8400,5,418144.0000,234,B,17.8400,17.8300,17.8200,17.8100,17.8000,17.8500,17.8600,17.8700,17.8800,17.9000,94,188,131,131,1840,16,10,218,270,126
SZ,002331,2017-01-03 09:58:27,17.8500,2,23196.0000,13,B,17.8400,17.8300,17.8200,17.8100,17.8000,17.8500,17.8600,17.8700,17.8800,17.9000,84,238,131,131,1840,13,15,218,270,126
SZ,002331,2017-01-03 09:58:30,17.8500,4,92792.0000,52,B,17.8500,17.8400,17.8300,17.8200,17.8100,17.8600,17.8700,17.8800,17.9000,17.9100,22,55,243,131,131,15,218,270,126,121
SZ,002331,2017-01-03 09:58:33,17.8400,2,53540.0000,30,S,17.8400,17.8300,17.8200,17.8100,17.8000,17.8600,17.8700,17.8800,17.9000,17.9100,47,243,131,131,1840,15,218,270,126,121
SZ,002331,2017-01-03 09:58:36,17.8400,1,8920.0000,5,S,17.8400,17.8300,17.8200,17.8100,17.8000,17.8600,17.8700,17.8800,17.9000,17.9100,42,243,131,131,1840,15,218,270,126,121
SZ,002331,2017-01-03 09:58:39,17.8400,1,1784.0000,1,S,17.8400,17.8300,17.8200,17.8100,17.8000,17.8600,17.8700,17.8800,17.9000,17.9100,41,243,131,131,1840,21,218,270,96,121
SZ,002331,2017-01-03 09:58:45,17.8600,4,37508.0000,21,B,17.8400,17.8300,17.8200,17.8100,17.8000,17.8600,17.8700,17.8800,17.9000,17.9100,41,243,131,131,1840,6,218,270,96,121
SZ,002331,2017-01-03 09:58:48,17.8400,1,16056.0000,9,S,17.8400,17.8300,17.8200,17.8100,17.8000,17.8600,17.8700,17.8800,17.9000,17.9100,42,243,131,131,1840,6,218,270,96,121
SZ,002331,2017-01-03 09:58:51,17.8400,3,21424.0000,12,S,17.8400,17.8300,17.8200,17.8100,17.8000,17.8600,17.8700,17.8800,17.9000,17.9100,39,243,131,131,1840,5,218,278,96,121
SZ,002331,2017-01-03 09:58:57,17.8400,1,7136.0000,4,S,17.8400,17.8300,17.8200,17.8100,17.8000,17.8600,17.8700,17.8800,17.9000,17.9100,45,243,131,131,1840,21,218,278,96,121
SZ,002331,2017-01-03 09:59:06,17.8400,11,143852.0000,81,S,17.8300,17.8200,17.8100,17.8000,17.7900,17.8400,17.8600,17.8700,17.8800,17.9000,238,131,128,1840,5,18,10,218,278,96
SZ,002331,2017-01-03 09:59:12,17.8400,1,8920.0000,5,B,17.8300,17.8200,17.8100,17.8000,17.7900,17.8400,17.8600,17.8700,17.8800,17.8900,238,131,138,1840,5,54,10,218,278,20
SZ,002331,2017-01-03 09:59:15,17.8300,1,17828.0000,10,S,17.8300,17.8200,17.8100,17.8000,17.7900,17.8400,17.8500,17.8600,17.8700,17.8800,228,131,138,1840,5,54,5,10,218,278
SZ,002331,2017-01-03 09:59:21,17.8300,6,69560.0000,39,S,17.8300,17.8200,17.8100,17.8000,17.7900,17.8400,17.8500,17.8600,17.8700,17.8800,211,131,138,1840,5,42,5,10,218,288
SZ,002331,2017-01-03 09:59:24,17.8300,2,2140.0000,1,S,17.8300,17.8200,17.8100,17.8000,17.7900,17.8400,17.8500,17.8600,17.8700,17.8800,210,131,138,1840,5,41,5,10,219,288
SZ,002331,2017-01-03 09:59:27,17.8300,2,248196.0000,139,S,17.8300,17.8200,17.8100,17.8000,17.7900,17.8400,17.8500,17.8600,17.8700,17.8800,71,131,159,1840,5,41,5,10,219,288
SZ,002331,2017-01-03 09:59:33,17.8300,4,127664.0000,72,S,17.8200,17.8100,17.8000,17.7900,17.7800,17.8300,17.8400,17.8500,17.8600,17.8700,135,129,1850,5,54,35,41,5,20,219
SZ,002331,2017-01-03 09:59:39,17.8200,3,178200.0000,100,S,17.8200,17.8100,17.8000,17.7900,17.7800,17.8300,17.8400,17.8500,17.8600,17.8700,35,129,1850,5,54,35,45,5,20,219
SZ,002331,2017-01-03 09:59:45,17.8200,3,46328.0000,26,S,17.8200,17.8100,17.8000,17.7900,17.7800,17.8300,17.8400,17.8500,17.8600,17.8700,9,129,290,5,54,35,14,5,28,218
SZ,002331,2017-01-03 09:59:51,17.8300,5,35648.0000,20,B,17.8100,17.8000,17.7900,17.7800,17.7700,17.8300,17.8400,17.8500,17.8600,17.8700,128,290,5,54,149,57,10,5,28,258
SZ,002331,2017-01-03 09:59:57,17.8000,26,749516.0000,421,S,17.7900,17.7800,17.7700,17.7600,17.7500,17.8000,17.8200,17.8300,17.8400,17.8600,5,54,149,66,167,304,27,57,10,28
SZ,002331,2017-01-03 10:00:03,17.8000,2,8900.0000,5,B,17.7900,17.7800,17.7700,17.7600,17.7500,17.8000,17.8200,17.8300,17.8400,17.8500,15,54,392,66,167,299,27,57,10,7
SZ,002331,2017-01-03 10:00:06,17.7900,2,26684.0000,15,S,17.7800,17.7700,17.7600,17.7500,17.7400,17.8000,17.8200,17.8300,17.8400,17.8500,54,392,66,167,30,329,27,58,10,7
SZ,002331,2017-01-03 10:00:09,17.7800,3,19564.0000,11,S,17.7800,17.7700,17.7600,17.7500,17.7400,17.7900,17.8000,17.8200,17.8300,17.8400,47,392,66,167,30,15,325,27,58,10
SZ,002331,2017-01-03 10:00:12,17.7800,1,24896.0000,14,S,17.7800,17.7700,17.7600,17.7500,17.7400,17.7900,17.8000,17.8200,17.8300,17.8400,34,392,66,167,30,15,325,27,58,10
SZ,002331,2017-01-03 10:00:15,17.7700,14,195508.0000,110,S,17.7700,17.7600,17.7500,17.7400,17.7300,17.7800,17.7900,17.8000,17.8200,17.8300,322,66,167,30,15,24,17,325,10,58
SZ,002331,2017-01-03 10:00:18,17.7700,2,10660.0000,6,S,17.7700,17.7600,17.7500,17.7400,17.7300,17.7800,17.7900,17.8000,17.8200,17.8300,316,66,167,30,15,24,17,325,10,58
SZ,002331,2017-01-03 10:00:21,17.7700,1,8888.0000,5,S,17.7700,17.7600,17.7500,17.7400,17.7300,17.7800,17.7900,17.8000,17.8200,17.8300,311,66,167,30,15,43,17,325,10,58
SZ,002331,2017-01-03 10:00:24,17.7700,8,464152.0000,261,S,17.7700,17.7600,17.7500,17.7400,17.7300,17.7800,17.7900,17.8000,17.8200,17.8300,49,68,167,30,15,43,7,325,10,58
SZ,002331,2017-01-03 10:00:27,17.7600,5,195064.0000,110,S,17.7600,17.7500,17.7400,17.7300,17.7200,17.7700,17.7800,17.7900,17.8000,17.8200,18,167,30,15,142,238,43,2,325,10
SZ,002331,2017-01-03 10:00:36,17.7600,2,17760.0000,10,S,17.7600,17.7500,17.7400,17.7300,17.7200,17.7700,17.7800,17.7900,17.8000,17.8200,8,167,30,15,192,272,43,2,30,2
SZ,002331,2017-01-03 10:00:39,17.7700,5,214964.0000,121,B,17.7500,17.7400,17.7300,17.7200,17.7100,17.7600,17.7700,17.7800,17.8000,17.8200,144,30,15,192,113,18,190,43,30,2
SZ,002331,2017-01-03 10:00:45,17.7500,4,35500.0000,20,S,17.7500,17.7400,17.7300,17.7200,17.7100,17.7600,17.7700,17.7800,17.8000,17.8200,124,30,15,97,113,179,208,43,30,2
SZ,002331,2017-01-03 10:00:51,17.7600,2,7100.0000,4,B,17.7500,17.7400,17.7300,17.7200,17.7100,17.7600,17.7700,17.7800,17.8000,17.8200,122,30,36,97,113,59,208,43,30,2
SZ,002331,2017-01-03 10:00:54,17.7400,12,218324.0000,123,S,17.7400,17.7300,17.7200,17.7100,17.7000,17.7500,17.7600,17.7700,17.7800,17.8000,29,36,97,113,346,286,59,208,43,30
SZ,002331,2017-01-03 10:01:00,17.7400,1,31932.0000,18,S,17.7400,17.7300,17.7200,17.7100,17.7000,17.7500,17.7600,17.7700,17.7800,17.8000,11,36,97,113,433,486,59,208,43,30
SZ,002331,2017-01-03 10:01:03,17.7300,3,26608.0000,15,S,17.7300,17.7200,17.7100,17.7000,17.6900,17.7400,17.7500,17.7600,17.7700,17.7800,32,97,113,438,30,3,486,61,210,43
SZ,002331,2017-01-03 10:01:06,17.7500,2,7096.0000,4,B,17.7400,17.7300,17.7200,17.7100,17.7000,17.7500,17.7600,17.7700,17.7800,17.8000,17,32,97,113,438,509,61,210,43,30
SZ,002331,2017-01-03 10:01:09,17.7300,4,31932.0000,18,S,17.7300,17.7200,17.7100,17.7000,17.6900,17.7400,17.7500,17.7600,17.7700,17.7800,31,97,113,438,30,10,509,61,210,43
SZ,002331,2017-01-03 10:01:12,17.7300,3,30144.0000,17,S,17.7300,17.7200,17.7100,17.7000,17.6900,17.7400,17.7500,17.7600,17.7700,17.7800,96,97,113,439,30,45,509,61,210,43
SZ,002331,2017-01-03 10:01:15,17.7300,3,67376.0000,38,S,17.7300,17.7200,17.7100,17.7000,17.6900,17.7400,17.7500,17.7600,17.7700,17.7800,60,97,113,439,30,45,509,61,186,19
SZ,002331,2017-01-03 10:01:18,17.7300,11,195056.0000,110,S,17.7200,17.7100,17.7000,17.6900,17.6800,17.7300,17.7400,17.7500,17.7600,17.7700,98,113,439,30,14,119,20,509,11,38
SZ,002331,2017-01-03 10:01:24,17.7200,9,108092.0000,61,S,17.7200,17.7100,17.7000,17.6900,17.6800,17.7300,17.7400,17.7500,17.7600,17.7700,39,113,459,30,14,133,20,509,11,28
SZ,002331,2017-01-03 10:01:27,17.7200,3,10636.0000,6,S,17.7200,17.7100,17.7000,17.6900,17.6800,17.7300,17.7400,17.7500,17.7600,17.7700,47,115,449,30,14,123,20,509,11,28
SZ,002331,2017-01-03 10:01:30,17.7200,9,92144.0000,52,S,17.7200,17.7100,17.7000,17.6900,17.6800,17.7300,17.7400,17.7500,17.7600,17.7700,47,115,449,30,14,121,20,509,11,28
SZ,002331,2017-01-03 10:01:33,17.7200,2,15952.0000,9,S,17.7200,17.7100,17.7000,17.6900,17.6800,17.7300,17.7400,17.7500,17.7600,17.7700,42,115,449,30,14,117,20,509,11,28
SZ,002331,2017-01-03 10:01:36,17.7000,32,1113568.0000,629,S,17.6900,17.6800,17.6600,17.6500,17.6400,17.7000,17.7300,17.7400,17.7500,17.7600,30,14,78,117,12,188,117,20,509,11
SZ,002331,2017-01-03 10:01:39,17.7000,2,35400.0000,20,B,17.6900,17.6800,17.6600,17.6500,17.6400,17.7000,17.7200,17.7300,17.7400,17.7500,30,14,78,117,12,168,31,117,20,509
SZ,002331,2017-01-03 10:01:45,17.7000,1,8848.0000,5,B,17.6900,17.6800,17.6600,17.6500,17.6400,17.7000,17.7200,17.7300,17.7400,17.7500,30,14,78,117,12,176,25,110,20,529
SZ,002331,2017-01-03 10:01:48,17.7000,3,35396.0000,20,B,17.6900,17.6800,17.6600,17.6500,17.6400,17.7000,17.7200,17.7300,17.7400,17.7500,27,14,78,117,37,161,25,110,20,244
SZ,002331,2017-01-03 10:01:54,17.6900,10,63684.0000,36,S,17.6900,17.6800,17.6600,17.6500,17.6400,17.7000,17.7200,17.7300,17.7400,17.7500,39,14,46,117,37,161,25,110,20,244
SZ,002331,2017-01-03 10:01:57,17.6800,10,240488.0000,136,S,17.6600,17.6500,17.6400,17.6300,17.6200,17.6800,17.6900,17.7000,17.7200,17.7300,46,117,37,349,40,56,137,161,25,110
SZ,002331,2017-01-03 10:02:00,17.6600,2,37088.0000,21,S,17.6600,17.6500,17.6400,17.6300,17.6200,17.6800,17.6900,17.7000,17.7200,17.7300,25,117,37,349,40,56,179,161,25,110
SZ,002331,2017-01-03 10:02:03,17.6800,2,14128.0000,8,B,17.6600,17.6500,17.6400,17.6300,17.6200,17.6800,17.6900,17.7000,17.7200,17.7300,19,117,47,349,40,54,179,161,25,110
SZ,002331,2017-01-03 10:02:06,17.6600,2,5300.0000,3,S,17.6600,17.6500,17.6400,17.6300,17.6200,17.6800,17.6900,17.7000,17.7200,17.7300,48,122,47,349,40,54,179,161,25,110
SZ,002331,2017-01-03 10:02:09,17.6600,2,24744.0000,14,S,17.6700,17.6600,17.6500,17.6400,17.6300,17.6800,17.6900,17.7000,17.7200,17.7300,15,155,122,47,349,44,139,159,25,110
SZ,002331,2017-01-03 10:02:12,17.6600,6,63592.0000,36,S,17.6600,17.6500,17.6400,17.6300,17.6200,17.6800,17.6900,17.7000,17.7200,17.7300,139,122,47,349,40,43,139,159,21,110
SZ,002331,2017-01-03 10:02:15,17.6500,18,482004.0000,273,S,17.6400,17.6300,17.6200,17.6100,17.6000,17.6500,17.6700,17.6800,17.6900,17.7000,47,349,42,49,330,33,2,37,139,159
SZ,002331,2017-01-03 10:02:18,17.6500,3,58244.0000,33,B,17.6600,17.6400,17.6300,17.6200,17.6100,17.6700,17.6800,17.6900,17.7000,17.7200,9,47,349,42,49,11,37,139,164,21
SZ,002331,2017-01-03 10:02:21,17.6600,7,121900.0000,69,S,17.6400,17.6300,17.6200,17.6100,17.6000,17.6700,17.6800,17.6900,17.7000,17.7200,49,351,42,49,350,8,37,139,164,21
SZ,002331,2017-01-03 10:02:24,17.6400,6,97056.0000,55,S,17.6400,17.6300,17.6200,17.6100,17.6000,17.6700,17.6800,17.6900,17.7000,17.7200,8,361,42,49,320,8,37,139,164,21
SZ,002331,2017-01-03 10:02:33,17.6600,3,40616.0000,23,B,17.6500,17.6400,17.6300,17.6200,17.6100,17.6600,17.6700,17.6800,17.6900,17.7000,185,28,454,42,49,9,8,99,109,164
SZ,002331,2017-01-03 10:02:39,17.6600,5,113024.0000,64,B,17.6600,17.6500,17.6400,17.6300,17.6200,17.6700,17.6800,17.6900,17.7000,17.7200,96,189,28,454,45,29,99,109,164,1
SZ,002331,2017-01-03 10:02:45,17.6700,4,35340.0000,20,B,17.6600,17.6500,17.6400,17.6300,17.6200,17.6700,17.6800,17.6900,17.7000,17.7200,307,199,40,454,45,9,99,109,159,1
SZ,002331,2017-01-03 10:02:48,17.6600,4,51220.0000,29,S,17.6600,17.6500,17.6400,17.6300,17.6200,17.6700,17.6800,17.6900,17.7000,17.7200,291,203,40,444,45,4,99,12,13,1
SZ,002331,2017-01-03 10:02:51,17.6700,9,169672.0000,96,B,17.6700,17.6600,17.6500,17.6400,17.6300,17.6800,17.6900,17.7000,17.7200,17.7300,52,917,47,50,454,37,10,13,1,2
SZ,002331,2017-01-03 10:02:54,17.6600,6,353252.0000,200,S,17.6700,17.6600,17.6500,17.6400,17.6300,17.6800,17.6900,17.7000,17.7200,17.7300,35,743,47,60,464,37,10,13,1,2
SZ,002331,2017-01-03 10:02:57,17.6700,4,56544.0000,32,S,17.6700,17.6600,17.6500,17.6400,17.6300,17.6800,17.6900,17.7000,17.7200,17.7300,109,752,207,60,464,37,10,13,1,4
SZ,002331,2017-01-03 10:03:00,17.6800,4,26520.0000,15,B,17.6700,17.6600,17.6500,17.6400,17.6300,17.6800,17.6900,17.7000,17.7200,17.7300,159,754,208,58,464,22,10,13,1,4
SZ,002331,2017-01-03 10:03:03,17.6900,10,96160.0000,54,B,17.6800,17.6700,17.6600,17.6500,17.6400,17.6900,17.7000,17.7200,17.7300,17.7400,28,140,872,212,58,9,13,1,4,20
SZ,002331,2017-01-03 10:03:09,17.6900,1,10612.0000,6,B,17.6800,17.6700,17.6600,17.6500,17.6400,17.6900,17.7000,17.7200,17.7300,17.7400,68,150,883,212,68,3,13,1,4,20
SZ,002331,2017-01-03 10:03:12,17.7000,6,77880.0000,44,B,17.7000,17.6900,17.6800,17.6700,17.6600,17.7200,17.7300,17.7400,17.7500,17.7600,162,73,84,164,863,1,4,20,220,4
SZ,002331,2017-01-03 10:03:24,17.7300,2,7092.0000,4,B,17.7300,17.7200,17.7100,17.7000,17.6900,17.7400,17.7500,17.7600,17.7700,17.7800,6,35,327,292,129,20,220,4,10,1
SZ,002331,2017-01-03 10:03:30,17.7500,3,354980.0000,200,B,17.7300,17.7200,17.7100,17.7000,17.6900,17.7500,17.7600,17.7700,17.7800,17.7900,115,32,323,292,279,40,4,10,1,6
SZ,002331,2017-01-03 10:03:33,17.7500,1,31948.0000,18,B,17.7300,17.7200,17.7100,17.7000,17.6900,17.7500,17.7600,17.7700,17.7800,17.7900,115,35,343,582,279,22,4,10,1,6
SZ,002331,2017-01-03 10:03:39,17.7400,7,55180.0000,31,S,17.7500,17.7400,17.7300,17.7200,17.7100,17.7600,17.7700,17.7800,17.7900,17.8000,53,2,169,21,53,4,10,1,6,30
SZ,002331,2017-01-03 10:03:42,17.7300,11,354712.0000,200,S,17.7500,17.7400,17.7300,17.7200,17.7100,17.7600,17.7700,17.7800,17.7900,17.8000,20,10,27,21,53,4,10,1,6,30
SZ,002331,2017-01-03 10:03:45,17.7000,12,354308.0000,200,S,17.7000,17.6900,17.6800,17.6700,17.6600,17.7600,17.7700,17.7800,17.7900,17.8000,503,229,144,134,860,4,10,1,6,30
SZ,002331,2017-01-03 10:03:48,17.7500,1,12428.0000,7,B,17.7000,17.6900,17.6800,17.6700,17.6600,17.7400,17.7600,17.7700,17.7800,17.7900,503,229,144,134,810,3,4,10,1,6
SZ,002331,2017-01-03 10:03:51,17.7100,1,354200.0000,200,S,17.7200,17.7100,17.7000,17.6900,17.6800,17.7300,17.7400,17.7500,17.7600,17.7700,4,100,503,229,144,45,3,19,4,10
SZ,002331,2017-01-03 10:04:00,17.7300,3,21264.0000,12,B,17.7200,17.7100,17.7000,17.6900,17.6800,17.7300,17.7400,17.7600,17.7700,17.7800,25,105,603,229,139,43,3,2,10,1
SZ,002331,2017-01-03 10:04:03,17.7300,3,35448.0000,20,B,17.7200,17.7100,17.7000,17.6900,17.6800,17.7300,17.7400,17.7600,17.7700,17.7800,15,135,603,229,139,35,3,2,10,1
SZ,002331,2017-01-03 10:04:09,17.7200,9,425020.0000,240,S,17.7000,17.6900,17.6800,17.6700,17.6600,17.7200,17.7300,17.7600,17.7700,17.7800,545,229,90,140,810,7,35,2,10,1
SZ,002331,2017-01-03 10:04:12,17.7300,7,189704.0000,107,B,17.7000,17.6900,17.6800,17.6700,17.6600,17.7100,17.7600,17.7700,17.7800,17.7900,548,229,90,140,810,14,2,10,1,6
SZ,002331,2017-01-03 10:04:15,17.7000,4,396480.0000,224,S,17.7000,17.6900,17.6800,17.6700,17.6600,17.7100,17.7600,17.7700,17.7800,17.7900,324,229,90,140,805,14,2,10,1,6
SZ,002331,2017-01-03 10:04:18,17.7000,1,237180.0000,134,S,17.7000,17.6900,17.6800,17.6700,17.6600,17.7100,17.7500,17.7600,17.7700,17.7800,200,224,80,140,805,14,12,12,10,1
SZ,002331,2017-01-03 10:04:21,17.7000,2,26564.0000,15,S,17.7000,17.6900,17.6800,17.6700,17.6600,17.7100,17.7300,17.7500,17.7600,17.7700,209,224,80,140,805,10,2,12,12,10
SZ,002331,2017-01-03 10:04:24,17.7000,6,255988.0000,145,S,17.7000,17.6900,17.6800,17.6700,17.6600,17.7300,17.7500,17.7600,17.7700,17.7800,114,224,80,140,805,2,12,12,10,1
SZ,002331,2017-01-03 10:04:27,17.7000,7,212948.0000,120,S,17.6900,17.6800,17.6700,17.6600,17.6500,17.7000,17.7300,17.7500,17.7600,17.7700,224,80,140,805,316,38,2,49,12,10
SZ,002331,2017-01-03 10:04:30,17.7000,1,8852.0000,5,B,17.6900,17.6800,17.6700,17.6600,17.6500,17.7000,17.7300,17.7400,17.7500,17.7600,224,80,140,805,316,163,2,22,49,12
SZ,002331,2017-01-03 10:04:33,17.7000,17,749792.0000,424,B,17.6700,17.6600,17.6500,17.6400,17.6300,17.6900,17.7000,17.7300,17.7400,17.7500,40,805,318,69,461,5,148,2,22,49
SZ,002331,2017-01-03 10:04:36,17.7000,6,44228.0000,25,B,17.6700,17.6600,17.6500,17.6400,17.6300,17.7000,17.7300,17.7400,17.7500,17.7600,38,805,318,69,461,133,2,22,49,12
SZ,002331,2017-01-03 10:04:42,17.7000,3,175228.0000,99,B,17.6700,17.6600,17.6500,17.6400,17.6300,17.7000,17.7300,17.7400,17.7500,17.7600,58,805,318,69,461,50,7,22,49,12
SZ,002331,2017-01-03 10:04:45,17.6600,13,168548.0000,96,S,17.6600,17.6500,17.6400,17.6300,17.6200,17.7000,17.7300,17.7400,17.7500,17.7600,778,329,69,461,48,50,7,22,49,12
SZ,002331,2017-01-03 10:04:51,17.6700,2,15900.0000,9,S,17.6700,17.6600,17.6500,17.6400,17.6300,17.7000,17.7300,17.7400,17.7500,17.7600,14,793,329,74,461,63,7,22,49,12
SZ,002331,2017-01-03 10:04:54,17.6700,1,10604.0000,6,S,17.6700,17.6600,17.6500,17.6400,17.6300,17.6900,17.7000,17.7300,17.7400,17.7500,8,793,329,74,461,104,62,7,22,57
SZ,002331,2017-01-03 10:04:57,17.6700,3,22972.0000,13,S,17.6600,17.6500,17.6400,17.6300,17.6200,17.6700,17.6900,17.7000,17.7300,17.7400,823,329,74,461,48,34,104,72,7,22
SZ,002331,2017-01-03 10:05:03,17.6700,5,100716.0000,57,B,17.6600,17.6500,17.6400,17.6300,17.6200,17.6700,17.6900,17.7000,17.7300,17.7400,822,339,74,461,48,100,104,172,7,22
SZ,002331,2017-01-03 10:05:06,17.6700,1,1768.0000,1,B,17.6600,17.6500,17.6400,17.6300,17.6200,17.6700,17.6900,17.7000,17.7300,17.7400,817,338,74,461,48,111,104,172,7,22
SZ,002331,2017-01-03 10:05:09,17.6700,3,111320.0000,63,B,17.6600,17.6500,17.6400,17.6300,17.6200,17.6700,17.6900,17.7000,17.7200,17.7300,817,338,74,461,48,48,104,172,8,7
SZ,002331,2017-01-03 10:05:12,17.6700,6,42404.0000,24,B,17.6600,17.6500,17.6400,17.6300,17.6200,17.6700,17.6900,17.7000,17.7200,17.7300,813,338,74,461,48,28,104,172,8,7
SZ,002331,2017-01-03 10:05:15,17.6600,9,1266324.0000,717,S,17.6600,17.6500,17.6400,17.6300,17.6200,17.6900,17.7000,17.7200,17.7300,17.7400,197,310,74,461,48,104,172,8,7,22
SZ,002331,2017-01-03 10:05:18,17.6600,7,70644.0000,40,S,17.6700,17.6600,17.6500,17.6400,17.6300,17.6900,17.7000,17.7200,17.7300,17.7400,5,162,310,74,461,104,162,8,7,22
SZ,002331,2017-01-03 10:05:21,17.6900,28,1040508.0000,589,B,17.6400,17.6300,17.6200,17.6100,17.6000,17.6600,17.6900,17.7000,17.7200,17.7300,71,461,45,87,465,3,6,162,8,7
SZ,002331,2017-01-03 10:05:24,17.6700,3,8832.0000,5,B,17.6700,17.6600,17.6400,17.6300,17.6200,17.6900,17.7000,17.7200,17.7300,17.7400,57,1,71,461,45,6,162,8,7,22
SZ,002331,2017-01-03 10:05:30,17.6700,2,3532.0000,2,S,17.6700,17.6600,17.6400,17.6300,17.6200,17.6900,17.7000,17.7100,17.7200,17.7300,55,12,71,461,50,36,162,5,8,7
SZ,002331,2017-01-03 10:05:33,17.6700,2,10604.0000,6,S,17.6700,17.6600,17.6400,17.6300,17.6200,17.6900,17.7000,17.7100,17.7200,17.7300,49,15,71,461,50,42,162,5,8,7
