市场代码,证券代码,时间,最新价,成交笔数,成交额,成交量,方向,买一价,买二价,买三价,买四价,买五价,卖一价,卖二价,卖三价,卖四价,卖五价,买一量,买二量,买三量,买四量,买五量,卖一量,卖二量,卖三量,卖四量,卖五量
SZ,002381,2017-01-03 09:25:03,11.7400,8,39916.0000,34,B,11.6800,11.6700,11.6600,11.6500,11.6100,11.7400,11.7700,11.7900,11.8000,11.8100,43,85,73,100,14,62,7,47,35,10
SZ,002381,2017-01-03 09:30:00,11.7400,2,14088.0000,12,B,11.6800,11.6700,11.6600,11.6500,11.6100,11.7400,11.7700,11.7900,11.8000,11.8100,43,85,73,100,14,50,7,47,35,10
SZ,002381,2017-01-03 09:30:03,11.6900,2,18709.0000,16,S,11.6900,11.6800,11.6700,11.6600,11.6500,11.7300,11.7400,11.7700,11.7800,11.7900,5,63,85,91,108,112,29,60,82,47
SZ,002381,2017-01-03 09:30:51,11.7300,2,30478.0000,26,B,11.6900,11.6800,11.6700,11.6600,11.6500,11.7300,11.7400,11.7700,11.7800,11.7900,33,63,85,91,108,106,29,22,82,47
SZ,002381,2017-01-03 09:31:09,11.7300,2,30498.0000,26,B,11.7000,11.6900,11.6800,11.6700,11.6600,11.7300,11.7400,11.7700,11.7800,11.7900,26,157,63,85,96,89,29,22,82,47
SZ,002381,2017-01-03 09:31:18,11.7000,1,30420.0000,26,S,11.6900,11.6800,11.6700,11.6600,11.6500,11.7000,11.7300,11.7400,11.7700,11.7800,107,63,85,96,108,58,89,29,22,82
SZ,002381,2017-01-03 09:31:21,11.7000,1,19890.0000,17,B,11.6900,11.6800,11.6700,11.6600,11.6500,11.7000,11.7300,11.7400,11.7700,11.7800,107,63,85,96,108,41,89,29,22,82
SZ,002381,2017-01-03 09:31:24,11.7000,1,5850.0000,5,B,11.6900,11.6800,11.6700,11.6600,11.6500,11.7000,11.7300,11.7400,11.7700,11.7800,107,63,85,96,108,36,128,29,22,82
SZ,002381,2017-01-03 09:31:30,11.7000,1,19890.0000,17,B,11.6900,11.6800,11.6700,11.6600,11.6500,11.7000,11.7300,11.7400,11.7700,11.7800,107,63,85,96,108,19,130,29,22,82
SZ,002381,2017-01-03 09:31:33,11.7000,2,22230.0000,19,B,11.7000,11.6900,11.6800,11.6700,11.6600,11.7300,11.7400,11.7700,11.7800,11.7900,141,107,63,85,96,130,29,22,82,47
SZ,002381,2017-01-03 09:31:42,11.7000,1,11700.0000,10,S,11.7000,11.6900,11.6800,11.6700,11.6600,11.7300,11.7400,11.7700,11.7800,11.7900,131,107,63,85,96,121,26,22,82,47
SZ,002381,2017-01-03 09:31:51,11.7000,3,51480.0000,44,S,11.7000,11.6900,11.6800,11.6700,11.6600,11.7200,11.7300,11.7400,11.7700,11.7800,118,107,63,85,96,20,121,26,22,82
SZ,002381,2017-01-03 09:32:12,11.7000,2,16386.0000,14,S,11.7000,11.6900,11.6800,11.6700,11.6600,11.7200,11.7300,11.7400,11.7700,11.7800,107,107,20,85,96,17,121,56,22,82
SZ,002381,2017-01-03 09:32:15,11.7200,1,19924.0000,17,B,11.7000,11.6900,11.6800,11.6700,11.6600,11.7300,11.7400,11.7700,11.7800,11.7900,107,107,20,85,96,121,56,22,82,47
SZ,002381,2017-01-03 09:32:48,11.7100,2,35130.0000,30,S,11.7100,11.7000,11.6900,11.6800,11.6700,11.7200,11.7300,11.7400,11.7700,11.7800,94,197,107,24,85,9,121,26,42,82
SZ,002381,2017-01-03 09:32:51,11.7200,1,3516.0000,3,B,11.7100,11.7000,11.6900,11.6800,11.6700,11.7200,11.7300,11.7400,11.7700,11.7800,94,197,107,24,85,6,121,26,42,82
SZ,002381,2017-01-03 09:33:30,11.7100,2,23420.0000,20,S,11.7100,11.7000,11.6900,11.6800,11.6700,11.7200,11.7300,11.7400,11.7700,11.7800,74,197,107,24,85,14,121,16,42,82
SZ,002381,2017-01-03 09:33:48,11.7200,3,9376.0000,8,B,11.7100,11.7000,11.6900,11.6800,11.6700,11.7200,11.7300,11.7400,11.7700,11.7800,84,197,107,24,85,6,2,16,42,82
SZ,002381,2017-01-03 09:33:57,11.7100,1,11710.0000,10,S,11.7100,11.7000,11.6900,11.6800,11.6700,11.7200,11.7300,11.7400,11.7700,11.7800,74,197,107,24,85,6,2,16,42,82
SZ,002381,2017-01-03 09:34:15,11.7100,1,16394.0000,14,S,11.7100,11.7000,11.6900,11.6800,11.6700,11.7200,11.7300,11.7400,11.7700,11.7800,60,197,107,24,85,45,2,16,42,82
SZ,002381,2017-01-03 09:34:24,11.7100,1,1171.0000,1,S,11.7100,11.7000,11.6900,11.6800,11.6700,11.7200,11.7300,11.7400,11.7700,11.7800,59,224,107,24,95,45,2,16,42,82
SZ,002381,2017-01-03 09:35:12,11.7200,1,3516.0000,3,B,11.7100,11.7000,11.6900,11.6800,11.6700,11.7200,11.7300,11.7400,11.7700,11.7800,174,224,107,24,85,122,2,16,52,82
SZ,002381,2017-01-03 09:35:15,11.7100,1,1171.0000,1,S,11.7100,11.7000,11.6900,11.6800,11.6700,11.7200,11.7300,11.7400,11.7700,11.7800,173,224,107,24,85,119,2,16,52,82
SZ,002381,2017-01-03 09:35:18,11.7200,1,7032.0000,6,B,11.7100,11.7000,11.6900,11.6800,11.6700,11.7200,11.7300,11.7400,11.7700,11.7800,173,124,107,24,85,113,2,16,52,82
SZ,002381,2017-01-03 09:35:21,11.7200,1,10548.0000,9,B,11.7100,11.7000,11.6900,11.6800,11.6700,11.7200,11.7300,11.7400,11.7700,11.7800,173,124,7,24,85,104,2,16,52,82
SZ,002381,2017-01-03 09:35:27,11.7200,1,2344.0000,2,B,11.7100,11.7000,11.6900,11.6800,11.6700,11.7200,11.7300,11.7400,11.7700,11.7800,173,124,7,24,85,102,2,16,52,82
SZ,002381,2017-01-03 09:35:30,11.7100,1,3513.0000,3,S,11.7100,11.7000,11.6900,11.6800,11.6700,11.7200,11.7300,11.7400,11.7700,11.7800,170,124,7,24,85,102,2,16,52,82
SZ,002381,2017-01-03 09:35:33,11.7100,1,12881.0000,11,S,11.7100,11.7000,11.6900,11.6800,11.6700,11.7200,11.7300,11.7400,11.7700,11.7800,159,124,7,24,85,320,2,16,52,82
SZ,002381,2017-01-03 09:35:48,11.7200,1,4688.0000,4,B,11.7100,11.7000,11.6900,11.6800,11.6700,11.7200,11.7300,11.7400,11.7700,11.7800,149,124,7,20,85,316,2,16,52,82
SZ,002381,2017-01-03 09:36:06,11.7200,1,19924.0000,17,B,11.7100,11.7000,11.6900,11.6800,11.6700,11.7200,11.7400,11.7700,11.7800,11.7900,149,124,7,20,85,299,16,52,82,57
SZ,002381,2017-01-03 09:36:18,11.7200,2,23440.0000,20,B,11.7100,11.7000,11.6900,11.6800,11.6700,11.7200,11.7400,11.7600,11.7700,11.7800,150,97,7,20,85,279,16,3,52,82
SZ,002381,2017-01-03 09:36:45,11.7200,1,23440.0000,20,B,11.7100,11.7000,11.6900,11.6800,11.6700,11.7200,11.7400,11.7600,11.7700,11.7800,177,97,7,20,85,259,16,3,52,82
SZ,002381,2017-01-03 09:36:51,11.7100,1,30446.0000,26,S,11.7100,11.7000,11.6900,11.6800,11.6700,11.7200,11.7400,11.7600,11.7700,11.7800,151,97,7,20,85,259,16,3,62,82
SZ,002381,2017-01-03 09:37:00,11.7100,3,104220.0000,89,S,11.7100,11.7000,11.6900,11.6800,11.6700,11.7200,11.7400,11.7600,11.7700,11.7800,63,97,7,20,85,258,16,3,62,82
SZ,002381,2017-01-03 09:37:03,11.7200,1,16408.0000,14,B,11.7100,11.7000,11.6900,11.6800,11.6700,11.7200,11.7400,11.7600,11.7700,11.7800,63,97,7,20,85,244,16,3,62,82
SZ,002381,2017-01-03 09:37:18,11.7100,1,3513.0000,3,S,11.7100,11.7000,11.6900,11.6800,11.6700,11.7200,11.7400,11.7600,11.7700,11.7800,60,97,7,20,85,244,16,3,62,82
SZ,002381,2017-01-03 09:37:21,11.7100,9,72604.0000,62,S,11.7000,11.6900,11.6800,11.6700,11.6600,11.7100,11.7200,11.7400,11.7600,11.7700,97,7,20,85,96,29,242,16,3,62
SZ,002381,2017-01-03 09:37:27,11.7000,1,5850.0000,5,S,11.7000,11.6900,11.6800,11.6700,11.6600,11.7100,11.7200,11.7400,11.7600,11.7700,92,7,20,85,96,29,242,16,3,62
SZ,002381,2017-01-03 09:37:48,11.7100,2,31617.0000,27,B,11.7000,11.6900,11.6800,11.6700,11.6600,11.7100,11.7200,11.7400,11.7600,11.7700,93,7,20,85,96,220,26,16,3,62
SZ,002381,2017-01-03 09:37:51,11.7000,1,9360.0000,8,S,11.7000,11.6900,11.6800,11.6700,11.6600,11.7100,11.7200,11.7400,11.7600,11.7700,85,7,20,85,96,220,26,16,3,62
SZ,002381,2017-01-03 09:37:57,11.7100,2,19907.0000,17,B,11.7000,11.6900,11.6800,11.6700,11.6600,11.7100,11.7200,11.7400,11.7600,11.7700,85,7,20,85,96,203,26,16,3,62
SZ,002381,2017-01-03 09:38:21,11.7000,1,11700.0000,10,S,11.7000,11.6900,11.6800,11.6700,11.6600,11.7100,11.7200,11.7400,11.7500,11.7600,85,7,20,85,96,213,26,16,6,3
SZ,002381,2017-01-03 09:38:30,11.7000,1,58500.0000,50,S,11.7000,11.6900,11.6800,11.6700,11.6600,11.7100,11.7200,11.7400,11.7500,11.7600,35,7,20,85,96,213,26,16,6,3
SZ,002381,2017-01-03 09:38:39,11.7000,2,4680.0000,4,S,11.7000,11.6900,11.6800,11.6700,11.6600,11.7100,11.7200,11.7400,11.7500,11.7600,31,7,20,85,96,213,26,16,6,3
SZ,002381,2017-01-03 09:38:42,11.7000,1,29250.0000,25,S,11.7000,11.6900,11.6800,11.6700,11.6600,11.7100,11.7200,11.7400,11.7500,11.7600,6,7,20,85,96,213,26,16,6,3
SZ,002381,2017-01-03 09:38:48,11.7000,2,7020.0000,6,S,11.6900,11.6800,11.6700,11.6600,11.6500,11.7000,11.7100,11.7200,11.7400,11.7500,7,20,85,96,101,4,213,26,16,6
SZ,002381,2017-01-03 09:39:48,11.6900,4,14028.0000,12,S,11.6800,11.6700,11.6600,11.6500,11.6100,11.6900,11.7000,11.7100,11.7200,11.7400,27,95,96,101,14,69,30,213,26,16
SZ,002381,2017-01-03 09:40:06,11.6900,2,81810.0000,70,B,11.6800,11.6700,11.6600,11.6500,11.6100,11.6900,11.7000,11.7100,11.7200,11.7400,7,95,96,101,14,19,30,203,26,16
SZ,002381,2017-01-03 09:40:12,11.6800,1,1168.0000,1,S,11.6800,11.6700,11.6600,11.6500,11.6100,11.6900,11.7000,11.7100,11.7200,11.7400,6,95,96,101,14,19,30,203,26,16
SZ,002381,2017-01-03 09:40:15,11.6800,2,17520.0000,15,S,11.6700,11.6600,11.6500,11.6100,11.6000,11.6800,11.6900,11.7000,11.7100,11.7200,95,96,101,14,75,10,19,30,203,26
SZ,002381,2017-01-03 09:40:39,11.6700,1,11670.0000,10,S,11.6700,11.6600,11.6500,11.6100,11.6000,11.6800,11.6900,11.7000,11.7100,11.7200,85,96,101,35,75,20,19,30,203,26
SZ,002381,2017-01-03 09:40:48,11.6800,3,23360.0000,20,B,11.6800,11.6700,11.6600,11.6500,11.6100,11.6900,11.7000,11.7100,11.7200,11.7400,7,105,96,101,35,19,30,203,26,16
SZ,002381,2017-01-03 09:41:12,11.6800,4,22192.0000,19,S,11.6800,11.6700,11.6600,11.6500,11.6100,11.6900,11.7000,11.7100,11.7200,11.7400,54,105,96,101,14,14,30,203,26,16
SZ,002381,2017-01-03 09:41:33,11.6700,5,191442.0000,164,S,11.6600,11.6500,11.6200,11.6100,11.6000,11.6700,11.6900,11.7000,11.7100,11.7200,96,201,5,14,75,386,14,30,203,26
SZ,002381,2017-01-03 09:41:51,11.6700,1,19839.0000,17,B,11.6600,11.6500,11.6200,11.6100,11.6000,11.6700,11.6900,11.7000,11.7100,11.7200,96,201,5,34,75,369,14,40,203,26
SZ,002381,2017-01-03 09:42:03,11.6700,2,50181.0000,43,B,11.6600,11.6500,11.6300,11.6200,11.6100,11.6700,11.6900,11.7000,11.7100,11.7200,96,201,5,5,34,326,14,40,203,26
SZ,002381,2017-01-03 09:42:09,11.6700,1,2334.0000,2,B,11.6600,11.6500,11.6300,11.6200,11.6100,11.6700,11.7000,11.7100,11.7200,11.7400,97,201,5,5,34,324,40,203,26,16
SZ,002381,2017-01-03 09:42:15,11.6700,1,35010.0000,30,B,11.6600,11.6500,11.6300,11.6200,11.6100,11.6700,11.7000,11.7100,11.7200,11.7400,97,201,5,5,34,308,40,203,26,16
SZ,002381,2017-01-03 09:42:21,11.6700,1,3501.0000,3,B,11.6600,11.6500,11.6300,11.6200,11.6100,11.6700,11.7000,11.7100,11.7200,11.7400,97,201,5,5,34,305,40,203,26,16
SZ,002381,2017-01-03 09:42:24,11.6700,3,43179.0000,37,B,11.6600,11.6500,11.6300,11.6200,11.6100,11.6700,11.7000,11.7100,11.7200,11.7400,197,201,5,5,34,268,40,203,26,16
SZ,002381,2017-01-03 09:42:36,11.6700,1,116700.0000,100,B,11.6600,11.6500,11.6300,11.6200,11.6100,11.6700,11.7000,11.7100,11.7200,11.7400,197,201,5,5,34,168,40,203,26,16
SZ,002381,2017-01-03 09:42:42,11.6600,2,119032.0000,102,S,11.6600,11.6500,11.6300,11.6200,11.6100,11.6700,11.7000,11.7100,11.7200,11.7400,198,201,5,5,56,68,40,203,26,16
SZ,002381,2017-01-03 09:43:03,11.6700,1,11670.0000,10,B,11.6600,11.6500,11.6300,11.6200,11.6100,11.6700,11.7000,11.7100,11.7200,11.7400,218,207,5,5,56,58,40,203,26,16
SZ,002381,2017-01-03 09:43:09,11.6600,1,51304.0000,44,S,11.6600,11.6500,11.6300,11.6200,11.6100,11.6700,11.7000,11.7100,11.7200,11.7400,195,214,5,5,76,14,40,203,26,16
SZ,002381,2017-01-03 09:43:12,11.6700,1,16338.0000,14,B,11.6700,11.6600,11.6500,11.6400,11.6300,11.7000,11.7100,11.7200,11.7400,11.7500,16,195,214,5,5,40,203,26,16,6
SZ,002381,2017-01-03 09:43:39,11.7000,2,23400.0000,20,B,11.6900,11.6800,11.6700,11.6600,11.6500,11.7000,11.7100,11.7200,11.7400,11.7500,2,60,217,319,214,20,203,26,16,6
SZ,002381,2017-01-03 09:44:00,11.7000,2,23400.0000,20,B,11.7000,11.6900,11.6800,11.6700,11.6600,11.7100,11.7200,11.7400,11.7500,11.7600,7,2,66,75,417,203,26,16,6,63
SZ,002381,2017-01-03 09:44:06,11.7100,1,1171.0000,1,B,11.7000,11.6900,11.6800,11.6700,11.6600,11.7100,11.7200,11.7400,11.7500,11.7600,12,2,60,55,422,202,26,16,6,63
SZ,002381,2017-01-03 09:44:09,11.7000,1,5850.0000,5,S,11.7000,11.6900,11.6800,11.6700,11.6600,11.7100,11.7200,11.7400,11.7500,11.7600,7,2,60,55,422,202,26,16,6,63
SZ,002381,2017-01-03 09:44:18,11.7000,2,7020.0000,6,S,11.7000,11.6900,11.6800,11.6700,11.6600,11.7100,11.7200,11.7400,11.7500,11.7600,5,2,60,110,422,202,26,16,6,63
SZ,002381,2017-01-03 09:44:36,11.7100,1,23420.0000,20,B,11.7000,11.6900,11.6800,11.6700,11.6600,11.7100,11.7200,11.7400,11.7500,11.7600,13,2,60,132,422,182,26,16,6,63
SZ,002381,2017-01-03 09:44:42,11.7100,1,23420.0000,20,B,11.7000,11.6900,11.6800,11.6700,11.6600,11.7100,11.7200,11.7400,11.7500,11.7600,13,2,60,132,422,162,26,16,6,63
SZ,002381,2017-01-03 09:44:48,11.7100,1,42156.0000,36,B,11.7000,11.6900,11.6800,11.6700,11.6600,11.7100,11.7200,11.7400,11.7500,11.7600,13,2,40,132,422,126,26,16,6,63
SZ,002381,2017-01-03 09:45:15,11.7100,1,1171.0000,1,B,11.7000,11.6900,11.6800,11.6700,11.6600,11.7100,11.7200,11.7400,11.7500,11.7600,31,22,40,132,427,125,26,16,6,63
SZ,002381,2017-01-03 09:45:21,11.7100,1,4684.0000,4,B,11.7000,11.6900,11.6800,11.6700,11.6600,11.7100,11.7200,11.7400,11.7500,11.7600,32,22,40,132,427,131,26,16,6,63
SZ,002381,2017-01-03 09:45:48,11.7100,1,40985.0000,35,B,11.7000,11.6900,11.6800,11.6700,11.6600,11.7100,11.7200,11.7400,11.7500,11.7600,82,32,40,132,438,96,40,16,6,63
SZ,002381,2017-01-03 09:45:57,11.7100,1,11710.0000,10,B,11.7000,11.6900,11.6800,11.6700,11.6600,11.7100,11.7200,11.7400,11.7500,11.7600,82,32,40,132,438,86,40,16,6,63
SZ,002381,2017-01-03 09:46:12,11.7100,1,5855.0000,5,B,11.7000,11.6900,11.6800,11.6700,11.6600,11.7100,11.7200,11.7400,11.7500,11.7600,82,32,20,132,438,81,40,16,6,69
SZ,002381,2017-01-03 09:46:27,11.7100,2,95753.0000,82,B,11.7100,11.7000,11.6900,11.6800,11.6700,11.7200,11.7400,11.7500,11.7600,11.7700,10,83,32,25,132,40,16,6,69,62
SZ,002381,2017-01-03 09:46:39,11.7100,2,29295.0000,25,S,11.7100,11.7000,11.6900,11.6800,11.6700,11.7200,11.7400,11.7500,11.7600,11.7700,5,83,32,33,132,20,16,6,69,57
SZ,002381,2017-01-03 09:46:42,11.7200,1,1172.0000,1,B,11.7100,11.7000,11.6900,11.6800,11.6700,11.7200,11.7400,11.7500,11.7600,11.7700,35,80,32,33,132,19,16,6,69,57
SZ,002381,2017-01-03 09:46:45,11.7200,3,22268.0000,19,B,11.7200,11.7100,11.7000,11.6900,11.6800,11.7400,11.7500,11.7600,11.7700,11.7900,4,37,80,32,33,16,6,69,57,21
SZ,002381,2017-01-03 09:47:06,11.7300,1,7038.0000,6,B,11.7200,11.7100,11.7000,11.6900,11.6800,11.7300,11.7400,11.7500,11.7600,11.7700,11,37,80,32,33,16,16,6,69,57
SZ,002381,2017-01-03 09:47:09,11.7300,1,9384.0000,8,B,11.7200,11.7100,11.7000,11.6900,11.6800,11.7300,11.7400,11.7500,11.7600,11.7700,11,37,80,32,33,8,16,6,69,57
SZ,002381,2017-01-03 09:47:21,11.7300,1,7038.0000,6,B,11.7200,11.7100,11.7000,11.6900,11.6800,11.7300,11.7400,11.7500,11.7600,11.7700,11,37,82,32,33,2,16,56,69,47
SZ,002381,2017-01-03 09:47:36,11.7300,5,36354.0000,31,B,11.7300,11.7200,11.7100,11.7000,11.6900,11.7400,11.7500,11.7600,11.7700,11.7900,3,2,107,73,32,29,56,69,47,21
SZ,002381,2017-01-03 09:47:57,11.7300,2,8211.0000,7,S,11.7300,11.7200,11.7100,11.7000,11.6900,11.7400,11.7500,11.7600,11.7700,11.7900,22,2,105,73,32,59,71,69,47,21
SZ,002381,2017-01-03 09:48:06,11.7400,4,22306.0000,19,B,11.7300,11.7200,11.7100,11.7000,11.6900,11.7400,11.7500,11.7600,11.7700,11.7900,19,2,105,73,32,40,71,69,47,21
SZ,002381,2017-01-03 09:48:12,11.7400,2,2348.0000,2,B,11.7300,11.7200,11.7100,11.7000,11.6900,11.7400,11.7500,11.7600,11.7700,11.7900,19,2,75,73,22,38,71,69,47,21
SZ,002381,2017-01-03 09:48:21,11.7300,1,5865.0000,5,S,11.7300,11.7200,11.7100,11.7000,11.6900,11.7400,11.7500,11.7600,11.7700,11.7900,14,2,75,73,22,48,71,69,47,21
SZ,002381,2017-01-03 09:48:24,11.7400,1,1174.0000,1,B,11.7300,11.7200,11.7100,11.7000,11.6900,11.7400,11.7500,11.7600,11.7700,11.7900,14,2,75,73,22,47,71,69,47,21
SZ,002381,2017-01-03 09:48:33,11.7300,1,3519.0000,3,S,11.7300,11.7200,11.7100,11.7000,11.6900,11.7400,11.7500,11.7600,11.7700,11.7900,41,2,75,73,22,47,71,69,47,21
SZ,002381,2017-01-03 09:48:48,11.7400,2,18784.0000,16,B,11.7300,11.7200,11.7100,11.7000,11.6900,11.7400,11.7500,11.7600,11.7700,11.7900,41,2,75,73,22,41,71,69,47,21
SZ,002381,2017-01-03 09:48:54,11.7400,2,24654.0000,21,B,11.7300,11.7200,11.7100,11.7000,11.6900,11.7400,11.7500,11.7600,11.7700,11.7900,41,2,75,73,23,26,71,69,47,21
SZ,002381,2017-01-03 09:48:57,11.7400,5,30571.0000,26,B,11.7400,11.7300,11.7200,11.7100,11.7000,11.7500,11.7600,11.7700,11.7900,11.8000,7,41,2,75,73,71,69,47,21,105
SZ,002381,2017-01-03 09:49:18,11.7500,1,7050.0000,6,B,11.7400,11.7300,11.7200,11.7100,11.7000,11.7500,11.7600,11.7700,11.7900,11.8000,107,41,2,210,65,65,69,47,25,105
SZ,002381,2017-01-03 09:49:21,11.7500,2,18800.0000,16,B,11.7400,11.7300,11.7200,11.7100,11.7000,11.7500,11.7600,11.7700,11.7900,11.8000,107,41,2,210,65,49,69,47,60,105
SZ,002381,2017-01-03 09:49:30,11.7500,1,3525.0000,3,B,11.7400,11.7300,11.7200,11.7100,11.7000,11.7500,11.7600,11.7700,11.7900,11.8000,107,41,2,210,65,46,69,47,60,105
SZ,002381,2017-01-03 09:49:33,11.7500,2,17625.0000,15,B,11.7400,11.7300,11.7200,11.7100,11.7000,11.7500,11.7600,11.7700,11.7900,11.8000,107,38,2,210,65,31,69,47,60,105
SZ,002381,2017-01-03 09:49:39,11.7400,3,45800.0000,39,S,11.7400,11.7300,11.7200,11.7100,11.7000,11.7500,11.7600,11.7700,11.7900,11.8000,84,38,2,210,65,22,69,47,76,105
SZ,002381,2017-01-03 09:49:45,11.7500,3,10575.0000,9,B,11.7400,11.7300,11.7200,11.7100,11.7000,11.7500,11.7600,11.7700,11.7900,11.8000,84,38,2,210,65,13,69,58,76,105
SZ,002381,2017-01-03 09:49:48,11.7500,2,15275.0000,13,B,11.7500,11.7400,11.7300,11.7200,11.7100,11.7600,11.7700,11.7900,11.8000,11.8100,7,104,38,2,210,69,58,76,105,14
SZ,002381,2017-01-03 09:50:00,11.7600,2,9408.0000,8,B,11.7500,11.7400,11.7300,11.7200,11.7100,11.7600,11.7700,11.7900,11.8000,11.8100,7,106,38,2,210,61,58,76,105,14
SZ,002381,2017-01-03 09:50:06,11.7600,1,16464.0000,14,B,11.7500,11.7400,11.7300,11.7200,11.7100,11.7600,11.7700,11.7900,11.8000,11.8100,7,106,38,2,210,47,58,76,105,14
SZ,002381,2017-01-03 09:50:09,11.7500,1,8225.0000,7,S,11.7400,11.7300,11.7200,11.7100,11.7000,11.7500,11.7600,11.7700,11.7900,11.8000,106,38,2,210,65,2,58,58,76,105
SZ,002381,2017-01-03 09:50:12,11.7600,2,19990.0000,17,B,11.7400,11.7300,11.7200,11.7100,11.7000,11.7600,11.7700,11.7900,11.8000,11.8100,106,38,2,210,65,43,58,76,105,14
SZ,002381,2017-01-03 09:50:15,11.7600,1,18816.0000,16,B,11.7400,11.7300,11.7200,11.7100,11.7000,11.7600,11.7700,11.7900,11.8000,11.8100,106,38,64,210,65,27,58,81,105,14
SZ,002381,2017-01-03 09:50:21,11.7600,2,11760.0000,10,B,11.7400,11.7300,11.7200,11.7100,11.7000,11.7600,11.7700,11.7900,11.8000,11.8100,106,38,64,210,65,64,58,81,105,14
SZ,002381,2017-01-03 09:50:27,11.7500,1,5875.0000,5,S,11.7400,11.7300,11.7200,11.7100,11.7000,11.7500,11.7600,11.7700,11.7900,11.8000,106,38,64,210,65,15,64,58,83,105
SZ,002381,2017-01-03 09:50:30,11.7500,1,7050.0000,6,B,11.7400,11.7300,11.7200,11.7100,11.7000,11.7500,11.7600,11.7700,11.7900,11.8000,106,38,64,210,65,9,87,58,83,105
SZ,002381,2017-01-03 09:50:36,11.7500,1,10575.0000,9,B,11.7500,11.7400,11.7300,11.7200,11.7100,11.7600,11.7700,11.7900,11.8000,11.8100,11,106,38,64,210,87,58,83,105,14
SZ,002381,2017-01-03 09:50:42,11.7600,5,32928.0000,28,B,11.7500,11.7400,11.7300,11.7200,11.7100,11.7600,11.7700,11.7900,11.8000,11.8100,15,106,38,64,210,54,58,83,105,14
SZ,002381,2017-01-03 09:50:45,11.7500,1,4700.0000,4,S,11.7500,11.7400,11.7300,11.7200,11.7100,11.7600,11.7700,11.7900,11.8000,11.8100,14,106,38,64,210,56,58,83,105,14
SZ,002381,2017-01-03 09:50:48,11.7600,1,14112.0000,12,B,11.7500,11.7400,11.7300,11.7200,11.7100,11.7600,11.7700,11.7900,11.8000,11.8100,14,106,38,64,210,44,58,86,105,14
SZ,002381,2017-01-03 09:50:51,11.7600,1,3528.0000,3,B,11.7500,11.7400,11.7300,11.7200,11.7100,11.7600,11.7700,11.7900,11.8000,11.8100,14,106,38,64,210,41,58,86,105,14
SZ,002381,2017-01-03 09:50:54,11.7500,5,32900.0000,28,S,11.7400,11.7300,11.7200,11.7100,11.7000,11.7500,11.7600,11.7700,11.7900,11.8000,128,38,64,210,65,62,41,58,86,109
SZ,002381,2017-01-03 09:51:03,11.7500,1,16450.0000,14,B,11.7400,11.7300,11.7200,11.7100,11.7000,11.7500,11.7600,11.7700,11.7900,11.8000,128,38,64,210,65,48,52,58,95,109
SZ,002381,2017-01-03 09:51:09,11.7400,1,1174.0000,1,S,11.7400,11.7300,11.7200,11.7100,11.7000,11.7500,11.7600,11.7700,11.7900,11.8000,127,38,64,210,15,48,52,58,100,109
SZ,002381,2017-01-03 09:51:12,11.7500,1,3525.0000,3,B,11.7400,11.7300,11.7200,11.7100,11.7000,11.7500,11.7600,11.7700,11.7900,11.8000,127,38,64,210,15,45,52,58,100,109
SZ,002381,2017-01-03 09:51:30,11.7500,1,52875.0000,45,B,11.7500,11.7400,11.7300,11.7200,11.7100,11.7600,11.7700,11.7800,11.7900,11.8000,14,127,39,74,260,57,58,20,110,109
SZ,002381,2017-01-03 09:51:33,11.7400,2,18798.0000,16,S,11.7400,11.7300,11.7200,11.7100,11.7000,11.7600,11.7700,11.7800,11.7900,11.8000,125,39,74,260,15,57,58,21,110,109
SZ,002381,2017-01-03 09:52:00,11.7600,2,10584.0000,9,B,11.7500,11.7400,11.7300,11.7200,11.7100,11.7600,11.7700,11.7800,11.7900,11.8000,5,125,38,74,260,48,58,79,111,149
SZ,002381,2017-01-03 09:52:06,11.7600,1,7056.0000,6,B,11.7500,11.7400,11.7300,11.7200,11.7100,11.7600,11.7700,11.7800,11.7900,11.8000,5,125,38,74,260,42,58,79,111,149
SZ,002381,2017-01-03 09:52:15,11.7400,2,23485.0000,20,S,11.7400,11.7300,11.7200,11.7100,11.7000,11.7600,11.7700,11.7800,11.7900,11.8000,110,38,194,260,19,42,58,89,111,149
SZ,002381,2017-01-03 09:52:33,11.7600,1,1176.0000,1,B,11.7500,11.7400,11.7300,11.7200,11.7100,11.7600,11.7700,11.7800,11.7900,11.8000,23,138,38,194,260,129,58,89,111,159
SZ,002381,2017-01-03 09:52:48,11.7500,3,28200.0000,24,S,11.7400,11.7300,11.7200,11.7100,11.7000,11.7500,11.7600,11.7700,11.7800,11.7900,138,38,194,260,19,10,129,56,89,111
SZ,002381,2017-01-03 09:52:57,11.7400,1,3522.0000,3,S,11.7400,11.7300,11.7200,11.7100,11.7000,11.7500,11.7600,11.7700,11.7800,11.7900,145,38,132,260,19,12,129,56,89,111
SZ,002381,2017-01-03 09:53:06,11.7500,3,29375.0000,25,B,11.7400,11.7300,11.7200,11.7100,11.7000,11.7500,11.7600,11.7700,11.7800,11.7900,145,48,132,260,19,137,134,56,89,111
SZ,002381,2017-01-03 09:53:15,11.7400,1,2348.0000,2,S,11.7400,11.7300,11.7200,11.7100,11.7000,11.7500,11.7600,11.7700,11.7800,11.7900,143,48,132,260,19,137,140,56,89,111
SZ,002381,2017-01-03 09:53:21,11.7500,1,30550.0000,26,B,11.7400,11.7300,11.7200,11.7100,11.7000,11.7500,11.7600,11.7700,11.7800,11.7900,143,48,132,260,19,179,140,156,89,111
SZ,002381,2017-01-03 09:53:27,11.7400,1,28176.0000,24,S,11.7400,11.7300,11.7200,11.7100,11.7000,11.7500,11.7600,11.7700,11.7800,11.7900,119,48,132,260,19,179,140,156,89,111
SZ,002381,2017-01-03 09:53:54,11.7500,1,5875.0000,5,B,11.7400,11.7300,11.7200,11.7100,11.7000,11.7500,11.7600,11.7700,11.7800,11.7900,138,48,132,260,19,200,142,156,89,111
SZ,002381,2017-01-03 09:53:57,11.7400,6,117400.0000,100,S,11.7400,11.7300,11.7200,11.7100,11.7000,11.7500,11.7600,11.7700,11.7800,11.7900,38,48,132,260,19,200,145,156,89,111
SZ,002381,2017-01-03 09:54:15,11.7400,3,23480.0000,20,S,11.7400,11.7300,11.7200,11.7100,11.7000,11.7500,11.7600,11.7700,11.7800,11.7900,0,48,30,260,49,146,155,156,89,111
SZ,002381,2017-01-03 09:54:18,11.7400,1,1127.0000,1,S,11.7300,11.7200,11.7100,11.7000,11.6900,11.7400,11.7500,11.7600,11.7700,11.7800,48,30,260,49,1,3,172,155,156,89
SZ,002381,2017-01-03 09:54:39,11.7300,2,16422.0000,14,S,11.7300,11.7200,11.7100,11.7000,11.6900,11.7400,11.7500,11.7600,11.7700,11.7800,34,12,260,49,47,61,172,165,156,89
SZ,002381,2017-01-03 09:54:57,11.7300,2,39882.0000,34,S,11.7200,11.7100,11.7000,11.6900,11.6800,11.7300,11.7400,11.7500,11.7600,11.7700,18,260,49,47,20,32,184,172,165,156
SZ,002381,2017-01-03 09:55:24,11.7200,1,1172.0000,1,S,11.7200,11.7100,11.7000,11.6900,11.6800,11.7300,11.7400,11.7500,11.7600,11.7700,18,260,49,47,20,37,188,172,165,136
SZ,002381,2017-01-03 09:55:42,11.7200,4,21096.0000,18,S,11.7100,11.7000,11.6900,11.6800,11.6700,11.7200,11.7300,11.7400,11.7500,11.7600,260,49,47,20,87,1,28,188,172,165
SZ,002381,2017-01-03 09:55:54,11.7300,2,3518.0000,3,B,11.7100,11.7000,11.6900,11.6800,11.6700,11.7300,11.7400,11.7500,11.7600,11.7700,260,52,47,20,87,26,188,172,77,136
SZ,002381,2017-01-03 09:56:06,11.7100,1,1171.0000,1,S,11.7100,11.7000,11.6900,11.6800,11.6700,11.7200,11.7300,11.7400,11.7500,11.7600,259,102,47,20,84,61,15,188,172,77
SZ,002381,2017-01-03 09:56:27,11.7200,1,58600.0000,50,B,11.7100,11.7000,11.6900,11.6800,11.6700,11.7200,11.7300,11.7400,11.7500,11.7600,259,102,47,20,84,111,15,183,172,77
SZ,002381,2017-01-03 09:56:33,11.7100,2,18736.0000,16,S,11.7100,11.7000,11.6900,11.6800,11.6700,11.7200,11.7300,11.7400,11.7500,11.7600,243,102,47,20,84,113,15,183,172,77
SZ,002381,2017-01-03 09:56:36,11.7200,2,4688.0000,4,B,11.7100,11.7000,11.6900,11.6800,11.6700,11.7200,11.7300,11.7400,11.7500,11.7600,243,102,47,20,84,109,17,183,172,77
SZ,002381,2017-01-03 09:56:51,11.7200,2,35160.0000,30,B,11.7100,11.7000,11.6900,11.6800,11.6700,11.7200,11.7300,11.7400,11.7500,11.7600,244,90,47,20,84,79,17,183,172,77
SZ,002381,2017-01-03 09:56:54,11.7200,1,1172.0000,1,B,11.7100,11.7000,11.6900,11.6800,11.6700,11.7200,11.7300,11.7400,11.7500,11.7600,254,90,47,20,84,83,17,183,172,77
SZ,002381,2017-01-03 09:57:21,11.7200,1,7032.0000,6,B,11.7100,11.7000,11.6900,11.6800,11.6700,11.7200,11.7300,11.7400,11.7500,11.7600,128,98,47,20,84,177,17,183,172,72
SZ,002381,2017-01-03 09:57:30,11.7200,1,9376.0000,8,B,11.7100,11.7000,11.6900,11.6800,11.6700,11.7200,11.7300,11.7400,11.7500,11.7600,178,98,47,20,84,169,17,183,146,72
SZ,002381,2017-01-03 09:57:33,11.7200,4,158220.0000,135,B,11.7100,11.7000,11.6900,11.6800,11.6700,11.7200,11.7300,11.7400,11.7500,11.7600,180,98,47,20,84,34,17,183,146,72
SZ,002381,2017-01-03 09:57:57,11.7200,1,1172.0000,1,B,11.7200,11.7100,11.7000,11.6900,11.6800,11.7300,11.7400,11.7500,11.7600,11.7700,25,180,98,52,20,17,183,146,72,136
SZ,002381,2017-01-03 09:58:09,11.7200,1,11720.0000,10,S,11.7200,11.7100,11.7000,11.6900,11.6800,11.7300,11.7400,11.7500,11.7600,11.7700,15,180,98,26,20,17,183,146,72,188
SZ,002381,2017-01-03 09:58:12,11.7300,1,4692.0000,4,B,11.7200,11.7100,11.7000,11.6900,11.6800,11.7300,11.7400,11.7500,11.7600,11.7700,33,180,98,26,20,13,183,146,72,188
SZ,002381,2017-01-03 09:58:18,11.7200,3,38676.0000,33,S,11.7100,11.7000,11.6900,11.6800,11.6700,11.7300,11.7400,11.7500,11.7600,11.7700,180,98,26,20,84,13,183,146,72,188
SZ,002381,2017-01-03 09:58:27,11.7300,2,11730.0000,10,B,11.7100,11.7000,11.6900,11.6800,11.6700,11.7300,11.7400,11.7500,11.7600,11.7700,180,98,26,20,84,41,183,146,72,188
SZ,002381,2017-01-03 09:59:18,11.7200,6,55084.0000,47,S,11.7100,11.7000,11.6900,11.6800,11.6700,11.7200,11.7300,11.7400,11.7500,11.7600,180,98,26,20,84,1,51,183,146,72
SZ,002381,2017-01-03 10:00:06,11.7200,4,14064.0000,12,B,11.7100,11.7000,11.6900,11.6800,11.6700,11.7200,11.7300,11.7400,11.7500,11.7600,190,98,26,20,84,6,71,183,143,72
SZ,002381,2017-01-03 10:00:18,11.7200,1,7032.0000,6,B,11.7200,11.7100,11.7000,11.6900,11.6800,11.7300,11.7400,11.7500,11.7600,11.7700,14,191,98,26,20,104,183,143,72,188
SZ,002381,2017-01-03 10:00:30,11.7200,1,8204.0000,7,S,11.7200,11.7100,11.7000,11.6900,11.6800,11.7300,11.7400,11.7500,11.7600,11.7700,7,191,111,26,20,104,183,143,72,188
SZ,002381,2017-01-03 10:00:51,11.7200,1,8204.0000,7,S,11.7100,11.7000,11.6900,11.6800,11.6700,11.7200,11.7300,11.7400,11.7500,11.7600,191,111,26,20,68,2,104,7,122,72
SZ,002381,2017-01-03 10:00:57,11.7200,1,2344.0000,2,B,11.7200,11.7100,11.7000,11.6900,11.6800,11.7300,11.7400,11.7500,11.7600,11.7700,13,191,111,26,20,104,7,122,72,188
SZ,002381,2017-01-03 10:01:33,11.7200,1,3516.0000,3,S,11.7200,11.7100,11.7000,11.6900,11.6800,11.7300,11.7400,11.7500,11.7600,11.7700,24,191,126,26,20,125,33,122,72,188
SZ,002381,2017-01-03 10:01:36,11.7200,2,28128.0000,24,S,11.7100,11.7000,11.6900,11.6800,11.6700,11.7200,11.7300,11.7400,11.7500,11.7600,191,126,26,20,68,3,125,33,122,72
SZ,002381,2017-01-03 10:01:45,11.7200,1,3516.0000,3,B,11.7200,11.7100,11.7000,11.6900,11.6800,11.7300,11.7400,11.7500,11.7600,11.7700,1,191,126,26,20,125,33,122,72,188
SZ,002381,2017-01-03 10:01:51,11.7200,1,1172.0000,1,S,11.7100,11.7000,11.6900,11.6800,11.6700,11.7200,11.7300,11.7400,11.7500,11.7600,191,126,26,20,68,29,125,33,122,72
SZ,002381,2017-01-03 10:01:54,11.7100,2,52695.0000,45,S,11.7100,11.7000,11.6900,11.6800,11.6700,11.7200,11.7300,11.7400,11.7500,11.7600,147,126,26,20,68,29,130,33,122,72
SZ,002381,2017-01-03 10:02:09,11.7100,5,81970.0000,70,S,11.7100,11.7000,11.6900,11.6800,11.6700,11.7200,11.7300,11.7400,11.7500,11.7600,85,126,26,20,68,49,130,33,122,72
SZ,002381,2017-01-03 10:02:12,11.7100,2,60892.0000,52,S,11.7100,11.7000,11.6900,11.6800,11.6700,11.7200,11.7300,11.7400,11.7500,11.7600,33,126,26,20,68,49,130,33,122,72
SZ,002381,2017-01-03 10:02:18,11.7100,3,23420.0000,20,S,11.7100,11.7000,11.6900,11.6800,11.6700,11.7200,11.7300,11.7400,11.7500,11.7600,13,126,26,20,68,49,130,33,122,72
SZ,002381,2017-01-03 10:02:27,11.7200,3,77352.0000,66,B,11.7200,11.7100,11.7000,11.6900,11.6800,11.7300,11.7400,11.7500,11.7600,11.7700,28,13,126,26,20,130,33,122,72,188
SZ,002381,2017-01-03 10:02:42,11.7200,1,32816.0000,28,S,11.7100,11.7000,11.6900,11.6800,11.6700,11.7200,11.7300,11.7400,11.7500,11.7600,13,126,26,15,68,248,130,33,122,72
SZ,002381,2017-01-03 10:02:45,11.7200,1,11720.0000,10,B,11.7100,11.7000,11.6900,11.6800,11.6700,11.7200,11.7300,11.7400,11.7500,11.7600,13,126,26,15,68,238,130,33,122,72
SZ,002381,2017-01-03 10:03:06,11.7100,6,51793.0000,44,S,11.7000,11.6900,11.6800,11.6700,11.6600,11.7100,11.7200,11.7300,11.7400,11.7500,158,26,15,68,464,15,238,479,33,122
SZ,002381,2017-01-03 10:03:30,11.7000,4,11700.0000,10,S,11.7000,11.6900,11.6800,11.6700,11.6600,11.7100,11.7200,11.7300,11.7400,11.7500,148,26,17,68,474,15,62,454,33,122
SZ,002381,2017-01-03 10:03:45,11.7100,3,23420.0000,20,B,11.7000,11.6900,11.6800,11.6700,11.6600,11.7100,11.7200,11.7300,11.7400,11.7500,149,26,17,73,474,74,67,454,33,122
SZ,002381,2017-01-03 10:03:48,11.7000,9,174330.0000,149,S,11.6900,11.6800,11.6700,11.6600,11.6500,11.7100,11.7200,11.7300,11.7400,11.7500,26,17,73,474,219,74,67,454,33,122
SZ,002381,2017-01-03 10:03:57,11.6900,3,30394.0000,26,S,11.6800,11.6700,11.6600,11.6500,11.6300,11.7100,11.7200,11.7300,11.7400,11.7500,17,73,474,219,9,99,67,449,33,122
SZ,002381,2017-01-03 10:04:06,11.6800,2,19856.0000,17,S,11.6700,11.6600,11.6500,11.6300,11.6100,11.7100,11.7200,11.7300,11.7400,11.7500,73,474,219,9,52,99,67,449,33,122
SZ,002381,2017-01-03 10:04:15,11.6700,5,85191.0000,73,S,11.6600,11.6500,11.6300,11.6100,11.6000,11.7100,11.7200,11.7300,11.7400,11.7500,474,219,9,52,281,99,67,449,33,122
SZ,002381,2017-01-03 10:04:27,11.6600,1,20988.0000,18,S,11.6700,11.6600,11.6500,11.6300,11.6100,11.7100,11.7200,11.7300,11.7400,11.7500,9,456,219,9,52,99,82,449,33,122
SZ,002381,2017-01-03 10:05:18,11.6900,1,16366.0000,14,B,11.6800,11.6700,11.6600,11.6500,11.6300,11.6900,11.7000,11.7100,11.7200,11.7300,1,185,501,279,9,2,10,199,134,447
SZ,002381,2017-01-03 10:05:33,11.7000,2,9358.0000,8,B,11.6800,11.6700,11.6600,11.6500,11.6300,11.7000,11.7100,11.7200,11.7300,11.7400,21,185,536,279,9,4,199,134,447,33
SZ,002381,2017-01-03 10:06:00,11.7000,1,3510.0000,3,B,11.6800,11.6700,11.6600,11.6500,11.6300,11.7000,11.7100,11.7200,11.7300,11.7400,26,188,554,558,15,1,225,134,447,33
SZ,002381,2017-01-03 10:06:33,11.7000,2,2340.0000,2,B,11.6900,11.6800,11.6700,11.6600,11.6500,11.7000,11.7100,11.7200,11.7300,11.7400,1,138,110,524,558,18,225,134,447,33
SZ,002381,2017-01-03 10:06:42,11.6900,1,1169.0000,1,S,11.6800,11.6700,11.6600,11.6500,11.6400,11.6900,11.7000,11.7100,11.7200,11.7300,138,110,524,558,4,10,18,199,134,447
SZ,002381,2017-01-03 10:06:54,11.6900,1,11690.0000,10,B,11.6900,11.6800,11.6700,11.6600,11.6500,11.7000,11.7100,11.7200,11.7300,11.7400,14,138,110,529,558,18,199,134,447,33
SZ,002381,2017-01-03 10:07:18,11.7000,3,10530.0000,9,B,11.6900,11.6800,11.6700,11.6600,11.6500,11.7000,11.7100,11.7200,11.7300,11.7400,47,138,145,529,558,9,199,134,447,33
SZ,002381,2017-01-03 10:07:30,11.7000,1,3510.0000,3,B,11.6900,11.6800,11.6700,11.6600,11.6500,11.7000,11.7100,11.7200,11.7300,11.7400,61,138,145,519,558,6,99,134,447,33
SZ,002381,2017-01-03 10:07:39,11.7000,1,7020.0000,6,B,11.7000,11.6900,11.6800,11.6700,11.6600,11.7100,11.7200,11.7300,11.7400,11.7500,14,61,138,138,519,99,134,447,33,130
SZ,002381,2017-01-03 10:07:42,11.7100,1,1171.0000,1,B,11.7000,11.6900,11.6800,11.6700,11.6600,11.7100,11.7200,11.7300,11.7400,11.7500,14,61,138,138,519,98,134,447,33,125
SZ,002381,2017-01-03 10:07:48,11.7000,2,19890.0000,17,S,11.6900,11.6800,11.6700,11.6600,11.6500,11.7000,11.7100,11.7200,11.7300,11.7400,61,137,138,519,558,83,98,134,447,33
SZ,002381,2017-01-03 10:08:21,11.7000,1,10530.0000,9,B,11.6900,11.6800,11.6700,11.6600,11.6500,11.7000,11.7100,11.7200,11.7300,11.7400,93,147,168,519,593,76,98,134,447,33
SZ,002381,2017-01-03 10:08:36,11.7000,1,22230.0000,19,B,11.6900,11.6800,11.6700,11.6600,11.6500,11.7000,11.7100,11.7200,11.7300,11.7400,97,142,168,519,593,57,98,134,447,33
SZ,002381,2017-01-03 10:08:48,11.7000,1,11700.0000,10,B,11.6900,11.6800,11.6700,11.6600,11.6500,11.7000,11.7100,11.7200,11.7300,11.7400,87,142,168,519,597,47,98,134,447,7
SZ,002381,2017-01-03 10:09:12,11.7000,1,1170.0000,1,B,11.6900,11.6800,11.6700,11.6600,11.6500,11.7000,11.7100,11.7200,11.7300,11.7400,88,142,177,519,597,46,98,134,447,7
SZ,002381,2017-01-03 10:09:30,11.7000,1,10530.0000,9,B,11.6900,11.6800,11.6700,11.6600,11.6500,11.7000,11.7100,11.7200,11.7300,11.7400,108,142,215,526,597,437,98,134,447,7
SZ,002381,2017-01-03 10:09:36,11.7000,1,1170.0000,1,B,11.6900,11.6800,11.6700,11.6600,11.6500,11.7000,11.7100,11.7200,11.7300,11.7400,108,142,215,526,597,436,98,134,447,7
SZ,002381,2017-01-03 10:10:06,11.6900,12,116900.0000,100,S,11.6900,11.6800,11.6700,11.6600,11.6500,11.7000,11.7100,11.7200,11.7300,11.7400,8,142,215,526,562,438,98,134,447,7
SZ,002381,2017-01-03 10:10:27,11.6900,1,2338.0000,2,S,11.6900,11.6800,11.6700,11.6600,11.6500,11.7000,11.7100,11.7200,11.7300,11.7400,6,347,215,526,562,438,25,134,447,7
SZ,002381,2017-01-03 10:10:39,11.7000,3,117000.0000,100,B,11.6900,11.6800,11.6700,11.6600,11.6500,11.7000,11.7100,11.7200,11.7300,11.7400,6,347,215,526,562,336,25,134,447,7
SZ,002381,2017-01-03 10:11:00,11.6900,1,1169.0000,1,S,11.6900,11.6800,11.6700,11.6600,11.6500,11.7000,11.7100,11.7200,11.7300,11.7400,10,347,218,526,562,356,25,134,447,7
SZ,002381,2017-01-03 10:11:03,11.7000,1,5850.0000,5,B,11.6900,11.6800,11.6700,11.6600,11.6500,11.7000,11.7100,11.7200,11.7300,11.7400,10,347,218,526,562,351,25,134,447,7
SZ,002381,2017-01-03 10:11:27,11.7000,1,4680.0000,4,B,11.6900,11.6800,11.6700,11.6600,11.6500,11.7000,11.7100,11.7200,11.7300,11.7400,12,377,218,526,584,347,25,134,447,7
SZ,002381,2017-01-03 10:11:33,11.7000,1,1170.0000,1,B,11.6900,11.6800,11.6700,11.6600,11.6500,11.7000,11.7100,11.7200,11.7300,11.7400,12,377,218,526,584,355,25,134,439,7
SZ,002381,2017-01-03 10:11:51,11.6900,4,37408.0000,32,S,11.6800,11.6700,11.6600,11.6500,11.6400,11.6900,11.7000,11.7100,11.7200,11.7300,377,218,526,584,4,41,337,25,134,439
SZ,002381,2017-01-03 10:12:09,11.6900,1,1169.0000,1,B,11.6800,11.6700,11.6600,11.6500,11.6400,11.6900,11.7000,11.7100,11.7200,11.7300,377,218,526,584,4,71,335,25,134,439
SZ,002381,2017-01-03 10:12:12,11.6800,2,37376.0000,32,S,11.6800,11.6700,11.6600,11.6500,11.6400,11.6900,11.7000,11.7100,11.7200,11.7300,345,216,526,584,4,71,335,25,134,439
SZ,002381,2017-01-03 10:12:15,11.6900,1,3507.0000,3,B,11.6800,11.6700,11.6600,11.6500,11.6400,11.6900,11.7000,11.7100,11.7200,11.7300,345,216,526,584,4,68,335,25,134,439
SZ,002381,2017-01-03 10:12:24,11.6900,4,80392.0000,69,B,11.6900,11.6800,11.6700,11.6600,11.6500,11.7000,11.7100,11.7200,11.7300,11.7400,231,345,216,526,584,359,25,134,439,7
SZ,002381,2017-01-03 10:12:30,11.6900,1,2338.0000,2,S,11.6900,11.6800,11.6700,11.6600,11.6500,11.7000,11.7100,11.7200,11.7300,11.7400,231,345,216,526,584,359,25,134,439,7
SZ,002381,2017-01-03 10:12:33,11.7000,1,33930.0000,29,B,11.6900,11.6800,11.6700,11.6600,11.6500,11.7000,11.7100,11.7200,11.7300,11.7400,232,345,216,526,584,330,25,134,439,7
SZ,002381,2017-01-03 10:12:36,11.7000,1,86580.0000,74,B,11.6900,11.6800,11.6700,11.6600,11.6500,11.7000,11.7100,11.7200,11.7300,11.7400,232,345,216,526,584,256,25,134,439,7
SZ,002381,2017-01-03 10:12:54,11.7000,1,234000.0000,200,B,11.6900,11.6800,11.6700,11.6600,11.6500,11.7000,11.7100,11.7200,11.7300,11.7400,232,345,178,526,584,56,25,134,52,7
SZ,002381,2017-01-03 10:13:03,11.7000,4,65520.0000,56,B,11.7000,11.6900,11.6800,11.6700,11.6600,11.7100,11.7200,11.7300,11.7400,11.7500,36,230,345,143,526,25,134,52,7,155
SZ,002381,2017-01-03 10:13:12,11.6900,2,63162.0000,54,S,11.6900,11.6800,11.6700,11.6600,11.6500,11.7100,11.7200,11.7300,11.7400,11.7500,212,335,143,526,584,40,72,52,7,49
SZ,002381,2017-01-03 10:13:39,11.7000,1,1170.0000,1,S,11.7000,11.6900,11.6800,11.6700,11.6600,11.7200,11.7300,11.7400,11.7500,11.7600,24,212,335,129,528,72,52,7,49,72
SZ,002381,2017-01-03 10:13:48,11.7200,3,35160.0000,30,B,11.7100,11.7000,11.6900,11.6800,11.6700,11.7200,11.7300,11.7400,11.7500,11.7600,49,29,211,335,129,42,52,7,49,72
SZ,002381,2017-01-03 10:14:15,11.7200,1,11720.0000,10,B,11.7100,11.7000,11.6900,11.6800,11.6700,11.7200,11.7300,11.7400,11.7500,11.7600,55,27,254,335,129,32,52,7,39,72
SZ,002381,2017-01-03 10:14:18,11.7200,1,5860.0000,5,B,11.7100,11.7000,11.6900,11.6800,11.6700,11.7200,11.7300,11.7400,11.7500,11.7600,55,27,254,335,129,27,52,7,39,72
SZ,002381,2017-01-03 10:14:39,11.7100,1,23420.0000,20,S,11.7100,11.7000,11.6900,11.6800,11.6700,11.7200,11.7300,11.7400,11.7500,11.7600,36,22,254,335,129,42,401,7,39,72
SZ,002381,2017-01-03 10:14:45,11.7200,1,5860.0000,5,B,11.7100,11.7000,11.6900,11.6800,11.6700,11.7200,11.7300,11.7400,11.7500,11.7600,36,22,254,335,129,37,401,7,39,72
SZ,002381,2017-01-03 10:14:51,11.7000,8,67896.0000,58,S,11.6900,11.6800,11.6700,11.6600,11.6500,11.7000,11.7200,11.7300,11.7400,11.7500,254,335,139,541,584,473,37,401,7,39
SZ,002381,2017-01-03 10:14:57,11.7000,1,11700.0000,10,B,11.6900,11.6800,11.6700,11.6600,11.6500,11.7000,11.7200,11.7300,11.7400,11.7500,254,335,139,541,584,463,37,401,7,39
SZ,002381,2017-01-03 10:15:15,11.7000,1,35100.0000,30,B,11.6900,11.6800,11.6700,11.6600,11.6500,11.7000,11.7200,11.7300,11.7400,11.7500,259,371,139,541,584,433,37,401,7,39
SZ,002381,2017-01-03 10:15:33,11.6900,1,11690.0000,10,S,11.6900,11.6800,11.6700,11.6600,11.6500,11.7000,11.7200,11.7300,11.7400,11.7500,249,371,139,541,584,433,62,401,7,39
SZ,002381,2017-01-03 10:15:48,11.7000,1,29250.0000,25,B,11.6900,11.6800,11.6700,11.6600,11.6500,11.7000,11.7200,11.7300,11.7400,11.7500,249,371,159,528,584,408,62,52,7,39
SZ,002381,2017-01-03 10:15:51,11.7000,1,15210.0000,13,B,11.6900,11.6800,11.6700,11.6600,11.6500,11.7000,11.7200,11.7300,11.7400,11.7500,249,371,159,528,584,395,62,52,7,39
SZ,002381,2017-01-03 10:16:15,11.7000,1,9360.0000,8,B,11.6900,11.6800,11.6700,11.6600,11.6500,11.7000,11.7200,11.7300,11.7400,11.7500,272,371,159,528,584,387,411,52,7,39
SZ,002381,2017-01-03 10:16:24,11.6900,2,40925.0000,35,S,11.6900,11.6800,11.6700,11.6600,11.6500,11.7000,11.7200,11.7300,11.7400,11.7500,247,371,159,528,584,377,411,52,7,39
SZ,002381,2017-01-03 10:16:45,11.6900,1,22211.0000,19,S,11.6900,11.6800,11.6700,11.6600,11.6500,11.7000,11.7200,11.7300,11.7400,11.7500,226,371,159,528,594,377,411,52,7,39
SZ,002381,2017-01-03 10:17:39,11.7000,10,447247.0000,382,B,11.7000,11.6800,11.6700,11.6600,11.6500,11.7200,11.7300,11.7400,11.7500,11.7600,5,224,159,528,594,417,31,7,39,72
SZ,002381,2017-01-03 10:18:09,11.7000,1,3510.0000,3,S,11.7000,11.6900,11.6800,11.6700,11.6600,11.7200,11.7300,11.7400,11.7500,11.7600,302,38,224,159,528,392,31,7,39,72
SZ,002381,2017-01-03 10:18:21,11.7000,2,16380.0000,14,S,11.7000,11.6900,11.6800,11.6700,11.6600,11.7100,11.7200,11.7300,11.7400,11.7500,350,38,224,159,528,21,386,31,7,39
SZ,002381,2017-01-03 10:18:24,11.7100,1,1171.0000,1,B,11.7000,11.6900,11.6800,11.6700,11.6600,11.7100,11.7200,11.7300,11.7400,11.7500,350,38,224,159,528,20,386,31,7,39
SZ,002381,2017-01-03 10:19:18,11.7000,2,17555.0000,15,S,11.7000,11.6900,11.6800,11.6700,11.6600,11.7100,11.7200,11.7300,11.7400,11.7500,341,38,224,169,530,31,386,37,7,39
SZ,002381,2017-01-03 10:19:42,11.7000,2,351000.0000,300,S,11.7000,11.6900,11.6800,11.6700,11.6600,11.7100,11.7200,11.7300,11.7400,11.7500,41,38,224,178,530,32,386,37,7,39
SZ,002381,2017-01-03 10:20:00,11.7000,1,16380.0000,14,S,11.7000,11.6900,11.6800,11.6700,11.6600,11.7100,11.7200,11.7300,11.7400,11.7500,27,38,224,178,530,27,386,37,7,39
SZ,002381,2017-01-03 10:20:03,11.7000,2,31590.0000,27,S,11.6900,11.6800,11.6700,11.6600,11.6500,11.7000,11.7100,11.7200,11.7300,11.7400,38,224,178,530,595,16,27,386,37,7
SZ,002381,2017-01-03 10:20:12,11.7000,1,18720.0000,16,B,11.7000,11.6900,11.6800,11.6700,11.6600,11.7100,11.7200,11.7300,11.7400,11.7500,3,38,224,178,530,27,386,37,7,39
SZ,002381,2017-01-03 10:20:24,11.7100,1,1171.0000,1,B,11.7000,11.6900,11.6800,11.6700,11.6600,11.7100,11.7200,11.7300,11.7400,11.7500,3,38,224,178,530,30,386,37,7,41
SZ,002381,2017-01-03 10:20:33,11.7000,2,4680.0000,4,S,11.6900,11.6800,11.6700,11.6600,11.6500,11.7000,11.7100,11.7200,11.7300,11.7400,38,224,178,528,595,2,30,386,17,7
SZ,002381,2017-01-03 10:20:48,11.6900,6,45618.0000,39,S,11.6900,11.6800,11.6700,11.6600,11.6500,11.7100,11.7200,11.7300,11.7400,11.7500,16,224,178,528,595,20,386,17,7,41
SZ,002381,2017-01-03 10:21:06,11.7100,1,3513.0000,3,B,11.7000,11.6900,11.6800,11.6700,11.6600,11.7100,11.7200,11.7300,11.7400,11.7500,30,16,224,178,528,17,386,17,7,41
SZ,002381,2017-01-03 10:21:21,11.7100,1,1171.0000,1,B,11.7000,11.6900,11.6800,11.6700,11.6600,11.7100,11.7200,11.7300,11.7400,11.7500,30,16,228,178,528,16,37,17,7,41
SZ,002381,2017-01-03 10:21:36,11.7100,2,14052.0000,12,B,11.7100,11.7000,11.6900,11.6800,11.6700,11.7200,11.7300,11.7400,11.7500,11.7600,8,44,24,228,178,37,17,7,41,72
SZ,002381,2017-01-03 10:21:39,11.7000,2,11708.0000,10,S,11.7000,11.6900,11.6800,11.6700,11.6600,11.7200,11.7300,11.7400,11.7500,11.7600,42,28,228,178,528,37,17,7,41,72
SZ,002381,2017-01-03 10:21:54,11.7100,1,1171.0000,1,B,11.7000,11.6900,11.6800,11.6700,11.6600,11.7100,11.7200,11.7300,11.7400,11.7500,42,28,228,178,528,70,37,17,7,41
SZ,002381,2017-01-03 10:21:57,11.7000,2,49140.0000,42,S,11.6900,11.6800,11.6700,11.6600,11.6500,11.7000,11.7100,11.7200,11.7300,11.7400,28,228,178,528,595,58,70,37,17,7
SZ,002381,2017-01-03 10:22:21,11.7000,2,42120.0000,36,B,11.6900,11.6800,11.6700,11.6600,11.6500,11.7000,11.7100,11.7200,11.7300,11.7400,58,228,178,528,595,33,70,37,17,7
SZ,002381,2017-01-03 10:22:24,11.7000,1,7020.0000,6,B,11.6900,11.6800,11.6700,11.6600,11.6500,11.7000,11.7100,11.7200,11.7300,11.7400,58,228,178,528,595,27,70,37,17,7
SZ,002381,2017-01-03 10:22:27,11.7000,2,24561.0000,21,B,11.6900,11.6800,11.6700,11.6600,11.6500,11.7000,11.7100,11.7200,11.7300,11.7400,49,228,178,528,595,15,70,37,17,7
SZ,002381,2017-01-03 10:23:03,11.7000,2,11700.0000,10,B,11.6900,11.6800,11.6700,11.6600,11.6500,11.7000,11.7100,11.7200,11.7300,11.7400,89,228,180,528,595,5,66,37,17,7
SZ,002381,2017-01-03 10:23:09,11.7000,1,4680.0000,4,B,11.6900,11.6800,11.6700,11.6600,11.6500,11.7000,11.7100,11.7200,11.7300,11.7400,89,228,180,528,595,1,66,37,17,7
SZ,002381,2017-01-03 10:23:21,11.6900,4,43253.0000,37,S,11.6900,11.6800,11.6700,11.6600,11.6500,11.7000,11.7100,11.7200,11.7300,11.7400,52,228,180,528,595,1,66,37,17,7
SZ,002381,2017-01-03 10:23:27,11.7000,1,1170.0000,1,B,11.7000,11.6900,11.6800,11.6700,11.6600,11.7100,11.7200,11.7300,11.7400,11.7500,8,102,228,215,528,66,37,27,7,41
SZ,002381,2017-01-03 10:23:30,11.7100,1,3513.0000,3,B,11.7000,11.6900,11.6800,11.6700,11.6600,11.7100,11.7200,11.7300,11.7400,11.7500,8,102,228,215,528,63,37,27,7,41
SZ,002381,2017-01-03 10:23:48,11.7100,3,76079.0000,65,B,11.7100,11.7000,11.6900,11.6800,11.6700,11.7200,11.7300,11.7400,11.7500,11.7600,36,14,102,203,215,37,27,7,41,75
SZ,002381,2017-01-03 10:23:51,11.7100,1,4684.0000,4,S,11.7100,11.7000,11.6900,11.6800,11.6700,11.7200,11.7300,11.7400,11.7500,11.7600,32,14,101,203,215,37,27,7,41,75
SZ,002381,2017-01-03 10:24:09,11.7200,2,43364.0000,37,B,11.7200,11.7100,11.7000,11.6900,11.6800,11.7300,11.7400,11.7500,11.7600,11.7700,13,51,14,101,203,27,7,41,75,206
SZ,002381,2017-01-03 10:24:15,11.7200,2,29300.0000,25,S,11.7200,11.7100,11.7000,11.6900,11.6800,11.7300,11.7400,11.7500,11.7600,11.7700,19,51,14,99,203,27,7,41,75,206
SZ,002381,2017-01-03 10:25:00,11.7200,1,4688.0000,4,S,11.7200,11.7100,11.7000,11.6900,11.6800,11.7300,11.7400,11.7500,11.7600,11.7700,166,33,14,108,203,27,7,54,115,206
SZ,002381,2017-01-03 10:25:09,11.7300,2,10557.0000,9,B,11.7200,11.7100,11.7000,11.6900,11.6800,11.7300,11.7400,11.7500,11.7600,11.7700,116,33,14,108,203,18,7,54,115,206
SZ,002381,2017-01-03 10:25:18,11.7300,3,21114.0000,18,B,11.7300,11.7200,11.7100,11.7000,11.6900,11.7400,11.7500,11.7600,11.7700,11.7800,32,119,33,14,108,7,54,115,206,152
SZ,002381,2017-01-03 10:25:27,11.7400,3,17610.0000,15,B,11.7300,11.7200,11.7100,11.7000,11.6900,11.7400,11.7500,11.7600,11.7700,11.7800,47,104,32,14,108,42,54,115,206,152
SZ,002381,2017-01-03 10:25:42,11.7300,1,16422.0000,14,S,11.7300,11.7200,11.7100,11.7000,11.6900,11.7400,11.7500,11.7600,11.7700,11.7800,34,104,32,14,108,42,77,115,206,152
SZ,002381,2017-01-03 10:26:03,11.7400,1,3522.0000,3,B,11.7300,11.7200,11.7100,11.7000,11.6900,11.7400,11.7500,11.7600,11.7700,11.7800,34,104,32,14,108,39,75,115,206,152
SZ,002381,2017-01-03 10:26:33,11.7400,5,48134.0000,41,B,11.7300,11.7200,11.7100,11.7000,11.6900,11.7400,11.7500,11.7600,11.7700,11.7800,34,103,32,14,112,98,75,120,206,152
SZ,002381,2017-01-03 10:26:42,11.7400,1,5870.0000,5,B,11.7300,11.7200,11.7100,11.7000,11.6900,11.7400,11.7500,11.7600,11.7700,11.7800,34,103,32,14,112,94,75,120,206,152
SZ,002381,2017-01-03 10:26:45,11.7400,1,1174.0000,1,B,11.7300,11.7200,11.7100,11.7000,11.6900,11.7400,11.7500,11.7600,11.7700,11.7800,34,103,32,14,112,93,75,120,206,152
SZ,002381,2017-01-03 10:26:51,11.7400,1,58700.0000,50,B,11.7300,11.7200,11.7100,11.7000,11.6900,11.7400,11.7500,11.7600,11.7700,11.7800,64,103,32,14,112,43,75,120,206,152
SZ,002381,2017-01-03 10:26:54,11.7400,2,50528.0000,43,B,11.7400,11.7300,11.7200,11.7100,11.7000,11.7500,11.7600,11.7700,11.7800,11.7900,246,64,103,32,14,75,120,206,152,410
SZ,002381,2017-01-03 10:27:03,11.7500,2,35250.0000,30,B,11.7400,11.7300,11.7200,11.7100,11.7000,11.7500,11.7600,11.7700,11.7800,11.7900,247,64,103,32,14,45,120,206,152,410
SZ,002381,2017-01-03 10:27:18,11.7500,1,11750.0000,10,B,11.7400,11.7300,11.7200,11.7100,11.7000,11.7500,11.7600,11.7700,11.7800,11.7900,247,34,103,32,14,56,90,206,152,410
SZ,002381,2017-01-03 10:27:30,11.7500,1,2350.0000,2,B,11.7400,11.7300,11.7200,11.7100,11.7000,11.7500,11.7600,11.7700,11.7800,11.7900,247,34,103,32,14,398,90,206,152,410
SZ,002381,2017-01-03 10:27:42,11.7400,1,27002.0000,23,S,11.7400,11.7300,11.7200,11.7100,11.7000,11.7500,11.7600,11.7700,11.7800,11.7900,224,34,103,32,14,398,178,206,152,410
SZ,002381,2017-01-03 10:28:03,11.7500,3,9400.0000,8,B,11.7400,11.7300,11.7200,11.7100,11.7000,11.7500,11.7600,11.7700,11.7800,11.7900,274,34,103,32,14,390,100,206,172,410
SZ,002381,2017-01-03 10:28:30,11.7400,1,35220.0000,30,S,11.7400,11.7300,11.7200,11.7100,11.7000,11.7500,11.7600,11.7700,11.7800,11.7900,244,34,103,32,14,392,95,206,175,410
SZ,002381,2017-01-03 10:28:36,11.7500,2,3523.0000,3,B,11.7400,11.7300,11.7200,11.7100,11.7000,11.7500,11.7600,11.7700,11.7800,11.7900,242,33,103,32,14,391,92,206,175,410
SZ,002381,2017-01-03 10:28:48,11.7500,2,30550.0000,26,B,11.7400,11.7300,11.7200,11.7100,11.7000,11.7500,11.7600,11.7700,11.7800,11.7900,242,33,103,32,14,365,102,206,175,410
SZ,002381,2017-01-03 10:29:00,11.7500,1,3525.0000,3,B,11.7400,11.7300,11.7200,11.7100,11.7000,11.7500,11.7600,11.7700,11.7800,11.7900,242,33,103,32,24,372,102,208,175,410
SZ,002381,2017-01-03 10:29:06,11.7500,1,11750.0000,10,B,11.7400,11.7300,11.7200,11.7100,11.7000,11.7500,11.7600,11.7700,11.7800,11.7900,243,33,103,32,24,362,102,208,175,410
SZ,002381,2017-01-03 10:29:09,11.7400,2,28176.0000,24,S,11.7400,11.7300,11.7200,11.7100,11.7000,11.7500,11.7600,11.7700,11.7800,11.7900,219,33,103,32,24,365,102,208,175,410
SZ,002381,2017-01-03 10:29:21,11.7400,2,58700.0000,50,S,11.7400,11.7300,11.7200,11.7100,11.7000,11.7500,11.7600,11.7700,11.7800,11.7900,169,33,103,32,24,365,102,208,175,410
SZ,002381,2017-01-03 10:29:24,11.7500,3,14095.0000,12,B,11.7400,11.7300,11.7200,11.7100,11.7000,11.7500,11.7600,11.7700,11.7800,11.7900,164,33,103,32,24,358,102,208,175,410
SZ,002381,2017-01-03 10:29:30,11.7400,2,72788.0000,62,S,11.7400,11.7300,11.7200,11.7100,11.7000,11.7500,11.7600,11.7700,11.7800,11.7900,102,33,103,32,24,358,102,208,175,410
SZ,002381,2017-01-03 10:29:33,11.7400,1,9392.0000,8,S,11.7400,11.7300,11.7200,11.7100,11.7000,11.7500,11.7600,11.7700,11.7800,11.7900,94,33,103,32,24,358,102,208,175,410
SZ,002381,2017-01-03 10:29:39,11.7500,2,52833.0000,45,B,11.7400,11.7300,11.7200,11.7100,11.7000,11.7500,11.7600,11.7700,11.7800,11.7900,52,33,103,32,24,355,102,208,175,410
SZ,002381,2017-01-03 10:29:42,11.7500,4,44643.0000,38,B,11.7400,11.7300,11.7200,11.7100,11.7000,11.7500,11.7600,11.7700,11.7800,11.7900,45,33,103,32,24,324,102,208,175,410
SZ,002381,2017-01-03 10:29:45,11.7400,1,5870.0000,5,S,11.7400,11.7300,11.7200,11.7100,11.7000,11.7500,11.7600,11.7700,11.7800,11.7900,40,33,103,32,24,334,102,208,175,410
SZ,002381,2017-01-03 10:29:48,11.7400,1,17610.0000,15,S,11.7400,11.7300,11.7200,11.7100,11.7000,11.7500,11.7600,11.7700,11.7800,11.7900,25,33,103,32,24,334,102,208,175,410
SZ,002381,2017-01-03 10:30:03,11.7500,1,16450.0000,14,B,11.7400,11.7300,11.7200,11.7100,11.7000,11.7500,11.7600,11.7700,11.7800,11.7900,35,33,103,32,29,320,102,208,175,410
SZ,002381,2017-01-03 10:30:09,11.7500,1,7050.0000,6,B,11.7400,11.7300,11.7200,11.7100,11.7000,11.7500,11.7600,11.7700,11.7800,11.7900,35,33,103,32,29,314,102,208,175,410
SZ,002381,2017-01-03 10:30:12,11.7500,1,3525.0000,3,B,11.7400,11.7300,11.7200,11.7100,11.7000,11.7500,11.7600,11.7700,11.7800,11.7900,35,33,103,32,29,311,102,208,175,410
SZ,002381,2017-01-03 10:30:30,11.7500,1,1175.0000,1,B,11.7400,11.7300,11.7200,11.7100,11.7000,11.7500,11.7600,11.7700,11.7800,11.7900,35,33,103,32,29,342,102,208,175,410
SZ,002381,2017-01-03 10:30:39,11.7400,1,11740.0000,10,S,11.7400,11.7300,11.7200,11.7100,11.7000,11.7500,11.7600,11.7700,11.7800,11.7900,25,33,103,32,29,342,102,208,175,410
SZ,002381,2017-01-03 10:30:45,11.7400,1,2348.0000,2,S,11.7400,11.7300,11.7200,11.7100,11.7000,11.7500,11.7600,11.7700,11.7800,11.7900,23,33,103,32,29,340,102,208,175,420
SZ,002381,2017-01-03 10:30:57,11.7400,4,28130.0000,24,S,11.7300,11.7200,11.7100,11.7000,11.6900,11.7400,11.7500,11.7600,11.7700,11.7800,33,103,32,29,112,11,346,99,208,175
SZ,002381,2017-01-03 10:31:33,11.7400,2,36394.0000,31,B,11.7300,11.7200,11.7100,11.7000,11.6900,11.7400,11.7500,11.7600,11.7700,11.7800,34,103,32,39,112,10,349,99,208,175
SZ,002381,2017-01-03 10:31:39,11.7300,2,32844.0000,28,S,11.7300,11.7200,11.7100,11.7000,11.6900,11.7400,11.7500,11.7600,11.7700,11.7800,6,103,32,39,112,10,349,99,228,175
SZ,002381,2017-01-03 10:31:42,11.7500,2,16439.0000,14,B,11.7300,11.7200,11.7100,11.7000,11.6900,11.7500,11.7600,11.7700,11.7800,11.7900,6,103,32,39,112,345,99,228,175,420
SZ,002381,2017-01-03 10:31:54,11.7400,1,11740.0000,10,S,11.7400,11.7300,11.7200,11.7100,11.7000,11.7500,11.7600,11.7700,11.7800,11.7900,90,120,103,32,39,345,99,228,175,420
SZ,002381,2017-01-03 10:32:09,11.7400,1,48134.0000,41,S,11.7400,11.7300,11.7200,11.7100,11.7000,11.7500,11.7600,11.7700,11.7800,11.7900,49,120,103,42,39,345,99,228,175,420
SZ,002381,2017-01-03 10:32:15,11.7400,1,7044.0000,6,S,11.7400,11.7300,11.7200,11.7100,11.7000,11.7500,11.7600,11.7700,11.7800,11.7900,43,56,103,42,39,345,99,228,175,420
SZ,002381,2017-01-03 10:32:18,11.7400,2,14088.0000,12,S,11.7400,11.7300,11.7200,11.7100,11.7000,11.7500,11.7600,11.7700,11.7800,11.7900,31,56,103,42,44,345,99,228,175,420
SZ,002381,2017-01-03 10:32:51,11.7400,1,35220.0000,30,S,11.7400,11.7300,11.7200,11.7100,11.7000,11.7500,11.7600,11.7700,11.7800,11.7900,1,56,103,42,48,345,109,208,180,420
SZ,002381,2017-01-03 10:32:54,11.7300,4,66862.0000,57,S,11.7200,11.7100,11.7000,11.6900,11.6800,11.7300,11.7500,11.7600,11.7700,11.7800,103,42,48,112,199,143,345,109,208,180
SZ,002381,2017-01-03 10:33:00,11.7300,1,36363.0000,31,B,11.7200,11.7100,11.7000,11.6900,11.6800,11.7300,11.7500,11.7600,11.7700,11.7800,103,42,48,112,199,112,345,109,208,180
SZ,002381,2017-01-03 10:33:21,11.7300,1,4692.0000,4,B,11.7200,11.7100,11.7000,11.6900,11.6800,11.7300,11.7400,11.7500,11.7600,11.7700,103,42,48,112,199,108,36,345,119,208
SZ,002381,2017-01-03 10:33:27,11.7100,4,169934.0000,145,S,11.7000,11.6900,11.6800,11.6700,11.6600,11.7100,11.7300,11.7400,11.7500,11.7600,48,112,199,211,382,4,108,36,345,119
SZ,002381,2017-01-03 10:33:45,11.7000,2,11700.0000,10,S,11.7000,11.6900,11.6800,11.6700,11.6600,11.7100,11.7300,11.7400,11.7500,11.7600,39,112,199,211,382,6,109,46,361,128
SZ,002381,2017-01-03 10:33:51,11.7300,3,30484.0000,26,B,11.7000,11.6900,11.6800,11.6700,11.6600,11.7300,11.7400,11.7500,11.7600,11.7700,39,112,199,211,382,89,46,361,128,208
SZ,002381,2017-01-03 10:34:54,11.7200,1,5860.0000,5,B,11.7200,11.7100,11.7000,11.6900,11.6800,11.7300,11.7400,11.7500,11.7600,11.7700,26,1,334,108,204,8,72,401,128,208
SZ,002381,2017-01-03 10:35:15,11.7300,1,9384.0000,8,B,11.7300,11.7200,11.7100,11.7000,11.6900,11.7400,11.7500,11.7600,11.7700,11.7800,15,27,79,333,108,46,406,128,208,180
SZ,002381,2017-01-03 10:35:42,11.7400,1,2348.0000,2,B,11.7300,11.7200,11.7100,11.7000,11.6900,11.7400,11.7500,11.7600,11.7700,11.7800,15,27,106,310,99,44,406,128,208,180
SZ,002381,2017-01-03 10:35:45,11.7400,3,30524.0000,26,B,11.7300,11.7200,11.7100,11.7000,11.6900,11.7400,11.7500,11.7600,11.7700,11.7800,15,1,105,310,99,18,406,128,208,180
SZ,002381,2017-01-03 10:36:12,11.7400,1,2348.0000,2,B,11.7300,11.7200,11.7100,11.7000,11.6900,11.7400,11.7500,11.7600,11.7700,11.7800,17,8,114,310,94,16,432,128,208,180
SZ,002381,2017-01-03 10:36:42,11.7400,2,18784.0000,16,B,11.7400,11.7300,11.7200,11.7100,11.7000,11.7500,11.7600,11.7700,11.7800,11.7900,18,17,2,124,310,396,128,208,180,424
SZ,002381,2017-01-03 10:36:54,11.7500,1,83425.0000,71,B,11.7400,11.7300,11.7200,11.7100,11.7000,11.7500,11.7600,11.7700,11.7800,11.7900,18,67,1,124,310,285,128,208,180,424
SZ,002381,2017-01-03 10:37:00,11.7100,8,104376.0000,89,S,11.7100,11.7000,11.6900,11.6800,11.6700,11.7500,11.7600,11.7700,11.7800,11.7900,113,310,94,312,241,285,128,208,180,424
SZ,002381,2017-01-03 10:38:03,11.7200,1,5860.0000,5,S,11.7200,11.7100,11.7000,11.6900,11.6800,11.7300,11.7400,11.7500,11.7600,11.7700,66,142,300,94,312,7,40,285,128,208
SZ,002381,2017-01-03 10:38:54,11.7200,2,16408.0000,14,S,11.7200,11.7100,11.7000,11.6900,11.6800,11.7300,11.7400,11.7500,11.7600,11.7700,53,88,296,94,312,32,43,285,128,208
SZ,002381,2017-01-03 10:39:21,11.7300,2,36363.0000,31,B,11.7200,11.7100,11.7000,11.6900,11.6800,11.7300,11.7400,11.7500,11.7600,11.7700,60,73,296,94,312,1,44,285,128,208
SZ,002381,2017-01-03 10:39:30,11.7300,2,5865.0000,5,B,11.7200,11.7100,11.7000,11.6900,11.6800,11.7300,11.7400,11.7500,11.7600,11.7700,60,123,296,94,312,4,44,289,128,208
SZ,002381,2017-01-03 10:39:42,11.7300,2,5865.0000,5,B,11.7200,11.7100,11.7000,11.6900,11.6800,11.7300,11.7400,11.7500,11.7600,11.7700,60,121,296,94,312,4,44,289,128,208
SZ,002381,2017-01-03 10:40:27,11.7300,1,2346.0000,2,B,11.7200,11.7100,11.7000,11.6900,11.6800,11.7300,11.7400,11.7500,11.7600,11.7700,55,121,338,94,314,2,44,290,128,208
SZ,002381,2017-01-03 10:40:45,11.7300,1,2346.0000,2,B,11.7300,11.7200,11.7100,11.7000,11.6900,11.7400,11.7500,11.7600,11.7700,11.7800,10,56,151,338,94,114,264,160,208,180
SZ,002381,2017-01-03 10:40:48,11.7300,1,1173.0000,1,S,11.7300,11.7200,11.7100,11.7000,11.6900,11.7400,11.7500,11.7600,11.7700,11.7800,9,56,151,447,94,114,264,160,208,180
SZ,002381,2017-01-03 10:40:51,11.7300,1,10557.0000,9,S,11.7200,11.7100,11.7000,11.6900,11.6800,11.7300,11.7400,11.7500,11.7600,11.7700,86,151,447,94,314,5,114,264,160,208
SZ,002381,2017-01-03 10:40:54,11.7300,2,9384.0000,8,B,11.7200,11.7100,11.7000,11.6900,11.6800,11.7300,11.7400,11.7500,11.7600,11.7700,86,151,447,94,314,47,114,264,160,208
SZ,002381,2017-01-03 10:41:06,11.7200,1,11720.0000,10,S,11.7200,11.7100,11.7000,11.6900,11.6800,11.7300,11.7400,11.7500,11.7600,11.7700,76,151,447,94,314,231,114,264,160,208
SZ,002381,2017-01-03 10:41:12,11.7300,1,5865.0000,5,B,11.7200,11.7100,11.7000,11.6900,11.6800,11.7300,11.7400,11.7500,11.7600,11.7700,76,151,447,94,314,226,114,264,160,208
SZ,002381,2017-01-03 10:42:00,11.7300,1,1173.0000,1,B,11.7200,11.7100,11.7000,11.6900,11.6800,11.7300,11.7400,11.7500,11.7600,11.7700,76,151,447,104,314,241,76,264,160,208
SZ,002381,2017-01-03 10:42:27,11.7200,1,5860.0000,5,S,11.7200,11.7100,11.7000,11.6900,11.6800,11.7300,11.7400,11.7500,11.7600,11.7700,71,151,447,104,314,241,76,321,160,208
SZ,002381,2017-01-03 10:42:30,11.7300,1,18768.0000,16,B,11.7200,11.7100,11.7000,11.6900,11.6800,11.7300,11.7400,11.7500,11.7600,11.7700,71,151,447,104,314,227,76,321,160,208
SZ,002381,2017-01-03 10:42:36,11.7300,7,266271.0000,227,B,11.7300,11.7200,11.7100,11.7000,11.6900,11.7400,11.7500,11.7600,11.7700,11.7800,73,71,151,447,104,76,321,160,208,123
SZ,002381,2017-01-03 10:43:15,11.7400,2,3522.0000,3,B,11.7300,11.7200,11.7100,11.7000,11.6900,11.7400,11.7500,11.7600,11.7700,11.7800,73,76,151,447,104,77,321,160,208,123
SZ,002381,2017-01-03 10:43:24,11.7400,3,36394.0000,31,B,11.7300,11.7200,11.7100,11.7000,11.6900,11.7400,11.7500,11.7600,11.7700,11.7800,73,139,151,447,104,46,321,160,208,123
SZ,002381,2017-01-03 10:43:27,11.7400,3,70426.0000,60,B,11.7400,11.7300,11.7200,11.7100,11.7000,11.7500,11.7600,11.7700,11.7800,11.7900,4,59,139,151,447,321,160,208,123,424
SZ,002381,2017-01-03 10:43:42,11.7300,3,14082.0000,12,S,11.7300,11.7200,11.7100,11.7000,11.6900,11.7500,11.7600,11.7700,11.7800,11.7900,53,137,204,447,104,317,160,208,123,424
SZ,002381,2017-01-03 10:44:21,11.7300,1,16422.0000,14,S,11.7300,11.7200,11.7100,11.7000,11.6900,11.7400,11.7500,11.7600,11.7700,11.7800,51,137,204,447,104,20,317,160,208,123
SZ,002381,2017-01-03 10:44:36,11.7300,1,12903.0000,11,S,11.7300,11.7200,11.7100,11.7000,11.6900,11.7400,11.7500,11.7600,11.7700,11.7800,40,137,204,447,104,20,344,160,208,123
SZ,002381,2017-01-03 10:44:39,11.7300,1,3519.0000,3,S,11.7300,11.7200,11.7100,11.7000,11.6900,11.7400,11.7500,11.7600,11.7700,11.7800,37,137,204,447,104,20,344,160,208,123
SZ,002381,2017-01-03 10:45:09,11.7300,1,3519.0000,3,S,11.7300,11.7200,11.7100,11.7000,11.6900,11.7400,11.7500,11.7600,11.7700,11.7800,51,137,174,447,104,20,344,160,208,123
SZ,002381,2017-01-03 10:45:15,11.7400,1,23480.0000,20,B,11.7400,11.7300,11.7200,11.7100,11.7000,11.7500,11.7600,11.7700,11.7800,11.7900,81,51,137,174,447,344,160,208,123,424
SZ,002381,2017-01-03 10:45:33,11.7500,1,9400.0000,8,B,11.7400,11.7300,11.7200,11.7100,11.7000,11.7500,11.7600,11.7700,11.7800,11.7900,82,51,137,174,447,336,160,208,123,624
SZ,002381,2017-01-03 10:45:36,11.7500,1,19975.0000,17,B,11.7400,11.7300,11.7200,11.7100,11.7000,11.7500,11.7600,11.7700,11.7800,11.7900,82,34,137,174,447,319,160,208,123,624
SZ,002381,2017-01-03 10:45:51,11.7500,1,7050.0000,6,B,11.7400,11.7300,11.7200,11.7100,11.7000,11.7500,11.7600,11.7700,11.7800,11.7900,82,34,137,174,449,319,160,208,123,624
SZ,002381,2017-01-03 10:45:57,11.7400,2,62225.0000,53,S,11.7400,11.7300,11.7200,11.7100,11.7000,11.7500,11.7600,11.7700,11.7800,11.7900,32,34,137,174,449,316,160,208,123,624
SZ,002381,2017-01-03 10:46:00,11.7500,1,2350.0000,2,B,11.7400,11.7300,11.7200,11.7100,11.7000,11.7500,11.7600,11.7700,11.7800,11.7900,32,34,135,174,449,314,160,208,123,624
SZ,002381,2017-01-03 10:46:06,11.7500,2,137475.0000,117,B,11.7400,11.7300,11.7200,11.7100,11.7000,11.7500,11.7600,11.7700,11.7800,11.7900,32,34,135,174,449,197,160,208,123,624
SZ,002381,2017-01-03 10:46:18,11.7500,1,2350.0000,2,B,11.7400,11.7300,11.7200,11.7100,11.7000,11.7500,11.7600,11.7700,11.7800,11.7900,32,34,180,174,449,197,160,208,123,624
SZ,002381,2017-01-03 10:46:30,11.7500,1,2350.0000,2,B,11.7400,11.7300,11.7200,11.7100,11.7000,11.7500,11.7600,11.7700,11.7800,11.7900,32,34,180,174,449,195,160,208,123,624
SZ,002381,2017-01-03 10:46:42,11.7400,1,5870.0000,5,S,11.7400,11.7300,11.7200,11.7100,11.7000,11.7500,11.7600,11.7700,11.7800,11.7900,27,34,180,150,449,197,160,208,123,624
SZ,002381,2017-01-03 10:46:48,11.7400,1,23480.0000,20,S,11.7400,11.7300,11.7200,11.7100,11.7000,11.7500,11.7600,11.7700,11.7800,11.7900,7,34,180,150,449,197,160,208,123,626
SZ,002381,2017-01-03 10:46:51,11.7400,2,8218.0000,7,S,11.7300,11.7200,11.7100,11.7000,11.6900,11.7400,11.7500,11.7600,11.7700,11.7800,34,180,150,449,104,86,197,160,208,123
SZ,002381,2017-01-03 10:46:54,11.7400,1,11740.0000,10,B,11.7300,11.7200,11.7100,11.7000,11.6900,11.7400,11.7500,11.7600,11.7700,11.7800,34,180,150,449,104,76,197,160,208,123
SZ,002381,2017-01-03 10:46:57,11.7500,3,109199.0000,93,B,11.7300,11.7200,11.7100,11.7000,11.6900,11.7500,11.7600,11.7700,11.7800,11.7900,34,180,150,449,104,180,160,208,123,626
SZ,002381,2017-01-03 10:47:00,11.7500,1,2350.0000,2,B,11.7300,11.7200,11.7100,11.7000,11.6900,11.7500,11.7600,11.7700,11.7800,11.7900,34,180,150,449,104,178,160,208,123,626
SZ,002381,2017-01-03 10:47:24,11.7300,3,39882.0000,34,S,11.7200,11.7100,11.7000,11.6900,11.6800,11.7300,11.7400,11.7500,11.7600,11.7700,180,150,457,104,314,16,9,173,160,208
SZ,002381,2017-01-03 10:47:30,11.7300,1,2346.0000,2,B,11.7200,11.7100,11.7000,11.6900,11.6800,11.7300,11.7400,11.7500,11.7600,11.7700,180,150,457,104,314,14,9,173,160,208
SZ,002381,2017-01-03 10:47:39,11.7200,1,29300.0000,25,S,11.7200,11.7100,11.7000,11.6900,11.6800,11.7300,11.7400,11.7500,11.7600,11.7700,155,150,457,104,314,14,9,168,160,208
SZ,002381,2017-01-03 10:48:09,11.7200,1,3516.0000,3,S,11.7200,11.7100,11.7000,11.6900,11.6800,11.7300,11.7400,11.7500,11.7600,11.7700,153,150,457,104,278,14,9,188,160,208
SZ,002381,2017-01-03 10:48:27,11.7300,1,8211.0000,7,B,11.7200,11.7100,11.7000,11.6900,11.6800,11.7300,11.7400,11.7500,11.7600,11.7700,158,150,457,104,278,7,9,188,160,208
SZ,002381,2017-01-03 10:48:39,11.7300,2,10557.0000,9,B,11.7300,11.7200,11.7100,11.7000,11.6900,11.7400,11.7500,11.7600,11.7700,11.7800,22,158,156,457,104,9,188,160,208,123
SZ,002381,2017-01-03 10:49:39,11.7300,1,16422.0000,14,S,11.7300,11.7200,11.7100,11.7000,11.6900,11.7400,11.7500,11.7600,11.7700,11.7800,23,153,156,457,104,9,195,160,208,123
SZ,002381,2017-01-03 10:49:51,11.7400,1,3522.0000,3,B,11.7300,11.7200,11.7100,11.7000,11.6900,11.7400,11.7500,11.7600,11.7700,11.7800,23,153,156,457,104,6,195,160,208,123
SZ,002381,2017-01-03 10:50:00,11.7400,1,7044.0000,6,B,11.7400,11.7300,11.7200,11.7100,11.7000,11.7500,11.7600,11.7700,11.7800,11.7900,24,23,153,156,457,195,160,208,123,626
SZ,002381,2017-01-03 10:50:09,11.7400,1,5870.0000,5,S,11.7400,11.7300,11.7200,11.7100,11.7000,11.7500,11.7600,11.7700,11.7800,11.7900,19,23,152,156,457,195,160,208,123,626
SZ,002381,2017-01-03 10:50:15,11.7400,1,7044.0000,6,S,11.7400,11.7300,11.7200,11.7100,11.7000,11.7500,11.7600,11.7700,11.7800,11.7900,14,23,152,156,457,205,160,208,123,626
SZ,002381,2017-01-03 10:50:21,11.7400,3,46986.0000,40,S,11.7300,11.7200,11.7100,11.7000,11.6900,11.7400,11.7500,11.7600,11.7700,11.7800,23,152,156,457,104,46,179,160,208,123
SZ,002381,2017-01-03 10:50:57,11.7300,2,11730.0000,10,S,11.7300,11.7200,11.7100,11.7000,11.6900,11.7400,11.7500,11.7600,11.7700,11.7800,34,152,162,457,104,46,189,160,208,123
SZ,002381,2017-01-03 10:52:12,11.7300,2,11730.0000,10,S,11.7300,11.7200,11.7100,11.7000,11.6900,11.7400,11.7500,11.7600,11.7700,11.7800,24,152,162,467,104,46,198,151,208,123
SZ,002381,2017-01-03 10:52:27,11.7300,1,3519.0000,3,S,11.7300,11.7200,11.7100,11.7000,11.6900,11.7400,11.7500,11.7600,11.7700,11.7800,21,152,162,467,104,46,198,151,208,123
SZ,002381,2017-01-03 10:53:06,11.7300,4,25806.0000,22,S,11.7200,11.7100,11.7000,11.6900,11.6800,11.7300,11.7400,11.7500,11.7600,11.7700,157,162,467,104,288,3,57,188,151,208
SZ,002381,2017-01-03 10:53:24,11.7300,1,3519.0000,3,B,11.7300,11.7200,11.7100,11.7000,11.6900,11.7400,11.7500,11.7600,11.7700,11.7800,7,158,162,467,104,57,188,151,208,123
SZ,002381,2017-01-03 10:53:33,11.7400,1,18784.0000,16,B,11.7300,11.7200,11.7100,11.7000,11.6900,11.7400,11.7500,11.7600,11.7700,11.7800,7,158,162,467,104,41,188,151,208,123
SZ,002381,2017-01-03 10:53:42,11.7300,1,8211.0000,7,S,11.7200,11.7100,11.7000,11.6900,11.6800,11.7300,11.7400,11.7500,11.7600,11.7700,153,162,467,104,288,3,41,188,151,208
SZ,002381,2017-01-03 10:53:48,11.7400,3,51653.0000,44,B,11.7400,11.7200,11.7100,11.7000,11.6900,11.7500,11.7600,11.7700,11.7800,11.7900,18,153,162,467,104,188,151,208,123,626
SZ,002381,2017-01-03 10:54:24,11.7400,2,25828.0000,22,S,11.7200,11.7100,11.7000,11.6900,11.6800,11.7400,11.7500,11.7600,11.7700,11.7800,188,162,467,104,290,15,188,151,208,83
SZ,002381,2017-01-03 10:55:18,11.7200,1,5860.0000,5,S,11.7200,11.7100,11.7000,11.6900,11.6800,11.7400,11.7500,11.7600,11.7700,11.7800,203,172,479,104,290,63,181,151,208,83
SZ,002381,2017-01-03 10:56:39,11.7400,1,1174.0000,1,B,11.7300,11.7200,11.7100,11.7000,11.6900,11.7400,11.7500,11.7600,11.7700,11.7800,1,239,202,529,104,62,181,156,208,83
SZ,002381,2017-01-03 10:56:54,11.7300,2,23460.0000,20,S,11.7300,11.7200,11.7100,11.7000,11.6900,11.7400,11.7500,11.7600,11.7700,11.7800,81,239,196,529,104,62,181,156,208,83
SZ,002381,2017-01-03 10:57:54,11.7300,1,31671.0000,27,S,11.7300,11.7200,11.7100,11.7000,11.6900,11.7400,11.7500,11.7600,11.7700,11.7800,54,239,196,529,104,78,181,181,208,90
SZ,002381,2017-01-03 10:57:57,11.7400,3,42253.0000,36,B,11.7300,11.7200,11.7100,11.7000,11.6900,11.7400,11.7500,11.7600,11.7700,11.7800,43,239,196,529,104,53,181,181,208,90
SZ,002381,2017-01-03 10:58:15,11.7300,1,5865.0000,5,S,11.7300,11.7200,11.7100,11.7000,11.6900,11.7400,11.7500,11.7600,11.7700,11.7800,38,239,196,529,104,53,181,181,208,90
SZ,002381,2017-01-03 10:58:18,11.7300,1,15249.0000,13,S,11.7300,11.7200,11.7100,11.7000,11.6900,11.7400,11.7500,11.7600,11.7700,11.7800,25,239,196,529,104,53,181,181,208,90
SZ,002381,2017-01-03 10:58:45,11.7300,1,7038.0000,6,S,11.7300,11.7200,11.7100,11.7000,11.6900,11.7400,11.7500,11.7600,11.7700,11.7800,20,239,196,529,104,53,179,181,208,90
SZ,002381,2017-01-03 10:58:57,11.7300,1,3519.0000,3,S,11.7300,11.7200,11.7100,11.7000,11.6900,11.7400,11.7500,11.7600,11.7700,11.7800,17,239,196,529,104,53,179,181,208,90
SZ,002381,2017-01-03 10:59:03,11.7300,1,2346.0000,2,S,11.7300,11.7200,11.7100,11.7000,11.6900,11.7400,11.7500,11.7600,11.7700,11.7800,15,239,196,529,104,53,179,181,208,90
SZ,002381,2017-01-03 10:59:39,11.7400,2,23480.0000,20,B,11.7300,11.7200,11.7100,11.7000,11.6900,11.7400,11.7500,11.7600,11.7700,11.7800,15,239,196,529,104,33,179,181,208,90
SZ,002381,2017-01-03 10:59:42,11.7300,1,10557.0000,9,S,11.7300,11.7200,11.7100,11.7000,11.6900,11.7400,11.7500,11.7600,11.7700,11.7800,6,239,196,529,104,33,179,181,208,90
SZ,002381,2017-01-03 10:59:57,11.7300,2,7038.0000,6,S,11.7200,11.7100,11.7000,11.6900,11.6800,11.7300,11.7400,11.7500,11.7600,11.7700,239,196,529,104,291,14,33,179,181,208
SZ,002381,2017-01-03 11:00:12,11.7200,2,11720.0000,10,S,11.7200,11.7100,11.7000,11.6900,11.6800,11.7300,11.7400,11.7500,11.7600,11.7700,229,196,529,104,291,22,33,179,181,208
SZ,002381,2017-01-03 11:00:15,11.7200,1,7032.0000,6,S,11.7200,11.7100,11.7000,11.6900,11.6800,11.7300,11.7400,11.7500,11.7600,11.7700,225,196,529,104,291,22,33,179,181,208
SZ,002381,2017-01-03 11:00:24,11.7300,2,23460.0000,20,B,11.7200,11.7100,11.7000,11.6900,11.6800,11.7300,11.7400,11.7500,11.7600,11.7700,225,196,529,104,291,2,33,179,181,208
SZ,002381,2017-01-03 11:00:36,11.7400,3,9390.0000,8,B,11.7300,11.7200,11.7100,11.7000,11.6900,11.7400,11.7500,11.7600,11.7700,11.7800,52,235,196,529,104,27,179,160,208,90
SZ,002381,2017-01-03 11:01:24,11.7300,1,29325.0000,25,S,11.7300,11.7200,11.7100,11.7000,11.6900,11.7400,11.7500,11.7600,11.7700,11.7800,50,203,196,529,104,27,179,160,208,120
SZ,002381,2017-01-03 11:01:27,11.7300,1,15249.0000,13,S,11.7300,11.7200,11.7100,11.7000,11.6900,11.7400,11.7500,11.7600,11.7700,11.7800,37,203,196,529,104,27,179,160,208,120
SZ,002381,2017-01-03 11:02:12,11.7400,3,31698.0000,27,B,11.7400,11.7300,11.7200,11.7100,11.7000,11.7500,11.7600,11.7700,11.7800,11.7900,73,67,140,196,529,179,160,208,120,638
SZ,002381,2017-01-03 11:02:24,11.7400,1,23480.0000,20,S,11.7400,11.7300,11.7200,11.7100,11.7000,11.7500,11.7600,11.7700,11.7800,11.7900,53,122,140,196,529,189,160,208,120,638
SZ,002381,2017-01-03 11:02:51,11.7400,1,35220.0000,30,S,11.7400,11.7300,11.7200,11.7100,11.7000,11.7500,11.7600,11.7700,11.7800,11.7900,25,120,140,196,529,189,160,208,120,638
SZ,002381,2017-01-03 11:02:57,11.7400,1,23480.0000,20,S,11.7400,11.7300,11.7200,11.7100,11.7000,11.7500,11.7600,11.7700,11.7800,11.7900,5,120,140,196,529,189,160,208,120,638
SZ,002381,2017-01-03 11:03:00,11.7300,3,16427.0000,14,S,11.7300,11.7200,11.7100,11.7000,11.6900,11.7500,11.7600,11.7700,11.7800,11.7900,111,140,196,529,104,189,160,208,120,638
SZ,002381,2017-01-03 11:03:09,11.7500,1,3525.0000,3,B,11.7300,11.7200,11.7100,11.7000,11.6900,11.7500,11.7600,11.7700,11.7800,11.7900,111,140,196,529,104,186,160,208,120,638
SZ,002381,2017-01-03 11:03:18,11.7500,1,2350.0000,2,B,11.7300,11.7200,11.7100,11.7000,11.6900,11.7500,11.7600,11.7700,11.7800,11.7900,121,140,196,529,104,184,160,208,120,638
SZ,002381,2017-01-03 11:03:39,11.7500,4,30550.0000,26,B,11.7300,11.7200,11.7100,11.7000,11.6900,11.7500,11.7600,11.7700,11.7800,11.7900,121,140,196,529,104,172,164,208,120,638
SZ,002381,2017-01-03 11:03:42,11.7300,2,14076.0000,12,S,11.7300,11.7200,11.7100,11.7000,11.6900,11.7500,11.7600,11.7700,11.7800,11.7900,109,140,196,529,104,172,164,208,120,638
SZ,002381,2017-01-03 11:04:21,11.7400,1,1174.0000,1,S,11.7300,11.7200,11.7100,11.7000,11.6900,11.7400,11.7500,11.7600,11.7700,11.7800,359,140,196,529,104,6,182,164,208,120
SZ,002381,2017-01-03 11:04:39,11.7400,2,10566.0000,9,B,11.7300,11.7200,11.7100,11.7000,11.6900,11.7500,11.7600,11.7700,11.7800,11.7900,359,140,196,529,104,182,164,208,120,638
SZ,002381,2017-01-03 11:05:15,11.7400,1,4696.0000,4,B,11.7300,11.7200,11.7100,11.7000,11.6900,11.7400,11.7500,11.7600,11.7700,11.7800,364,140,196,529,104,34,182,164,208,120
SZ,002381,2017-01-03 11:05:18,11.7400,1,21132.0000,18,B,11.7300,11.7200,11.7100,11.7000,11.6900,11.7400,11.7500,11.7600,11.7700,11.7800,364,140,196,529,104,16,182,164,208,120
SZ,002381,2017-01-03 11:05:36,11.7400,1,4696.0000,4,B,11.7300,11.7200,11.7100,11.7000,11.6900,11.7400,11.7500,11.7600,11.7700,11.7800,364,140,196,529,104,12,182,164,208,120
SZ,002381,2017-01-03 11:06:36,11.7300,3,44574.0000,38,S,11.7300,11.7200,11.7100,11.7000,11.6900,11.7400,11.7500,11.7600,11.7700,11.7800,306,160,196,529,104,19,182,164,208,120
SZ,002381,2017-01-03 11:06:39,11.7300,1,31671.0000,27,S,11.7300,11.7200,11.7100,11.7000,11.6900,11.7400,11.7500,11.7600,11.7700,11.7800,279,160,196,529,104,19,182,164,208,120
SZ,002381,2017-01-03 11:06:42,11.7400,3,22306.0000,19,B,11.7400,11.7300,11.7200,11.7100,11.7000,11.7500,11.7600,11.7700,11.7800,11.7900,15,279,160,196,529,182,164,208,120,638
SZ,002381,2017-01-03 11:07:06,11.7400,1,5870.0000,5,S,11.7400,11.7300,11.7200,11.7100,11.7000,11.7500,11.7600,11.7700,11.7800,11.7900,29,328,160,196,529,182,164,208,120,638
SZ,002381,2017-01-03 11:07:27,11.7400,6,14098.0000,12,S,11.7400,11.7300,11.7200,11.7100,11.7000,11.7500,11.7600,11.7700,11.7800,11.7900,96,279,160,196,529,172,164,208,120,638
SZ,002381,2017-01-03 11:07:48,11.7400,1,11740.0000,10,S,11.7400,11.7300,11.7200,11.7100,11.7000,11.7500,11.7600,11.7700,11.7800,11.7900,91,279,160,196,529,232,164,208,120,638
SZ,002381,2017-01-03 11:08:03,11.7500,1,5875.0000,5,B,11.7400,11.7300,11.7200,11.7100,11.7000,11.7500,11.7600,11.7700,11.7800,11.7900,91,279,160,196,529,227,164,208,120,638
SZ,002381,2017-01-03 11:08:06,11.7500,2,8225.0000,7,B,11.7400,11.7300,11.7200,11.7100,11.7000,11.7500,11.7600,11.7700,11.7800,11.7900,84,279,160,196,529,220,164,208,120,638
SZ,002381,2017-01-03 11:08:09,11.7400,1,12914.0000,11,S,11.7400,11.7300,11.7200,11.7100,11.7000,11.7500,11.7600,11.7700,11.7800,11.7900,73,279,160,196,529,220,164,208,120,638
SZ,002381,2017-01-03 11:08:18,11.7400,2,23480.0000,20,S,11.7400,11.7300,11.7200,11.7100,11.7000,11.7500,11.7600,11.7700,11.7800,11.7900,53,279,160,196,529,220,334,208,120,638
SZ,002381,2017-01-03 11:08:30,11.7500,5,117500.0000,100,B,11.7400,11.7300,11.7200,11.7100,11.7000,11.7500,11.7600,11.7700,11.7800,11.7900,103,279,160,196,529,120,164,208,120,638
SZ,002381,2017-01-03 11:08:45,11.7500,6,56390.0000,48,B,11.7400,11.7300,11.7200,11.7100,11.7000,11.7500,11.7600,11.7700,11.7800,11.7900,55,279,160,196,529,72,164,208,120,638
SZ,002381,2017-01-03 11:09:24,11.7400,2,19958.0000,17,S,11.7400,11.7300,11.7200,11.7100,11.7000,11.7500,11.7600,11.7700,11.7800,11.7900,60,279,160,196,529,76,164,208,125,638
SZ,002381,2017-01-03 11:09:27,11.7500,2,11750.0000,10,B,11.7400,11.7300,11.7200,11.7100,11.7000,11.7500,11.7600,11.7700,11.7800,11.7900,60,279,160,196,529,66,164,208,125,638
SZ,002381,2017-01-03 11:09:42,11.7500,2,77597.0000,66,B,11.7500,11.7400,11.7300,11.7200,11.7100,11.7600,11.7700,11.7800,11.7900,11.8000,66,60,229,160,196,164,208,125,638,175
SZ,002381,2017-01-03 11:09:45,11.7500,1,10575.0000,9,S,11.7500,11.7400,11.7300,11.7200,11.7100,11.7600,11.7700,11.7800,11.7900,11.8000,57,61,229,160,196,164,208,125,638,175
SZ,002381,2017-01-03 11:10:18,11.7600,8,67032.0000,57,B,11.7500,11.7400,11.7300,11.7200,11.7100,11.7600,11.7700,11.7800,11.7900,11.8000,12,59,229,160,196,107,208,146,638,225
SZ,002381,2017-01-03 11:10:33,11.7600,1,4704.0000,4,B,11.7500,11.7400,11.7300,11.7200,11.7100,11.7600,11.7700,11.7800,11.7900,11.8000,12,59,229,160,196,126,208,146,638,225
SZ,002381,2017-01-03 11:10:51,11.7600,4,22344.0000,19,B,11.7500,11.7400,11.7300,11.7200,11.7100,11.7600,11.7700,11.7800,11.7900,11.8000,12,59,229,160,196,107,208,164,638,215
SZ,002381,2017-01-03 11:11:12,11.7600,4,68208.0000,58,B,11.7500,11.7400,11.7300,11.7200,11.7100,11.7600,11.7700,11.7800,11.7900,11.8000,12,21,229,160,196,39,208,164,638,215
SZ,002381,2017-01-03 11:11:24,11.7600,6,57624.0000,49,B,11.7600,11.7500,11.7400,11.7300,11.7200,11.7700,11.7800,11.7900,11.8000,11.8100,1,12,21,229,160,208,164,638,215,45
SZ,002381,2017-01-03 11:11:30,11.7600,2,3528.0000,3,S,11.7500,11.7400,11.7300,11.7200,11.7100,11.7600,11.7700,11.7800,11.7900,11.8000,10,20,229,160,196,2,208,164,638,215
SZ,002381,2017-01-03 11:11:51,11.7600,2,11760.0000,10,B,11.7500,11.7400,11.7300,11.7200,11.7100,11.7600,11.7700,11.7800,11.7900,11.8000,11,20,229,160,196,32,208,164,638,215
SZ,002381,2017-01-03 11:12:48,11.7600,1,1176.0000,1,B,11.7500,11.7400,11.7300,11.7200,11.7100,11.7600,11.7700,11.7800,11.7900,11.8000,62,25,229,160,196,55,211,239,636,215
SZ,002381,2017-01-03 11:12:57,11.7500,1,1175.0000,1,S,11.7500,11.7400,11.7300,11.7200,11.7100,11.7600,11.7700,11.7800,11.7900,11.8000,61,25,229,160,196,65,211,239,636,215
SZ,002381,2017-01-03 11:13:03,11.7500,1,5875.0000,5,S,11.7500,11.7400,11.7300,11.7200,11.7100,11.7600,11.7700,11.7800,11.7900,11.8000,56,35,229,160,196,65,211,239,636,215
SZ,002381,2017-01-03 11:13:24,11.7600,1,18816.0000,16,B,11.7500,11.7400,11.7300,11.7200,11.7100,11.7600,11.7700,11.7800,11.7900,11.8000,56,35,229,160,196,67,211,239,636,215
SZ,002381,2017-01-03 11:13:45,11.7600,3,35280.0000,30,B,11.7500,11.7400,11.7300,11.7200,11.7100,11.7600,11.7700,11.7800,11.7900,11.8000,56,39,229,160,196,42,211,239,636,215
SZ,002381,2017-01-03 11:15:12,11.7500,1,3525.0000,3,S,11.7500,11.7400,11.7300,11.7200,11.7100,11.7600,11.7700,11.7800,11.7900,11.8000,73,39,229,160,196,121,211,239,620,202
SZ,002381,2017-01-03 11:15:15,11.7600,1,4704.0000,4,B,11.7500,11.7400,11.7300,11.7200,11.7100,11.7600,11.7700,11.7800,11.7900,11.8000,73,39,229,160,196,117,211,239,620,202
SZ,002381,2017-01-03 11:15:39,11.7500,3,7050.0000,6,S,11.7500,11.7400,11.7300,11.7200,11.7100,11.7600,11.7700,11.7800,11.7900,11.8000,123,39,229,160,196,137,211,239,620,202
SZ,002381,2017-01-03 11:16:09,11.7600,2,11760.0000,10,B,11.7500,11.7400,11.7300,11.7200,11.7100,11.7600,11.7700,11.7800,11.7900,11.8000,123,39,229,160,196,114,211,239,620,204
SZ,002381,2017-01-03 11:16:39,11.7600,6,29400.0000,25,B,11.7500,11.7400,11.7300,11.7200,11.7100,11.7600,11.7700,11.7800,11.7900,11.8000,123,39,229,153,196,99,211,249,630,204
SZ,002381,2017-01-03 11:16:57,11.7600,1,8232.0000,7,B,11.7500,11.7400,11.7300,11.7200,11.7100,11.7600,11.7700,11.7800,11.7900,11.8000,67,39,229,153,196,97,211,249,630,204
SZ,002381,2017-01-03 11:17:03,11.7600,5,65856.0000,56,B,11.7500,11.7400,11.7300,11.7200,11.7100,11.7600,11.7700,11.7800,11.7900,11.8000,67,39,239,153,196,51,211,249,630,204
SZ,002381,2017-01-03 11:17:21,11.7500,1,4700.0000,4,S,11.7500,11.7400,11.7300,11.7200,11.7100,11.7600,11.7700,11.7800,11.7900,11.8000,63,39,239,153,196,56,221,249,630,204
SZ,002381,2017-01-03 11:17:36,11.7500,1,3525.0000,3,S,11.7500,11.7400,11.7300,11.7200,11.7100,11.7600,11.7700,11.7800,11.7900,11.8000,60,39,239,153,196,66,221,249,630,204
SZ,002381,2017-01-03 11:17:51,11.7500,1,1175.0000,1,S,11.7500,11.7400,11.7300,11.7200,11.7100,11.7600,11.7700,11.7800,11.7900,11.8000,59,39,39,153,196,71,218,175,630,204
SZ,002381,2017-01-03 11:18:06,11.7500,1,5875.0000,5,S,11.7500,11.7400,11.7300,11.7200,11.7100,11.7600,11.7700,11.7800,11.7900,11.8000,54,39,39,153,196,178,218,175,630,204
SZ,002381,2017-01-03 11:18:12,11.7500,1,17625.0000,15,S,11.7500,11.7400,11.7300,11.7200,11.7100,11.7600,11.7700,11.7800,11.7900,11.8000,39,39,39,153,196,178,218,175,630,204
SZ,002381,2017-01-03 11:18:27,11.7500,1,14100.0000,12,S,11.7500,11.7400,11.7300,11.7200,11.7100,11.7600,11.7700,11.7800,11.7900,11.8000,27,39,39,153,196,186,218,175,630,204
SZ,002381,2017-01-03 11:18:33,11.7500,1,5875.0000,5,S,11.7500,11.7400,11.7300,11.7200,11.7100,11.7600,11.7700,11.7800,11.7900,11.8000,23,39,39,153,196,244,218,175,630,204
SZ,002381,2017-01-03 11:18:36,11.7500,3,5875.0000,5,S,11.7500,11.7400,11.7300,11.7200,11.7100,11.7600,11.7700,11.7800,11.7900,11.8000,18,39,39,153,196,244,218,175,630,204
SZ,002381,2017-01-03 11:18:42,11.7500,1,2350.0000,2,S,11.7500,11.7400,11.7300,11.7200,11.7100,11.7600,11.7700,11.7800,11.7900,11.8000,16,39,39,153,196,239,218,202,630,204
SZ,002381,2017-01-03 11:18:48,11.7500,1,11750.0000,10,S,11.7500,11.7400,11.7300,11.7200,11.7100,11.7600,11.7700,11.7800,11.7900,11.8000,6,39,39,153,196,239,218,202,630,204
SZ,002381,2017-01-03 11:20:12,11.7500,4,9400.0000,8,S,11.7400,11.7300,11.7200,11.7100,11.7000,11.7600,11.7700,11.7800,11.7900,11.8000,29,71,153,187,338,239,218,202,630,204
SZ,002381,2017-01-03 11:20:24,11.7600,4,39984.0000,34,B,11.7400,11.7300,11.7200,11.7100,11.7000,11.7500,11.7600,11.7700,11.7800,11.7900,29,71,153,187,338,8,205,218,202,630
SZ,002381,2017-01-03 11:20:48,11.7400,1,23480.0000,20,S,11.7400,11.7300,11.7200,11.7100,11.7000,11.7500,11.7600,11.7700,11.7800,11.7900,9,71,153,187,338,8,205,218,202,630
SZ,002381,2017-01-03 11:22:18,11.7400,1,1174.0000,1,S,11.7400,11.7300,11.7200,11.7100,11.7000,11.7500,11.7600,11.7700,11.7800,11.7900,144,106,118,195,343,25,221,218,202,640
SZ,002381,2017-01-03 11:22:21,11.7400,4,17610.0000,15,S,11.7400,11.7300,11.7200,11.7100,11.7000,11.7500,11.7600,11.7700,11.7800,11.7900,118,106,118,195,353,25,221,218,202,640
SZ,002381,2017-01-03 11:22:24,11.7500,2,12925.0000,11,B,11.7400,11.7300,11.7200,11.7100,11.7000,11.7500,11.7600,11.7700,11.7800,11.7900,118,106,118,195,353,14,221,218,202,640
SZ,002381,2017-01-03 11:22:39,11.7600,3,30562.0000,26,B,11.7500,11.7400,11.7300,11.7200,11.7100,11.7600,11.7700,11.7800,11.7900,11.8000,22,118,106,118,195,209,218,202,640,219
SZ,002381,2017-01-03 11:22:51,11.7600,2,21168.0000,18,B,11.7500,11.7400,11.7300,11.7200,11.7100,11.7600,11.7700,11.7800,11.7900,11.8000,22,111,106,118,195,191,218,202,640,219
SZ,002381,2017-01-03 11:22:54,11.7500,1,12925.0000,11,S,11.7500,11.7400,11.7300,11.7200,11.7100,11.7600,11.7700,11.7800,11.7900,11.8000,11,111,106,118,195,191,218,202,640,219
SZ,002381,2017-01-03 11:23:09,11.7500,1,1175.0000,1,S,11.7500,11.7400,11.7300,11.7200,11.7100,11.7600,11.7700,11.7800,11.7900,11.8000,10,111,106,118,195,191,218,182,605,219
SZ,002381,2017-01-03 11:23:30,11.7500,1,2350.0000,2,S,11.7500,11.7400,11.7300,11.7200,11.7100,11.7600,11.7700,11.7800,11.7900,11.8000,8,112,106,118,195,191,218,182,605,219
SZ,002381,2017-01-03 11:23:45,11.7500,2,9400.0000,8,S,11.7400,11.7300,11.7200,11.7100,11.7000,11.7500,11.7600,11.7700,11.7800,11.7900,112,106,118,195,353,4,196,218,182,605
SZ,002381,2017-01-03 11:24:06,11.7500,2,16450.0000,14,B,11.7500,11.7400,11.7300,11.7200,11.7100,11.7600,11.7700,11.7800,11.7900,11.8000,2,112,106,118,195,196,218,182,605,219
SZ,002381,2017-01-03 11:24:12,11.7500,1,2350.0000,2,S,11.7400,11.7300,11.7200,11.7100,11.7000,11.7500,11.7600,11.7700,11.7800,11.7900,112,106,118,195,353,43,196,218,182,605
SZ,002381,2017-01-03 11:25:00,11.7400,1,11740.0000,10,S,11.7400,11.7300,11.7200,11.7100,11.7000,11.7500,11.7600,11.7700,11.7800,11.7900,102,106,118,200,358,59,206,218,182,605
SZ,002381,2017-01-03 11:25:12,11.7500,1,4700.0000,4,B,11.7400,11.7300,11.7200,11.7100,11.7000,11.7500,11.7600,11.7700,11.7800,11.7900,102,106,118,200,358,55,206,218,182,605
SZ,002381,2017-01-03 11:25:15,11.7500,1,1175.0000,1,B,11.7400,11.7300,11.7200,11.7100,11.7000,11.7500,11.7600,11.7700,11.7800,11.7900,102,106,118,200,358,76,206,218,182,605
SZ,002381,2017-01-03 11:25:27,11.7400,1,65744.0000,56,S,11.7400,11.7300,11.7200,11.7100,11.7000,11.7500,11.7600,11.7700,11.7800,11.7900,46,106,118,200,358,76,206,218,182,605
SZ,002381,2017-01-03 11:26:18,11.7400,1,35220.0000,30,S,11.7400,11.7300,11.7200,11.7100,11.7000,11.7500,11.7600,11.7700,11.7800,11.7900,35,106,118,200,358,117,201,223,152,605
SZ,002381,2017-01-03 11:26:24,11.7500,1,23500.0000,20,B,11.7400,11.7300,11.7200,11.7100,11.7000,11.7500,11.7600,11.7700,11.7800,11.7900,35,106,118,200,358,97,201,223,152,605
SZ,002381,2017-01-03 11:26:33,11.7500,4,113975.0000,97,B,11.7500,11.7400,11.7300,11.7200,11.7100,11.7600,11.7700,11.7800,11.7900,11.8000,93,35,106,118,200,201,223,152,605,219
SZ,002381,2017-01-03 11:27:00,11.7500,1,3525.0000,3,S,11.7500,11.7400,11.7300,11.7200,11.7100,11.7600,11.7700,11.7800,11.7900,11.8000,90,35,96,73,200,201,223,152,605,219
SZ,002381,2017-01-03 11:27:09,11.7300,12,259448.0000,221,S,11.7200,11.7100,11.7000,11.6900,11.6800,11.7300,11.7600,11.7700,11.7800,11.7900,73,200,358,104,301,79,201,223,152,605
SZ,002381,2017-01-03 11:27:21,11.7200,3,35160.0000,30,S,11.7200,11.7100,11.7000,11.6900,11.6800,11.7300,11.7600,11.7700,11.7800,11.7900,43,200,358,104,301,79,201,223,152,605
SZ,002381,2017-01-03 11:28:15,11.7300,1,92667.0000,79,B,11.7300,11.7200,11.7100,11.7000,11.6900,11.7400,11.7500,11.7600,11.7700,11.7800,24,80,225,348,104,8,3,201,223,152
SZ,002381,2017-01-03 11:28:27,11.7300,3,35190.0000,30,S,11.7300,11.7200,11.7100,11.7000,11.6900,11.7400,11.7500,11.7600,11.7700,11.7800,17,80,225,348,104,8,3,201,223,152
SZ,002381,2017-01-03 11:29:27,11.7300,1,12903.0000,11,S,11.7300,11.7200,11.7100,11.7000,11.6900,11.7500,11.7600,11.7700,11.7800,11.7900,56,381,200,348,104,4,201,223,152,605
SZ,002381,2017-01-03 13:00:03,11.7300,12,393882.0000,336,S,11.7200,11.7100,11.7000,11.6900,11.6800,11.7300,11.7400,11.7500,11.7600,11.7700,123,142,349,113,338,13,44,58,199,218
SZ,002381,2017-01-03 13:00:30,11.7300,1,11730.0000,10,B,11.7200,11.7100,11.7000,11.6900,11.6800,11.7300,11.7400,11.7500,11.7600,11.7700,123,147,349,113,338,3,59,73,199,218
SZ,002381,2017-01-03 13:00:36,11.7200,1,51568.0000,44,S,11.7200,11.7100,11.7000,11.6900,11.6800,11.7300,11.7400,11.7500,11.7600,11.7700,79,147,349,113,338,3,59,73,199,218
SZ,002381,2017-01-03 13:00:54,11.7200,1,18752.0000,16,S,11.7200,11.7100,11.7000,11.6900,11.6800,11.7300,11.7400,11.7500,11.7600,11.7700,63,147,339,113,338,3,59,73,199,218
SZ,002381,2017-01-03 13:01:03,11.7300,1,3519.0000,3,B,11.7300,11.7200,11.7100,11.7000,11.6900,11.7400,11.7500,11.7600,11.7700,11.7800,17,63,147,339,113,59,73,199,218,219
SZ,002381,2017-01-03 13:02:15,11.7400,1,5870.0000,5,B,11.7300,11.7200,11.7100,11.7000,11.6900,11.7400,11.7500,11.7600,11.7700,11.7800,34,63,147,339,113,54,73,199,218,219
SZ,002381,2017-01-03 13:02:42,11.7400,1,19958.0000,17,B,11.7300,11.7200,11.7100,11.7000,11.6900,11.7400,11.7500,11.7600,11.7700,11.7800,17,63,147,339,113,37,73,199,218,219
SZ,002381,2017-01-03 13:04:00,11.7300,1,19941.0000,17,S,11.7200,11.7100,11.7000,11.6900,11.6800,11.7300,11.7400,11.7500,11.7600,11.7700,63,147,339,113,338,12,47,94,199,218
SZ,002381,2017-01-03 13:05:45,11.7200,1,14064.0000,12,S,11.7200,11.7100,11.7000,11.6900,11.6800,11.7400,11.7500,11.7600,11.7700,11.7800,50,137,339,313,338,47,94,199,218,212
SZ,002381,2017-01-03 13:06:06,11.7400,1,4696.0000,4,B,11.7300,11.7200,11.7100,11.7000,11.6900,11.7400,11.7500,11.7600,11.7700,11.7800,6,50,137,339,313,28,94,199,218,212
SZ,002381,2017-01-03 13:06:09,11.7200,2,17586.0000,15,S,11.7200,11.7100,11.7000,11.6900,11.6800,11.7400,11.7500,11.7600,11.7700,11.7800,41,137,339,313,338,28,94,199,218,212
SZ,002381,2017-01-03 13:06:21,11.7200,1,11720.0000,10,S,11.7200,11.7100,11.7000,11.6900,11.6800,11.7400,11.7500,11.7600,11.7700,11.7800,31,137,339,313,338,28,94,199,218,212
SZ,002381,2017-01-03 13:08:18,11.7400,1,9392.0000,8,B,11.7200,11.7100,11.7000,11.6900,11.6800,11.7400,11.7500,11.7600,11.7700,11.7800,144,162,339,313,338,20,94,199,218,212
SZ,002381,2017-01-03 13:09:30,11.7400,1,9392.0000,8,B,11.7300,11.7200,11.7100,11.7000,11.6900,11.7400,11.7500,11.7600,11.7700,11.7800,2,144,162,339,313,24,94,201,218,180
SZ,002381,2017-01-03 13:09:45,11.7400,4,28176.0000,24,B,11.7400,11.7300,11.7200,11.7100,11.7000,11.7500,11.7600,11.7700,11.7800,11.7900,46,2,144,162,339,94,201,218,180,592
SZ,002381,2017-01-03 13:10:03,11.7500,4,21150.0000,18,B,11.7400,11.7300,11.7200,11.7100,11.7000,11.7500,11.7600,11.7700,11.7800,11.7900,46,2,144,162,339,76,201,218,180,592
SZ,002381,2017-01-03 13:10:12,11.7400,1,5870.0000,5,S,11.7400,11.7200,11.7100,11.7000,11.6900,11.7500,11.7600,11.7700,11.7800,11.7900,41,144,162,339,313,76,201,218,180,592
SZ,002381,2017-01-03 13:12:39,11.7400,2,10567.0000,9,S,11.7400,11.7200,11.7100,11.7000,11.6900,11.7500,11.7600,11.7700,11.7800,11.7900,47,144,162,339,313,106,201,218,180,592
SZ,002381,2017-01-03 13:14:27,11.7400,1,9392.0000,8,S,11.7400,11.7200,11.7100,11.7000,11.6900,11.7500,11.7600,11.7700,11.7800,11.7900,37,144,162,339,313,138,209,218,185,592
SZ,002381,2017-01-03 13:15:27,11.7500,1,3525.0000,3,B,11.7400,11.7200,11.7100,11.7000,11.6900,11.7500,11.7600,11.7700,11.7800,11.7900,37,81,162,339,313,135,209,218,185,592
SZ,002381,2017-01-03 13:15:39,11.7400,2,35220.0000,30,S,11.7400,11.7300,11.7200,11.7100,11.7000,11.7500,11.7600,11.7700,11.7800,11.7900,7,11,81,162,339,135,209,218,185,592
SZ,002381,2017-01-03 13:15:51,11.7400,1,1174.0000,1,S,11.7400,11.7300,11.7200,11.7100,11.7000,11.7500,11.7600,11.7700,11.7800,11.7900,6,11,81,162,339,140,209,218,185,592
SZ,002381,2017-01-03 13:16:12,11.7500,14,169200.0000,144,B,11.7500,11.7400,11.7300,11.7200,11.7100,11.7600,11.7700,11.7800,11.7900,11.8000,56,6,11,81,162,209,218,185,592,222
SZ,002381,2017-01-03 13:16:36,11.7500,1,5875.0000,5,S,11.7500,11.7400,11.7300,11.7200,11.7100,11.7600,11.7700,11.7800,11.7900,11.8000,51,6,11,81,162,209,218,185,592,254
SZ,002381,2017-01-03 13:16:39,11.7500,2,37600.0000,32,S,11.7500,11.7400,11.7300,11.7200,11.7100,11.7600,11.7700,11.7800,11.7900,11.8000,49,6,11,81,137,209,218,185,592,254
SZ,002381,2017-01-03 13:16:45,11.7600,1,11760.0000,10,B,11.7500,11.7400,11.7300,11.7200,11.7100,11.7600,11.7700,11.7800,11.7900,11.8000,49,6,11,81,137,199,218,185,592,254
SZ,002381,2017-01-03 13:17:18,11.7600,1,4704.0000,4,B,11.7500,11.7400,11.7200,11.7100,11.7000,11.7600,11.7700,11.7800,11.7900,11.8000,50,6,231,137,339,395,218,185,592,254
SZ,002381,2017-01-03 13:17:51,11.7600,1,16464.0000,14,B,11.7500,11.7400,11.7200,11.7100,11.7000,11.7600,11.7700,11.7800,11.7900,11.8000,50,6,231,137,339,381,218,155,592,254
SZ,002381,2017-01-03 13:17:54,11.7600,2,4701.0000,4,B,11.7500,11.7400,11.7200,11.7100,11.7000,11.7600,11.7700,11.7800,11.7900,11.8000,47,6,231,137,339,380,218,177,592,254
SZ,002381,2017-01-03 13:18:45,11.7500,1,16450.0000,14,S,11.7500,11.7400,11.7300,11.7200,11.7100,11.7600,11.7700,11.7800,11.7900,11.8000,32,3,22,231,137,441,205,177,592,254
SZ,002381,2017-01-03 13:18:54,11.7600,1,1176.0000,1,B,11.7500,11.7400,11.7300,11.7200,11.7100,11.7600,11.7700,11.7800,11.7900,11.8000,32,3,22,231,137,440,205,177,592,254
SZ,002381,2017-01-03 13:19:06,11.7500,2,23500.0000,20,S,11.7500,11.7400,11.7300,11.7200,11.7100,11.7600,11.7700,11.7800,11.7900,11.8000,13,3,22,231,137,450,305,177,592,254
SZ,002381,2017-01-03 13:19:12,11.7500,2,15275.0000,13,S,11.7400,11.7300,11.7200,11.7100,11.7000,11.7500,11.7600,11.7700,11.7800,11.7900,3,22,231,137,335,37,450,305,177,592
SZ,002381,2017-01-03 13:20:21,11.7500,1,11750.0000,10,B,11.7400,11.7300,11.7200,11.7100,11.7000,11.7500,11.7600,11.7700,11.7800,11.7900,3,37,233,137,335,30,480,305,177,592
SZ,002381,2017-01-03 13:20:36,11.7500,2,35250.0000,30,B,11.7500,11.7400,11.7300,11.7200,11.7100,11.7600,11.7700,11.7800,11.7900,11.8000,70,3,49,233,137,480,305,177,592,254
SZ,002381,2017-01-03 13:20:57,11.7500,1,2350.0000,2,S,11.7500,11.7400,11.7300,11.7200,11.7100,11.7600,11.7700,11.7800,11.7900,11.8000,68,3,49,233,137,490,305,177,592,254
SZ,002381,2017-01-03 13:21:24,11.7600,3,58800.0000,50,B,11.7500,11.7400,11.7300,11.7200,11.7100,11.7600,11.7700,11.7800,11.7900,11.8000,68,3,49,235,137,440,305,177,592,254
SZ,002381,2017-01-03 13:21:51,11.7600,2,22344.0000,19,B,11.7500,11.7400,11.7300,11.7200,11.7100,11.7600,11.7700,11.7800,11.7900,11.8000,70,3,49,85,137,431,305,177,592,254
SZ,002381,2017-01-03 13:22:06,11.7600,1,19992.0000,17,B,11.7500,11.7400,11.7300,11.7200,11.7100,11.7600,11.7700,11.7800,11.7900,11.8000,70,3,49,85,137,414,305,197,592,254
SZ,002381,2017-01-03 13:23:42,11.7500,1,11750.0000,10,S,11.7500,11.7400,11.7300,11.7200,11.7100,11.7600,11.7700,11.7800,11.7900,11.8000,59,3,49,83,137,487,305,197,592,254
SZ,002381,2017-01-03 13:23:54,11.7600,1,1176.0000,1,B,11.7500,11.7400,11.7300,11.7200,11.7100,11.7600,11.7700,11.7800,11.7900,11.8000,59,3,49,83,137,486,305,197,592,254
SZ,002381,2017-01-03 13:24:33,11.7500,1,31725.0000,27,S,11.7500,11.7400,11.7300,11.7200,11.7100,11.7600,11.7700,11.7800,11.7900,11.8000,51,8,49,83,137,486,305,197,592,254
SZ,002381,2017-01-03 13:24:51,11.7600,1,2352.0000,2,B,11.7500,11.7400,11.7300,11.7200,11.7100,11.7600,11.7700,11.7800,11.7900,11.8000,56,8,49,83,137,484,305,197,592,254
SZ,002381,2017-01-03 13:25:03,11.7500,3,59925.0000,51,S,11.7500,11.7400,11.7300,11.7200,11.7100,11.7600,11.7700,11.7800,11.7900,11.8000,5,8,49,83,84,479,305,197,592,254
SZ,002381,2017-01-03 13:25:27,11.7500,3,16450.0000,14,S,11.7500,11.7400,11.7300,11.7200,11.7100,11.7600,11.7700,11.7800,11.7900,11.8000,9,8,49,83,84,479,310,197,592,254
SZ,002381,2017-01-03 13:25:54,11.7500,2,11750.0000,10,S,11.7500,11.7400,11.7300,11.7200,11.7100,11.7600,11.7700,11.7800,11.7900,11.8000,9,8,49,83,89,479,310,197,592,254
SZ,002381,2017-01-03 13:26:09,11.7500,1,10575.0000,9,S,11.7400,11.7300,11.7200,11.7100,11.7000,11.7500,11.7600,11.7700,11.7800,11.7900,8,49,83,89,347,1,469,310,202,592
SZ,002381,2017-01-03 13:27:09,11.7500,2,7050.0000,6,B,11.7400,11.7300,11.7200,11.7100,11.7000,11.7500,11.7600,11.7700,11.7800,11.7900,18,27,83,89,347,10,475,310,212,592
SZ,002381,2017-01-03 13:27:18,11.7500,1,11750.0000,10,B,11.7500,11.7400,11.7300,11.7200,11.7100,11.7600,11.7700,11.7800,11.7900,11.8000,7,28,27,83,89,475,310,212,592,254
SZ,002381,2017-01-03 13:27:39,11.7600,1,4704.0000,4,B,11.7400,11.7300,11.7200,11.7100,11.7000,11.7600,11.7700,11.7800,11.7900,11.8000,28,27,83,89,347,453,310,212,592,254
SZ,002381,2017-01-03 13:28:24,11.7500,1,11750.0000,10,B,11.7400,11.7300,11.7200,11.7100,11.7000,11.7500,11.7600,11.7700,11.7800,11.7900,28,37,83,89,335,24,453,310,212,592
SZ,002381,2017-01-03 13:29:06,11.7400,1,1174.0000,1,S,11.7400,11.7300,11.7200,11.7100,11.7000,11.7500,11.7600,11.7700,11.7800,11.7900,80,37,83,89,335,40,453,310,207,592
SZ,002381,2017-01-03 13:29:18,11.7400,5,35220.0000,30,S,11.7400,11.7300,11.7200,11.7100,11.7000,11.7500,11.7600,11.7700,11.7800,11.7900,50,37,83,89,340,40,453,310,207,592
SZ,002381,2017-01-03 13:29:36,11.7500,1,7050.0000,6,B,11.7400,11.7300,11.7200,11.7100,11.7000,11.7500,11.7600,11.7700,11.7800,11.7900,50,37,83,89,334,34,458,310,207,592
SZ,002381,2017-01-03 13:30:00,11.7500,2,19975.0000,17,B,11.7400,11.7300,11.7200,11.7100,11.7000,11.7500,11.7600,11.7700,11.7800,11.7900,50,37,83,89,334,17,458,310,207,592
SZ,002381,2017-01-03 13:30:12,11.7400,1,9392.0000,8,S,11.7400,11.7300,11.7200,11.7100,11.7000,11.7500,11.7600,11.7700,11.7800,11.7900,42,37,83,89,334,17,458,310,207,592
SZ,002381,2017-01-03 13:30:15,11.7500,2,7050.0000,6,B,11.7400,11.7300,11.7200,11.7100,11.7000,11.7500,11.7600,11.7700,11.7800,11.7900,42,37,83,89,334,11,458,310,207,592
SZ,002381,2017-01-03 13:31:27,11.7500,1,8225.0000,7,B,11.7400,11.7300,11.7200,11.7100,11.7000,11.7500,11.7600,11.7700,11.7800,11.7900,46,37,83,89,344,33,458,310,187,592
SZ,002381,2017-01-03 13:31:30,11.7400,2,2348.0000,2,S,11.7400,11.7300,11.7200,11.7100,11.7000,11.7500,11.7600,11.7700,11.7800,11.7900,44,37,83,89,344,33,458,310,187,592
SZ,002381,2017-01-03 13:31:45,11.7500,1,3525.0000,3,B,11.7400,11.7300,11.7200,11.7100,11.7000,11.7500,11.7600,11.7700,11.7800,11.7900,44,37,83,89,344,10,467,310,187,592
SZ,002381,2017-01-03 13:31:48,11.7400,1,1174.0000,1,S,11.7400,11.7300,11.7200,11.7100,11.7000,11.7500,11.7600,11.7700,11.7800,11.7900,43,37,83,89,344,10,467,310,187,592
SZ,002381,2017-01-03 13:32:15,11.7500,2,5875.0000,5,B,11.7400,11.7300,11.7200,11.7100,11.7000,11.7500,11.7600,11.7700,11.7800,11.7900,54,37,83,131,344,26,467,310,187,592
SZ,002381,2017-01-03 13:32:18,11.7400,1,1174.0000,1,S,11.7400,11.7300,11.7200,11.7100,11.7000,11.7500,11.7600,11.7700,11.7800,11.7900,53,37,83,131,344,26,467,310,187,592
SZ,002381,2017-01-03 13:33:03,11.7500,2,9400.0000,8,B,11.7400,11.7300,11.7200,11.7100,11.7000,11.7500,11.7600,11.7700,11.7800,11.7900,65,37,85,131,344,21,467,210,187,592
SZ,002381,2017-01-03 13:33:15,11.7500,1,8225.0000,7,B,11.7400,11.7300,11.7200,11.7100,11.7000,11.7500,11.7600,11.7700,11.7800,11.7900,66,37,115,131,344,14,467,210,187,592
SZ,002381,2017-01-03 13:33:21,11.7400,1,23480.0000,20,S,11.7400,11.7300,11.7200,11.7100,11.7000,11.7500,11.7600,11.7700,11.7800,11.7900,46,37,115,131,344,14,467,210,187,592
SZ,002381,2017-01-03 13:33:24,11.7400,2,3523.0000,3,S,11.7400,11.7300,11.7200,11.7100,11.7000,11.7500,11.7600,11.7700,11.7800,11.7900,44,37,115,131,344,13,467,210,187,592
SZ,002381,2017-01-03 13:33:27,11.7400,1,1174.0000,1,S,11.7400,11.7300,11.7200,11.7100,11.7000,11.7500,11.7600,11.7700,11.7800,11.7900,43,37,115,131,344,13,467,210,187,592
SZ,002381,2017-01-03 13:33:39,11.7400,2,2348.0000,2,S,11.7400,11.7300,11.7200,11.7100,11.7000,11.7500,11.7600,11.7700,11.7800,11.7900,84,37,115,131,344,13,467,210,187,592
SZ,002381,2017-01-03 13:34:48,11.7400,12,157316.0000,134,S,11.7300,11.7200,11.7100,11.7000,11.6900,11.7400,11.7500,11.7600,11.7700,11.7800,37,115,131,344,313,65,115,467,210,187
SZ,002381,2017-01-03 13:34:51,11.7300,2,29325.0000,25,S,11.7300,11.7200,11.7100,11.7000,11.6900,11.7400,11.7500,11.7600,11.7700,11.7800,12,115,131,344,313,65,115,467,210,187
SZ,002381,2017-01-03 13:34:54,11.7200,3,26968.0000,23,S,11.7200,11.7100,11.7000,11.6900,11.6800,11.7400,11.7500,11.7600,11.7700,11.7800,104,131,344,313,328,65,115,467,210,187
SZ,002381,2017-01-03 13:35:09,11.7200,1,1172.0000,1,S,11.7200,11.7100,11.7000,11.6900,11.6800,11.7400,11.7500,11.7600,11.7700,11.7800,103,131,344,313,328,70,114,467,210,187
SZ,002381,2017-01-03 13:35:12,11.7200,1,3516.0000,3,S,11.7200,11.7100,11.7000,11.6900,11.6800,11.7400,11.7500,11.7600,11.7700,11.7800,100,131,344,313,328,70,114,467,210,187
SZ,002381,2017-01-03 13:35:24,11.7400,1,29350.0000,25,B,11.7300,11.7200,11.7100,11.7000,11.6900,11.7400,11.7500,11.7600,11.7700,11.7800,4,104,151,344,313,80,114,467,210,182
SZ,002381,2017-01-03 13:35:39,11.7300,1,1173.0000,1,S,11.7300,11.7200,11.7100,11.7000,11.6900,11.7400,11.7500,11.7600,11.7700,11.7800,15,104,151,344,313,80,114,467,210,182
SZ,002381,2017-01-03 13:36:54,11.7400,1,11740.0000,10,B,11.7300,11.7200,11.7100,11.7000,11.6900,11.7400,11.7500,11.7600,11.7700,11.7800,15,145,261,359,313,75,114,477,210,172
SZ,002381,2017-01-03 13:37:24,11.7400,1,4696.0000,4,B,11.7300,11.7200,11.7100,11.7000,11.6900,11.7400,11.7500,11.7600,11.7700,11.7800,42,147,261,359,313,71,124,477,210,172
SZ,002381,2017-01-03 13:37:45,11.7300,2,5865.0000,5,S,11.7300,11.7200,11.7100,11.7000,11.6900,11.7400,11.7500,11.7600,11.7700,11.7800,58,147,261,359,313,81,124,477,210,172
SZ,002381,2017-01-03 13:37:51,11.7300,2,11730.0000,10,S,11.7300,11.7200,11.7100,11.7000,11.6900,11.7400,11.7500,11.7600,11.7700,11.7800,48,147,261,359,313,81,124,477,210,172
SZ,002381,2017-01-03 13:38:03,11.7300,1,3519.0000,3,S,11.7300,11.7200,11.7100,11.7000,11.6900,11.7400,11.7500,11.7600,11.7700,11.7800,45,147,261,359,313,81,124,477,210,172
SZ,002381,2017-01-03 13:38:18,11.7300,3,52785.0000,45,S,11.7200,11.7100,11.7000,11.6900,11.6800,11.7300,11.7400,11.7500,11.7600,11.7700,147,282,359,313,328,55,81,122,481,210
SZ,002381,2017-01-03 13:38:45,11.7300,1,5865.0000,5,B,11.7200,11.7100,11.7000,11.6900,11.6800,11.7300,11.7400,11.7500,11.7600,11.7700,152,282,359,313,328,50,88,122,481,210
SZ,002381,2017-01-03 13:39:00,11.7300,1,30498.0000,26,B,11.7200,11.7100,11.7000,11.6900,11.6800,11.7300,11.7400,11.7500,11.7600,11.7700,152,282,359,313,328,24,83,122,481,210
SZ,002381,2017-01-03 13:39:06,11.7300,1,28152.0000,24,B,11.7300,11.7200,11.7100,11.7000,11.6900,11.7400,11.7500,11.7600,11.7700,11.7800,32,152,332,359,313,83,122,481,210,172
SZ,002381,2017-01-03 13:39:30,11.7300,1,11730.0000,10,S,11.7300,11.7200,11.7100,11.7000,11.6900,11.7400,11.7500,11.7600,11.7700,11.7800,70,152,332,359,313,94,122,481,210,172
SZ,002381,2017-01-03 13:40:00,11.7300,2,31647.0000,27,S,11.7300,11.7200,11.7100,11.7000,11.6900,11.7400,11.7500,11.7600,11.7700,11.7800,63,167,332,369,313,68,122,481,210,172
SZ,002381,2017-01-03 13:40:09,11.7200,4,81283.0000,70,S,11.7200,11.7100,11.7000,11.6900,11.6800,11.7400,11.7500,11.7600,11.7700,11.7800,160,332,369,313,328,68,122,481,210,172
SZ,002381,2017-01-03 13:42:57,11.7200,3,10551.0000,9,S,11.7200,11.7100,11.7000,11.6900,11.6800,11.7400,11.7500,11.7600,11.7700,11.7800,131,316,369,313,328,58,140,481,270,172
SZ,002381,2017-01-03 13:43:09,11.7200,3,26956.0000,23,S,11.7200,11.7100,11.7000,11.6900,11.6800,11.7400,11.7500,11.7600,11.7700,11.7800,109,316,369,313,328,58,140,481,270,172
SZ,002381,2017-01-03 13:43:42,11.7200,4,55084.0000,47,S,11.7200,11.7100,11.7000,11.6900,11.6800,11.7400,11.7500,11.7600,11.7700,11.7800,77,316,369,313,338,58,140,481,270,172
SZ,002381,2017-01-03 13:43:45,11.7200,3,21096.0000,18,S,11.7200,11.7100,11.7000,11.6900,11.6800,11.7400,11.7500,11.7600,11.7700,11.7800,59,316,369,313,338,58,140,481,270,172
SZ,002381,2017-01-03 13:44:15,11.7200,2,2345.0000,2,S,11.7200,11.7100,11.7000,11.6900,11.6800,11.7400,11.7500,11.7600,11.7700,11.7800,69,316,369,313,338,56,140,481,270,172
SZ,002381,2017-01-03 13:45:00,11.7400,2,9386.0000,8,B,11.7200,11.7100,11.7000,11.6900,11.6800,11.7400,11.7500,11.7600,11.7700,11.7800,98,316,369,313,352,51,140,481,270,172
SZ,002381,2017-01-03 13:45:03,11.7200,1,9376.0000,8,S,11.7200,11.7100,11.7000,11.6900,11.6800,11.7400,11.7500,11.7600,11.7700,11.7800,90,316,369,313,352,51,140,481,270,172
SZ,002381,2017-01-03 13:45:30,11.7200,10,94932.0000,81,S,11.7200,11.7100,11.7000,11.6900,11.6800,11.7400,11.7500,11.7600,11.7700,11.7800,9,316,369,313,352,56,140,481,270,172
SZ,002381,2017-01-03 13:45:54,11.7300,1,1173.0000,1,S,11.7300,11.7200,11.7100,11.7000,11.6900,11.7400,11.7500,11.7600,11.7700,11.7800,9,9,316,359,313,56,140,481,270,172
SZ,002381,2017-01-03 13:46:18,11.7300,1,5865.0000,5,S,11.7300,11.7200,11.7100,11.7000,11.6900,11.7400,11.7500,11.7600,11.7700,11.7800,10,22,316,359,313,51,140,483,270,172
SZ,002381,2017-01-03 13:47:45,11.7300,2,11730.0000,10,S,11.7300,11.7200,11.7100,11.7000,11.6900,11.7400,11.7500,11.7600,11.7700,11.7800,47,92,341,359,313,51,140,483,270,172
SZ,002381,2017-01-03 13:48:30,11.7400,1,4696.0000,4,B,11.7300,11.7200,11.7100,11.7000,11.6900,11.7400,11.7500,11.7600,11.7700,11.7800,49,101,341,344,313,47,140,483,270,172
SZ,002381,2017-01-03 13:49:00,11.7400,1,1174.0000,1,B,11.7300,11.7200,11.7100,11.7000,11.6900,11.7400,11.7500,11.7600,11.7700,11.7800,45,251,341,344,313,46,140,483,270,172
SZ,002381,2017-01-03 13:49:12,11.7300,6,48093.0000,41,S,11.7300,11.7200,11.7100,11.7000,11.6900,11.7400,11.7500,11.7600,11.7700,11.7800,4,251,341,344,313,46,140,483,270,172
SZ,002381,2017-01-03 13:49:48,11.7400,3,9392.0000,8,B,11.7300,11.7200,11.7100,11.7000,11.6900,11.7400,11.7500,11.7600,11.7700,11.7800,29,251,341,344,313,38,175,483,270,172
