市场代码,证券代码,时间,最新价,成交笔数,成交额,成交量,方向,买一价,买二价,买三价,买四价,买五价,卖一价,卖二价,卖三价,卖四价,卖五价,买一量,买二量,买三量,买四量,买五量,卖一量,卖二量,卖三量,卖四量,卖五量
SZ,002336,2017-01-03 09:25:03,13.4000,9,170180.0000,127,B,13.3300,13.3000,13.2900,13.2500,13.2100,13.4000,13.4100,13.4500,13.4600,13.4800,12,10,22,2,20,131,10,50,87,55
SZ,002336,2017-01-03 09:30:03,13.3800,1,12042.0000,9,S,13.3500,13.3300,13.3200,13.3100,13.3000,13.3800,13.3900,13.4000,13.4100,13.4800,1,12,1,44,104,11,55,213,27,15
SZ,002336,2017-01-03 09:30:18,13.3800,1,14718.0000,11,B,13.3500,13.3400,13.3300,13.3200,13.3100,13.3900,13.4000,13.4100,13.4800,13.4900,1,50,12,1,44,66,213,27,15,37
SZ,002336,2017-01-03 09:30:27,13.3800,1,5352.0000,4,B,13.3500,13.3400,13.3300,13.3200,13.3100,13.3700,13.3900,13.4000,13.4100,13.4800,1,50,12,1,44,33,64,213,27,15
SZ,002336,2017-01-03 09:30:33,13.3700,4,100116.0000,75,B,13.3400,13.3300,13.3200,13.3100,13.3000,13.3700,13.3800,13.3900,13.4000,13.4100,31,12,1,44,104,28,20,63,213,27
SZ,002336,2017-01-03 09:30:39,13.3700,2,64176.0000,48,B,13.3700,13.3300,13.3200,13.3100,13.3000,13.3800,13.3900,13.4000,13.4100,13.4800,28,12,1,44,104,20,63,213,27,15
SZ,002336,2017-01-03 09:30:42,13.3700,1,37436.0000,28,S,13.3300,13.3200,13.3100,13.3000,13.2900,13.3400,13.3800,13.3900,13.4000,13.4100,12,1,44,104,14,7,20,63,213,27
SZ,002336,2017-01-03 09:30:51,13.3400,1,9338.0000,7,B,13.3400,13.3300,13.3200,13.3100,13.3000,13.3700,13.3800,13.3900,13.4000,13.4100,43,12,1,44,104,1,20,63,165,27
SZ,002336,2017-01-03 09:30:54,13.3700,1,1337.0000,1,B,13.3400,13.3300,13.3200,13.3100,13.3000,13.3800,13.3900,13.4000,13.4100,13.4800,43,12,1,44,104,20,63,165,10,15
SZ,002336,2017-01-03 09:31:09,13.3400,2,69368.0000,52,S,13.3400,13.3300,13.3200,13.3100,13.3000,13.3600,13.3800,13.3900,13.4000,13.4100,20,12,1,33,104,17,20,53,165,10
SZ,002336,2017-01-03 09:31:15,13.3400,4,49368.0000,37,S,13.3300,13.3200,13.3100,13.3000,13.2900,13.3400,13.3600,13.3800,13.3900,13.4000,12,1,33,104,14,70,17,20,53,165
SZ,002336,2017-01-03 09:31:21,13.3300,1,6665.0000,5,S,13.3300,13.3200,13.3100,13.3000,13.2900,13.3400,13.3500,13.3600,13.3800,13.3900,7,1,33,104,14,70,2,17,20,53
SZ,002336,2017-01-03 09:31:30,13.3000,10,192906.0000,145,S,13.2900,13.2800,13.2500,13.2300,13.2200,13.3000,13.3400,13.3500,13.3800,13.3900,14,20,69,15,15,15,70,2,68,53
SZ,002336,2017-01-03 09:31:39,13.2900,3,18606.0000,14,S,13.2800,13.2500,13.2300,13.2200,13.2100,13.2900,13.3000,13.3400,13.3800,13.3900,20,69,15,15,118,46,15,70,68,53
SZ,002336,2017-01-03 09:31:48,13.2800,3,62427.0000,47,S,13.2900,13.2500,13.2300,13.2200,13.2100,13.3000,13.3800,13.3900,13.4000,13.4100,4,69,15,15,118,15,68,53,165,10
SZ,002336,2017-01-03 09:31:51,13.3000,1,13300.0000,10,B,13.2900,13.2500,13.2300,13.2200,13.2100,13.3000,13.3800,13.3900,13.4000,13.4100,4,69,15,15,118,5,68,53,165,10
SZ,002336,2017-01-03 09:31:54,13.2500,5,72911.0000,55,S,13.2500,13.2300,13.2200,13.2100,13.2000,13.2900,13.3000,13.3800,13.3900,13.4000,23,15,15,118,33,61,5,68,53,165
SZ,002336,2017-01-03 09:32:09,13.2900,4,82398.0000,62,B,13.2900,13.2800,13.2600,13.2500,13.2300,13.3000,13.3700,13.3800,13.3900,13.4000,14,20,1,23,15,5,10,20,53,165
SZ,002336,2017-01-03 09:32:24,13.2900,1,18606.0000,14,S,13.2800,13.2600,13.2500,13.2300,13.2200,13.2900,13.3000,13.3700,13.3900,13.4000,20,1,36,27,65,47,5,10,53,165
SZ,002336,2017-01-03 09:32:30,13.2800,2,6644.0000,5,S,13.2800,13.2600,13.2500,13.2300,13.2200,13.2900,13.3000,13.3700,13.3900,13.4000,19,11,48,27,65,43,5,10,53,165
SZ,002336,2017-01-03 09:32:36,13.2800,2,26561.0000,20,S,13.2600,13.2500,13.2300,13.2200,13.2100,13.2800,13.2900,13.3000,13.3500,13.3700,11,48,27,85,118,81,42,5,61,10
SZ,002336,2017-01-03 09:32:51,13.2800,1,39840.0000,30,B,13.2700,13.2600,13.2500,13.2300,13.2200,13.2800,13.2900,13.3000,13.3500,13.3700,5,52,75,31,85,178,42,5,61,10
SZ,002336,2017-01-03 09:32:57,13.2800,6,172625.0000,130,B,13.2600,13.2500,13.2300,13.2200,13.2100,13.2800,13.2900,13.3000,13.3500,13.3700,52,75,31,85,118,63,42,5,61,10
SZ,002336,2017-01-03 09:33:00,13.2800,1,6640.0000,5,B,13.2600,13.2500,13.2300,13.2200,13.2100,13.2800,13.2900,13.3000,13.3500,13.3700,52,75,31,85,118,58,42,5,61,10
SZ,002336,2017-01-03 09:33:12,13.2900,1,9303.0000,7,B,13.2800,13.2600,13.2500,13.2300,13.2200,13.2900,13.3000,13.3500,13.3700,13.3900,30,70,75,31,85,35,5,61,10,53
SZ,002336,2017-01-03 09:33:18,13.2900,1,21264.0000,16,B,13.2800,13.2700,13.2600,13.2500,13.2300,13.2900,13.3000,13.3500,13.3700,13.3800,30,15,70,75,19,19,5,61,10,13
SZ,002336,2017-01-03 09:33:24,13.2800,1,9296.0000,7,S,13.2800,13.2700,13.2600,13.2500,13.2300,13.3000,13.3500,13.3700,13.3800,13.3900,23,15,70,75,19,5,61,10,13,53
SZ,002336,2017-01-03 09:33:33,13.3000,1,3990.0000,3,B,13.2900,13.2800,13.2700,13.2600,13.2500,13.3000,13.3500,13.3700,13.3800,13.3900,47,23,24,70,75,2,61,10,13,53
SZ,002336,2017-01-03 09:33:36,13.2900,1,39870.0000,30,S,13.2900,13.2800,13.2700,13.2600,13.2500,13.3000,13.3500,13.3700,13.3800,13.3900,15,23,24,70,75,2,61,10,13,53
SZ,002336,2017-01-03 09:33:39,13.3000,1,2660.0000,2,B,13.3000,13.2900,13.2800,13.2700,13.2600,13.3500,13.3700,13.3800,13.3900,13.4000,3,15,33,24,70,61,10,13,53,165
SZ,002336,2017-01-03 09:34:15,13.3000,5,69160.0000,52,S,13.2900,13.2800,13.2700,13.2600,13.2500,13.3000,13.3400,13.3500,13.3700,13.3800,15,36,24,64,75,48,7,61,10,13
SZ,002336,2017-01-03 09:34:30,13.3000,2,130340.0000,98,B,13.3000,13.2900,13.2800,13.2700,13.2600,13.3400,13.3500,13.3700,13.3800,13.3900,108,15,36,24,64,28,61,10,13,53
SZ,002336,2017-01-03 09:34:36,13.3400,3,26680.0000,20,B,13.3000,13.2900,13.2800,13.2700,13.2600,13.3400,13.3500,13.3700,13.3800,13.3900,115,15,36,24,64,8,61,10,13,53
SZ,002336,2017-01-03 09:34:39,13.3400,2,30606.0000,23,B,13.3000,13.2900,13.2800,13.2700,13.2600,13.3400,13.3500,13.3700,13.3800,13.3900,96,15,36,24,64,24,61,10,13,53
SZ,002336,2017-01-03 09:34:42,13.3400,1,1334.0000,1,B,13.3000,13.2900,13.2800,13.2700,13.2600,13.3400,13.3500,13.3700,13.3800,13.3900,96,15,36,24,64,23,61,10,13,53
SZ,002336,2017-01-03 09:34:45,13.3000,4,133000.0000,100,S,13.3100,13.2900,13.2800,13.2700,13.2600,13.3400,13.3500,13.3700,13.3800,13.3900,26,20,36,24,64,23,61,10,13,53
SZ,002336,2017-01-03 09:34:48,13.3400,2,30682.0000,23,B,13.3400,13.3100,13.2900,13.2800,13.2700,13.3500,13.3700,13.3800,13.3900,13.4000,53,26,20,36,24,61,210,13,53,165
SZ,002336,2017-01-03 09:34:57,13.3400,2,33350.0000,25,S,13.3400,13.3100,13.2900,13.2800,13.2700,13.3500,13.3700,13.3900,13.4000,13.4100,28,46,20,36,24,61,210,53,165,10
SZ,002336,2017-01-03 09:35:03,13.3400,1,37352.0000,28,S,13.3100,13.2900,13.2800,13.2700,13.2600,13.3300,13.3500,13.3700,13.3900,13.4000,46,20,36,24,64,32,74,210,53,165
SZ,002336,2017-01-03 09:35:33,13.3100,2,61226.0000,46,S,13.2900,13.2800,13.2700,13.2600,13.2500,13.3000,13.3300,13.3500,13.3700,13.3900,35,36,24,64,85,4,52,74,210,53
SZ,002336,2017-01-03 09:35:51,13.3100,2,39926.0000,30,B,13.2900,13.2800,13.2700,13.2600,13.2500,13.3100,13.3300,13.3500,13.3700,13.3900,135,36,24,64,85,26,52,13,210,53
SZ,002336,2017-01-03 09:36:09,13.2900,3,39872.0000,30,S,13.2900,13.2800,13.2700,13.2600,13.2500,13.3000,13.3100,13.3200,13.3300,13.3600,107,36,24,64,85,1,26,30,52,13
SZ,002336,2017-01-03 09:36:12,13.2900,2,23922.0000,18,S,13.2900,13.2800,13.2700,13.2600,13.2500,13.3000,13.3100,13.3200,13.3300,13.3600,89,36,24,64,85,1,1,30,52,13
SZ,002336,2017-01-03 09:36:15,13.3100,2,2661.0000,2,B,13.3100,13.2900,13.2800,13.2700,13.2600,13.3200,13.3300,13.3600,13.3700,13.3900,18,89,36,24,64,30,52,13,210,53
SZ,002336,2017-01-03 09:36:21,13.3100,1,23958.0000,18,S,13.2900,13.2800,13.2700,13.2600,13.2500,13.3100,13.3200,13.3300,13.3600,13.3700,89,36,24,64,85,2,30,52,13,210
SZ,002336,2017-01-03 09:36:24,13.2900,1,53160.0000,40,S,13.2900,13.2800,13.2700,13.2600,13.2500,13.3100,13.3200,13.3300,13.3600,13.3700,49,36,24,64,85,2,30,52,13,210
SZ,002336,2017-01-03 09:36:39,13.2900,1,30567.0000,23,S,13.2900,13.2800,13.2700,13.2600,13.2500,13.3100,13.3200,13.3300,13.3600,13.3700,26,36,24,64,85,2,30,52,13,210
SZ,002336,2017-01-03 09:37:12,13.3100,1,2662.0000,2,B,13.3100,13.2900,13.2800,13.2700,13.2600,13.3200,13.3300,13.3600,13.3700,13.3900,63,44,46,24,51,30,52,13,210,30
SZ,002336,2017-01-03 09:37:18,13.3200,1,39960.0000,30,B,13.3100,13.2900,13.2800,13.2700,13.2600,13.3300,13.3600,13.3700,13.3900,13.4000,63,44,46,24,51,52,13,210,30,165
SZ,002336,2017-01-03 09:37:39,13.3100,2,83853.0000,63,S,13.2900,13.2800,13.2700,13.2600,13.2500,13.3100,13.3200,13.3300,13.3600,13.3700,44,46,24,51,85,100,6,52,13,210
SZ,002336,2017-01-03 09:37:45,13.2900,2,43857.0000,33,S,13.2900,13.2800,13.2700,13.2600,13.2500,13.3000,13.3100,13.3200,13.3300,13.3600,11,46,24,51,85,48,100,6,52,13
SZ,002336,2017-01-03 09:37:48,13.3000,1,13300.0000,10,B,13.2900,13.2800,13.2700,13.2600,13.2500,13.3000,13.3100,13.3200,13.3300,13.3600,11,46,24,51,85,38,100,6,52,13
SZ,002336,2017-01-03 09:38:03,13.3000,1,10640.0000,8,B,13.2900,13.2800,13.2700,13.2600,13.2500,13.3000,13.3100,13.3200,13.3300,13.3600,13,46,24,51,85,30,90,6,52,13
SZ,002336,2017-01-03 09:38:12,13.3000,1,26600.0000,20,B,13.2900,13.2800,13.2700,13.2600,13.2500,13.3000,13.3100,13.3300,13.3600,13.3700,33,46,24,51,85,10,90,52,13,210
SZ,002336,2017-01-03 09:38:18,13.2900,1,13290.0000,10,S,13.2900,13.2800,13.2700,13.2600,13.2500,13.3000,13.3100,13.3300,13.3600,13.3700,23,46,24,51,85,10,90,52,13,210
SZ,002336,2017-01-03 09:38:33,13.3000,1,5320.0000,4,B,13.2900,13.2800,13.2700,13.2600,13.2500,13.3000,13.3100,13.3300,13.3600,13.3700,23,46,24,51,85,13,90,52,13,210
SZ,002336,2017-01-03 09:38:51,13.2900,3,30567.0000,23,S,13.2800,13.2700,13.2600,13.2500,13.2300,13.2900,13.3000,13.3100,13.3300,13.3500,46,24,51,85,19,5,14,90,52,10
SZ,002336,2017-01-03 09:38:57,13.2900,1,6645.0000,5,B,13.2800,13.2700,13.2600,13.2500,13.2300,13.3000,13.3100,13.3300,13.3500,13.3600,46,24,51,85,19,14,90,52,10,13
SZ,002336,2017-01-03 09:39:09,13.2900,2,18606.0000,14,B,13.2900,13.2800,13.2700,13.2600,13.2500,13.3000,13.3100,13.3300,13.3500,13.3600,80,36,24,51,85,7,90,52,10,13
SZ,002336,2017-01-03 09:39:12,13.2900,1,7974.0000,6,S,13.2900,13.2800,13.2700,13.2600,13.2500,13.3000,13.3100,13.3300,13.3500,13.3600,74,36,24,51,85,7,90,52,10,13
SZ,002336,2017-01-03 09:39:18,13.2900,1,2658.0000,2,S,13.2900,13.2800,13.2700,13.2600,13.2500,13.3000,13.3100,13.3300,13.3500,13.3600,72,36,24,51,85,7,90,52,10,13
SZ,002336,2017-01-03 09:39:27,13.3100,3,49240.0000,37,B,13.3000,13.2900,13.2800,13.2700,13.2600,13.3100,13.3300,13.3500,13.3600,13.3700,20,72,36,24,51,60,52,10,13,210
SZ,002336,2017-01-03 09:39:30,13.3000,2,26600.0000,20,S,13.2900,13.2800,13.2700,13.2600,13.2500,13.3000,13.3100,13.3300,13.3500,13.3600,72,36,24,51,85,180,60,52,10,13
SZ,002336,2017-01-03 09:39:36,13.2900,1,81069.0000,61,S,13.2900,13.2800,13.2700,13.2600,13.2500,13.3000,13.3100,13.3300,13.3500,13.3600,11,36,24,51,85,180,60,52,10,13
SZ,002336,2017-01-03 09:39:48,13.2800,3,39862.0000,30,S,13.2800,13.2700,13.2600,13.2500,13.2300,13.3000,13.3100,13.3300,13.3500,13.3600,28,24,51,85,4,180,60,52,10,13
SZ,002336,2017-01-03 09:40:21,13.2800,1,10624.0000,8,S,13.2800,13.2700,13.2600,13.2500,13.2300,13.2900,13.3000,13.3100,13.3300,13.3500,50,24,51,85,4,30,180,60,52,20
SZ,002336,2017-01-03 09:40:27,13.2800,1,1328.0000,1,S,13.2800,13.2700,13.2600,13.2500,13.2300,13.2900,13.3000,13.3100,13.3300,13.3500,49,24,51,85,4,32,180,60,52,20
SZ,002336,2017-01-03 09:40:30,13.2900,1,23922.0000,18,B,13.2800,13.2700,13.2600,13.2500,13.2300,13.2900,13.3000,13.3100,13.3300,13.3500,49,24,101,85,4,14,180,60,52,20
SZ,002336,2017-01-03 09:40:33,13.2800,1,3984.0000,3,S,13.2800,13.2700,13.2600,13.2500,13.2300,13.2900,13.3000,13.3100,13.3300,13.3500,46,24,101,90,4,14,180,60,52,20
SZ,002336,2017-01-03 09:40:36,13.2800,3,13280.0000,10,S,13.2800,13.2700,13.2600,13.2500,13.2300,13.2900,13.3000,13.3100,13.3300,13.3500,36,24,101,90,4,14,180,60,52,20
SZ,002336,2017-01-03 09:40:45,13.2800,3,47808.0000,36,S,13.2700,13.2600,13.2500,13.2300,13.2200,13.2800,13.2900,13.3000,13.3100,13.3300,24,101,90,4,70,1,14,180,60,52
SZ,002336,2017-01-03 09:40:51,13.2900,2,6644.0000,5,B,13.2700,13.2600,13.2500,13.2300,13.2200,13.2900,13.3000,13.3100,13.3300,13.3500,24,101,82,4,70,10,180,60,52,20
SZ,002336,2017-01-03 09:41:00,13.2900,1,3987.0000,3,B,13.2800,13.2700,13.2600,13.2500,13.2300,13.2900,13.3000,13.3100,13.3300,13.3500,10,34,101,72,4,7,180,60,52,20
SZ,002336,2017-01-03 09:41:03,13.3000,3,37233.0000,28,B,13.2800,13.2700,13.2600,13.2500,13.2300,13.3000,13.3100,13.3300,13.3500,13.3600,10,34,101,72,4,159,60,52,20,13
SZ,002336,2017-01-03 09:41:18,13.2800,1,5312.0000,4,S,13.2800,13.2700,13.2600,13.2500,13.2300,13.3000,13.3100,13.3300,13.3500,13.3600,16,34,101,92,4,159,60,52,20,13
SZ,002336,2017-01-03 09:41:36,13.2600,9,198966.0000,150,S,13.2600,13.2500,13.2300,13.2200,13.2100,13.3000,13.3100,13.3300,13.3500,13.3600,1,92,4,70,80,159,60,52,20,13
SZ,002336,2017-01-03 09:41:48,13.2500,12,123226.0000,93,S,13.2300,13.2200,13.2100,13.2000,13.1800,13.2500,13.3000,13.3100,13.3300,13.3500,4,70,80,120,10,107,159,60,52,20
SZ,002336,2017-01-03 09:42:00,13.2500,1,49025.0000,37,B,13.2300,13.2200,13.2100,13.2000,13.1800,13.2500,13.3000,13.3100,13.3300,13.3500,4,70,80,120,10,85,159,60,52,20
SZ,002336,2017-01-03 09:42:06,13.2500,1,1325.0000,1,B,13.2400,13.2300,13.2200,13.2100,13.2000,13.2500,13.3000,13.3100,13.3300,13.3500,1,54,70,80,120,84,159,60,52,20
SZ,002336,2017-01-03 09:42:09,13.2500,4,74189.0000,56,B,13.2400,13.2300,13.2200,13.2100,13.2000,13.2500,13.3000,13.3100,13.3300,13.3500,10,49,70,80,120,34,159,60,52,20
SZ,002336,2017-01-03 09:42:15,13.2500,1,10600.0000,8,B,13.2400,13.2300,13.2200,13.2100,13.2000,13.2500,13.3000,13.3100,13.3300,13.3500,10,49,70,106,120,26,159,60,52,20
SZ,002336,2017-01-03 09:42:21,13.2200,8,197107.0000,149,S,13.2100,13.2000,13.1800,13.1600,13.1500,13.2200,13.2500,13.2900,13.3000,13.3100,127,147,10,34,30,20,6,50,159,60
SZ,002336,2017-01-03 09:42:30,13.2200,1,2644.0000,2,B,13.2100,13.2000,13.1800,13.1600,13.1500,13.2200,13.2500,13.2900,13.3000,13.3100,127,125,10,34,30,18,6,50,159,60
SZ,002336,2017-01-03 09:42:36,13.2200,2,23796.0000,18,B,13.2200,13.2100,13.2000,13.1800,13.1600,13.2500,13.2900,13.3000,13.3100,13.3300,35,127,98,10,34,6,50,159,60,52
SZ,002336,2017-01-03 09:42:45,13.2200,1,6610.0000,5,S,13.2200,13.2100,13.2000,13.1900,13.1800,13.2500,13.2900,13.3000,13.3100,13.3300,239,127,98,5,10,6,50,159,60,52
SZ,002336,2017-01-03 09:42:51,13.2200,5,271025.0000,205,S,13.2200,13.2100,13.2000,13.1900,13.1800,13.2500,13.2900,13.3000,13.3100,13.3300,39,127,98,5,10,1,50,209,60,52
SZ,002336,2017-01-03 09:43:00,13.2200,1,3966.0000,3,S,13.2200,13.2100,13.2000,13.1900,13.1800,13.2500,13.2900,13.3000,13.3100,13.3300,61,127,98,5,10,1,50,209,60,52
SZ,002336,2017-01-03 09:43:03,13.2500,1,1325.0000,1,B,13.2600,13.2200,13.2100,13.2000,13.1900,13.2900,13.3000,13.3100,13.3300,13.3500,3,96,127,98,5,50,209,60,52,20
SZ,002336,2017-01-03 09:43:09,13.2600,1,3978.0000,3,S,13.2500,13.2200,13.2100,13.2000,13.1900,13.2600,13.2900,13.3000,13.3100,13.3300,50,106,137,98,5,298,50,209,60,52
SZ,002336,2017-01-03 09:43:18,13.2600,1,39780.0000,30,B,13.2500,13.2300,13.2200,13.2100,13.2000,13.2600,13.2900,13.3000,13.3100,13.3300,50,31,116,121,125,268,80,209,60,52
SZ,002336,2017-01-03 09:43:24,13.2500,1,15900.0000,12,S,13.2500,13.2300,13.2200,13.2100,13.2000,13.2600,13.2900,13.3000,13.3100,13.3300,88,31,121,121,125,268,80,209,60,52
SZ,002336,2017-01-03 09:43:27,13.2500,1,10600.0000,8,S,13.2500,13.2300,13.2200,13.2100,13.2000,13.2600,13.2900,13.3000,13.3100,13.3300,80,31,121,121,125,271,80,209,60,52
SZ,002336,2017-01-03 09:43:30,13.2500,1,1325.0000,1,S,13.2500,13.2300,13.2200,13.2100,13.2000,13.2600,13.2900,13.3000,13.3100,13.3300,79,31,121,121,125,271,80,209,60,52
SZ,002336,2017-01-03 09:43:33,13.2600,1,79560.0000,60,B,13.2500,13.2300,13.2200,13.2100,13.2000,13.2600,13.2900,13.3000,13.3100,13.3300,79,31,121,121,125,211,80,209,60,52
SZ,002336,2017-01-03 09:43:42,13.2600,2,50378.0000,38,B,13.2500,13.2300,13.2200,13.2100,13.2000,13.2600,13.2900,13.3000,13.3100,13.3300,109,31,121,121,125,183,80,209,60,52
SZ,002336,2017-01-03 09:43:45,13.2500,6,147077.0000,111,S,13.2300,13.2200,13.2100,13.2000,13.1900,13.2400,13.2600,13.2900,13.3000,13.3100,31,121,121,125,5,37,181,80,209,60
SZ,002336,2017-01-03 09:43:48,13.2600,2,265126.0000,200,B,13.2300,13.2200,13.2100,13.2000,13.1900,13.2600,13.2900,13.3000,13.3100,13.3300,31,121,121,125,5,18,80,209,60,52
SZ,002336,2017-01-03 09:43:54,13.2600,2,10608.0000,8,B,13.2400,13.2300,13.2200,13.2100,13.2000,13.2600,13.2900,13.3000,13.3100,13.3300,25,47,121,121,125,10,80,209,60,52
SZ,002336,2017-01-03 09:44:00,13.2600,1,6630.0000,5,B,13.2400,13.2300,13.2200,13.2100,13.2000,13.2600,13.2900,13.3000,13.3100,13.3300,25,47,85,121,125,5,80,209,60,52
SZ,002336,2017-01-03 09:44:06,13.2400,2,33100.0000,25,S,13.2300,13.2200,13.2100,13.2000,13.1900,13.2400,13.2600,13.2900,13.3000,13.3100,47,85,121,125,5,75,5,80,209,60
SZ,002336,2017-01-03 09:44:30,13.2300,2,96645.0000,73,S,13.2300,13.2200,13.2100,13.2000,13.1900,13.2400,13.2600,13.2900,13.3000,13.3100,42,136,121,95,5,9,10,80,209,60
SZ,002336,2017-01-03 09:44:39,13.2300,1,3969.0000,3,S,13.2300,13.2200,13.2100,13.2000,13.1900,13.2400,13.2600,13.2900,13.3000,13.3100,39,141,100,95,5,9,10,80,209,60
SZ,002336,2017-01-03 09:44:45,13.2300,1,2646.0000,2,S,13.2300,13.2200,13.2100,13.2000,13.1900,13.2400,13.2600,13.2900,13.3000,13.3100,37,141,100,95,5,9,10,90,209,60
SZ,002336,2017-01-03 09:44:51,13.2400,4,46340.0000,35,B,13.2300,13.2200,13.2100,13.2000,13.1900,13.2600,13.2900,13.3000,13.3100,13.3300,37,141,100,95,5,10,90,209,60,54
SZ,002336,2017-01-03 09:45:03,13.2600,3,13260.0000,10,B,13.2600,13.2400,13.2300,13.2200,13.2100,13.2900,13.3000,13.3100,13.3300,13.3500,20,50,88,141,100,90,209,60,54,20
SZ,002336,2017-01-03 09:45:06,13.2600,1,6630.0000,5,S,13.2600,13.2400,13.2300,13.2200,13.2100,13.2900,13.3000,13.3100,13.3300,13.3500,25,50,88,141,100,90,239,60,54,20
SZ,002336,2017-01-03 09:45:09,13.2600,1,3978.0000,3,S,13.2600,13.2400,13.2300,13.2200,13.2100,13.2900,13.3000,13.3100,13.3300,13.3500,22,50,88,141,100,90,239,60,54,20
SZ,002336,2017-01-03 09:45:21,13.2700,1,6635.0000,5,S,13.2700,13.2600,13.2500,13.2400,13.2300,13.2900,13.3000,13.3100,13.3300,13.3500,5,22,33,60,98,90,239,60,54,20
SZ,002336,2017-01-03 09:45:33,13.2900,3,119610.0000,90,B,13.2800,13.2700,13.2600,13.2500,13.2400,13.3000,13.3100,13.3300,13.3500,13.3600,30,49,22,33,60,239,60,54,20,13
SZ,002336,2017-01-03 09:45:36,13.2800,1,6640.0000,5,S,13.2800,13.2700,13.2600,13.2500,13.2400,13.3000,13.3100,13.3300,13.3500,13.3600,25,69,22,69,60,239,60,54,20,13
SZ,002336,2017-01-03 09:45:42,13.3000,1,1330.0000,1,B,13.2900,13.2800,13.2700,13.2600,13.2500,13.3000,13.3100,13.3300,13.3500,13.3600,8,25,69,22,69,238,60,54,20,13
SZ,002336,2017-01-03 09:45:57,13.2900,2,11961.0000,9,S,13.2800,13.2700,13.2600,13.2500,13.2400,13.2900,13.3000,13.3100,13.3300,13.3500,40,19,22,69,30,11,188,60,54,20
SZ,002336,2017-01-03 09:46:12,13.2900,1,14619.0000,11,B,13.2900,13.2800,13.2700,13.2600,13.2500,13.3000,13.3100,13.3300,13.3500,13.3600,19,40,19,32,69,188,60,54,20,13
SZ,002336,2017-01-03 09:46:18,13.2900,1,3987.0000,3,S,13.2900,13.2800,13.2700,13.2600,13.2500,13.3000,13.3100,13.3300,13.3500,13.3600,26,40,19,32,69,188,60,54,20,13
SZ,002336,2017-01-03 09:46:27,13.3000,2,230090.0000,173,B,13.2900,13.2800,13.2700,13.2600,13.2500,13.3000,13.3100,13.3300,13.3500,13.3600,26,40,5,32,69,15,60,54,20,13
SZ,002336,2017-01-03 09:46:36,13.3000,2,136990.0000,103,B,13.2900,13.2800,13.2700,13.2600,13.2500,13.3000,13.3100,13.3300,13.3500,13.3600,28,40,5,32,69,14,60,54,20,13
SZ,002336,2017-01-03 09:46:42,13.3000,1,13300.0000,10,B,13.2900,13.2800,13.2700,13.2600,13.2500,13.3000,13.3100,13.3300,13.3500,13.3600,28,40,5,32,36,4,60,54,20,13
SZ,002336,2017-01-03 09:47:00,13.3300,5,133150.0000,100,B,13.2900,13.2800,13.2700,13.2600,13.2500,13.3300,13.3500,13.3600,13.3700,13.3900,28,40,5,32,62,24,20,13,218,202
SZ,002336,2017-01-03 09:47:24,13.3200,1,5328.0000,4,S,13.3000,13.2900,13.2800,13.2700,13.2600,13.3200,13.3300,13.3500,13.3600,13.3700,51,38,40,5,32,3,24,20,13,218
SZ,002336,2017-01-03 09:47:27,13.3300,2,5329.0000,4,B,13.3200,13.3000,13.2900,13.2800,13.2700,13.3300,13.3500,13.3600,13.3700,13.3900,10,51,38,40,5,23,20,19,218,202
SZ,002336,2017-01-03 09:47:30,13.3300,2,6665.0000,5,B,13.3200,13.3000,13.2900,13.2800,13.2700,13.3300,13.3500,13.3600,13.3700,13.3900,10,51,38,40,5,18,20,19,218,202
SZ,002336,2017-01-03 09:47:36,13.3200,2,33315.0000,25,S,13.3000,13.2900,13.2800,13.2700,13.2600,13.3200,13.3300,13.3500,13.3600,13.3700,51,38,40,10,32,5,3,20,27,218
SZ,002336,2017-01-03 09:48:36,13.3000,1,39900.0000,30,S,13.3000,13.2900,13.2800,13.2700,13.2600,13.3200,13.3300,13.3500,13.3600,13.3700,6,33,60,10,32,5,208,42,99,218
SZ,002336,2017-01-03 09:48:48,13.3100,1,26620.0000,20,S,13.3000,13.2900,13.2800,13.2700,13.2600,13.3200,13.3300,13.3500,13.3600,13.3700,6,33,60,10,32,5,208,42,99,218
SZ,002336,2017-01-03 09:48:51,13.3200,1,6660.0000,5,B,13.3200,13.3000,13.2900,13.2800,13.2700,13.3300,13.3500,13.3600,13.3700,13.3900,5,6,33,60,10,208,42,99,218,202
SZ,002336,2017-01-03 09:48:57,13.3200,1,6660.0000,5,S,13.3000,13.2900,13.2800,13.2700,13.2600,13.3200,13.3300,13.3500,13.3600,13.3700,6,28,60,10,32,3,208,42,86,218
SZ,002336,2017-01-03 09:49:21,13.3000,2,7980.0000,6,S,13.2900,13.2800,13.2700,13.2600,13.2500,13.3000,13.3200,13.3300,13.3500,13.3600,28,60,10,32,62,4,39,208,32,86
SZ,002336,2017-01-03 09:49:27,13.3000,2,6650.0000,5,B,13.3000,13.2900,13.2800,13.2700,13.2600,13.3100,13.3200,13.3300,13.3500,13.3600,14,28,60,10,32,8,3,208,42,86
SZ,002336,2017-01-03 09:49:48,13.3100,1,10648.0000,8,B,13.3100,13.3000,13.2900,13.2800,13.2700,13.3200,13.3300,13.3500,13.3600,13.3700,6,22,28,50,10,3,208,42,86,218
SZ,002336,2017-01-03 09:49:54,13.3100,1,7986.0000,6,S,13.3000,13.2900,13.2800,13.2700,13.2600,13.3200,13.3300,13.3500,13.3600,13.3700,22,28,50,10,32,3,208,42,86,218
SZ,002336,2017-01-03 09:50:00,13.2900,6,77104.0000,58,S,13.2800,13.2700,13.2600,13.2500,13.2400,13.2900,13.3200,13.3300,13.3500,13.3600,50,10,32,62,30,68,9,208,42,86
SZ,002336,2017-01-03 09:50:18,13.2800,1,1328.0000,1,S,13.2800,13.2700,13.2600,13.2500,13.2400,13.2900,13.3200,13.3300,13.3500,13.3600,79,10,32,62,30,68,9,208,30,86
SZ,002336,2017-01-03 09:50:27,13.2900,1,39870.0000,30,B,13.2800,13.2700,13.2600,13.2500,13.2400,13.2900,13.3200,13.3300,13.3500,13.3600,79,10,32,62,30,38,9,208,30,86
SZ,002336,2017-01-03 09:50:33,13.2900,1,39870.0000,30,B,13.2800,13.2700,13.2600,13.2500,13.2400,13.2900,13.3200,13.3300,13.3500,13.3600,79,10,32,62,30,8,9,208,30,86
SZ,002336,2017-01-03 09:50:45,13.2800,4,104912.0000,79,S,13.2700,13.2600,13.2500,13.2400,13.2300,13.2800,13.2900,13.3200,13.3300,13.3500,10,32,62,30,80,121,8,9,8,30
SZ,002336,2017-01-03 09:50:54,13.2700,2,13270.0000,10,S,13.2700,13.2600,13.2500,13.2400,13.2300,13.2800,13.2900,13.3200,13.3300,13.3400,10,32,62,60,90,121,8,9,38,13
SZ,002336,2017-01-03 09:50:57,13.2700,1,13270.0000,10,S,13.2600,13.2500,13.2400,13.2300,13.2200,13.2700,13.2800,13.2900,13.3000,13.3200,32,62,60,90,80,8,129,8,20,9
SZ,002336,2017-01-03 09:51:03,13.2800,3,69048.0000,52,B,13.2600,13.2500,13.2400,13.2300,13.2200,13.2800,13.2900,13.3000,13.3200,13.3300,32,67,60,90,80,85,8,20,9,38
SZ,002336,2017-01-03 09:51:12,13.2800,1,78352.0000,59,B,13.2700,13.2600,13.2500,13.2400,13.2300,13.2800,13.2900,13.3000,13.3200,13.3300,2,32,67,60,90,26,8,20,9,38
SZ,002336,2017-01-03 09:51:18,13.2800,2,34528.0000,26,B,13.2800,13.2700,13.2600,13.2500,13.2400,13.2900,13.3000,13.3200,13.3300,13.3400,39,2,32,72,60,8,20,9,38,13
SZ,002336,2017-01-03 09:51:24,13.2900,1,3987.0000,3,B,13.2800,13.2700,13.2600,13.2500,13.2400,13.2900,13.3000,13.3200,13.3300,13.3400,39,2,32,72,60,5,20,9,38,13
SZ,002336,2017-01-03 09:51:42,13.2800,1,7968.0000,6,S,13.2800,13.2700,13.2600,13.2500,13.2400,13.2900,13.3000,13.3200,13.3300,13.3400,36,2,45,72,60,5,20,9,38,13
SZ,002336,2017-01-03 09:51:48,13.2800,1,25232.0000,19,S,13.2800,13.2700,13.2600,13.2500,13.2400,13.2900,13.3000,13.3200,13.3300,13.3400,17,2,45,72,60,5,20,9,38,13
SZ,002336,2017-01-03 09:51:51,13.2900,1,6645.0000,5,B,13.2900,13.2800,13.2700,13.2600,13.2500,13.3000,13.3200,13.3300,13.3400,13.3500,8,17,2,45,72,20,9,38,13,30
SZ,002336,2017-01-03 09:52:06,13.3000,1,2660.0000,2,B,13.2900,13.2800,13.2700,13.2600,13.2500,13.3000,13.3200,13.3300,13.3400,13.3500,24,17,2,45,72,18,9,38,13,30
SZ,002336,2017-01-03 09:52:12,13.3000,2,11969.0000,9,B,13.2900,13.2800,13.2700,13.2600,13.2500,13.3000,13.3200,13.3300,13.3400,13.3500,23,17,2,95,72,10,9,38,13,30
SZ,002336,2017-01-03 09:52:18,13.3000,1,13300.0000,10,B,13.3000,13.2900,13.2800,13.2700,13.2600,13.3200,13.3300,13.3400,13.3500,13.3600,15,33,17,2,95,9,38,13,30,86
SZ,002336,2017-01-03 09:53:06,13.3300,7,43978.0000,33,B,13.3000,13.2900,13.2800,13.2700,13.2600,13.3300,13.3400,13.3500,13.3600,13.3700,97,108,17,4,72,16,13,50,86,218
SZ,002336,2017-01-03 09:53:18,13.3000,1,2660.0000,2,S,13.3000,13.2900,13.2800,13.2700,13.2600,13.3300,13.3400,13.3500,13.3600,13.3700,95,108,17,40,72,16,13,50,86,218
SZ,002336,2017-01-03 09:53:42,13.3400,2,38670.0000,29,B,13.3400,13.3000,13.2900,13.2800,13.2700,13.3500,13.3600,13.3700,13.3900,13.4000,22,15,116,17,42,50,119,218,202,279
SZ,002336,2017-01-03 09:53:54,13.3400,1,29348.0000,22,S,13.3000,13.2900,13.2800,13.2700,13.2600,13.3400,13.3500,13.3600,13.3700,13.3900,25,116,17,42,72,10,50,119,228,202
SZ,002336,2017-01-03 09:54:06,13.2900,6,55848.0000,42,S,13.2900,13.2800,13.2700,13.2600,13.2500,13.3300,13.3400,13.3500,13.3600,13.3700,104,17,42,72,36,20,10,50,119,228
SZ,002336,2017-01-03 09:54:45,13.3100,1,14641.0000,11,S,13.3000,13.2900,13.2800,13.2700,13.2600,13.3100,13.3300,13.3400,13.3500,13.3600,22,144,17,40,72,9,20,38,50,119
SZ,002336,2017-01-03 09:55:00,13.3100,1,1331.0000,1,B,13.3000,13.2900,13.2800,13.2700,13.2600,13.3100,13.3300,13.3400,13.3500,13.3600,24,141,17,40,72,8,20,22,50,119
SZ,002336,2017-01-03 09:55:03,13.3100,1,10648.0000,8,B,13.3100,13.3000,13.2900,13.2800,13.2700,13.3300,13.3400,13.3500,13.3600,13.3700,4,24,169,17,40,20,22,50,119,228
SZ,002336,2017-01-03 09:55:33,13.3200,1,2664.0000,2,S,13.3100,13.3000,13.2900,13.2800,13.2700,13.3200,13.3300,13.3400,13.3500,13.3600,30,24,169,17,40,2,20,22,54,119
SZ,002336,2017-01-03 09:55:36,13.3100,1,5324.0000,4,S,13.3100,13.3000,13.2900,13.2800,13.2700,13.3200,13.3300,13.3400,13.3500,13.3600,26,24,169,17,40,42,20,22,54,119
SZ,002336,2017-01-03 09:55:48,13.3200,2,15984.0000,12,B,13.3100,13.3000,13.2900,13.2800,13.2700,13.3200,13.3300,13.3400,13.3500,13.3600,26,24,169,17,40,30,20,22,54,119
SZ,002336,2017-01-03 09:55:54,13.3100,1,6655.0000,5,S,13.3100,13.3000,13.2900,13.2800,13.2700,13.3200,13.3300,13.3400,13.3500,13.3600,21,24,169,17,40,30,20,22,54,119
SZ,002336,2017-01-03 09:56:03,13.3200,1,2664.0000,2,B,13.3100,13.3000,13.2900,13.2800,13.2700,13.3200,13.3300,13.3400,13.3500,13.3600,21,24,169,17,40,28,20,22,54,119
SZ,002336,2017-01-03 09:56:09,13.3100,1,27951.0000,21,S,13.3000,13.2900,13.2800,13.2700,13.2600,13.3100,13.3200,13.3300,13.3400,13.3500,24,169,17,40,72,29,28,20,22,54
SZ,002336,2017-01-03 09:56:15,13.3100,1,15972.0000,12,B,13.3000,13.2900,13.2800,13.2700,13.2600,13.3100,13.3200,13.3300,13.3400,13.3500,24,169,17,40,72,17,28,20,22,54
SZ,002336,2017-01-03 09:57:00,13.3000,4,45220.0000,34,S,13.2900,13.2800,13.2700,13.2600,13.2500,13.3000,13.3100,13.3200,13.3300,13.3400,169,17,4,72,36,18,17,28,20,22
SZ,002336,2017-01-03 09:57:12,13.3000,1,5320.0000,4,B,13.2900,13.2800,13.2700,13.2600,13.2500,13.3000,13.3100,13.3200,13.3300,13.3400,169,17,4,72,36,14,17,28,20,22
SZ,002336,2017-01-03 09:57:21,13.3000,1,18620.0000,14,B,13.3000,13.2900,13.2800,13.2700,13.2600,13.3100,13.3200,13.3300,13.3400,13.3500,30,205,17,4,72,17,28,20,22,54
SZ,002336,2017-01-03 09:57:24,13.3000,1,21280.0000,16,S,13.3000,13.2900,13.2800,13.2700,13.2600,13.3100,13.3200,13.3300,13.3400,13.3500,14,205,17,4,72,17,28,20,22,56
SZ,002336,2017-01-03 09:57:27,13.2900,6,192719.0000,145,S,13.2900,13.2800,13.2700,13.2600,13.2500,13.3100,13.3200,13.3300,13.3400,13.3500,74,17,4,72,36,17,28,20,22,56
SZ,002336,2017-01-03 09:58:09,13.2900,1,10632.0000,8,S,13.2900,13.2800,13.2700,13.2600,13.2500,13.3100,13.3200,13.3300,13.3400,13.3500,66,17,25,72,59,17,65,20,10,86
SZ,002336,2017-01-03 09:58:42,13.3100,1,1331.0000,1,B,13.3000,13.2900,13.2800,13.2700,13.2600,13.3100,13.3200,13.3300,13.3400,13.3500,75,98,17,23,72,16,65,20,10,86
SZ,002336,2017-01-03 09:59:09,13.3100,1,6655.0000,5,B,13.3000,13.2900,13.2800,13.2700,13.2600,13.3100,13.3200,13.3300,13.3400,13.3500,75,100,17,23,72,11,11,20,10,76
SZ,002336,2017-01-03 09:59:24,13.3100,1,9317.0000,7,B,13.3000,13.2900,13.2800,13.2700,13.2600,13.3100,13.3200,13.3300,13.3400,13.3500,75,100,17,23,72,4,11,20,10,76
SZ,002336,2017-01-03 09:59:27,13.3000,1,5320.0000,4,S,13.3000,13.2900,13.2800,13.2700,13.2600,13.3100,13.3200,13.3300,13.3400,13.3500,71,100,17,23,72,4,11,20,10,76
SZ,002336,2017-01-03 09:59:33,13.3000,1,1330.0000,1,S,13.3000,13.2900,13.2800,13.2700,13.2600,13.3100,13.3200,13.3300,13.3400,13.3500,70,100,17,23,72,4,11,20,10,76
SZ,002336,2017-01-03 09:59:36,13.3100,1,5324.0000,4,B,13.3100,13.3000,13.2900,13.2800,13.2700,13.3200,13.3300,13.3400,13.3500,13.3600,1,100,100,17,23,11,20,10,76,96
SZ,002336,2017-01-03 09:59:42,13.3100,1,1331.0000,1,S,13.3000,13.2900,13.2800,13.2700,13.2600,13.3100,13.3200,13.3300,13.3400,13.3500,100,100,17,23,72,4,11,20,10,76
SZ,002336,2017-01-03 09:59:48,13.3100,1,5324.0000,4,B,13.3100,13.3000,13.2900,13.2800,13.2700,13.3200,13.3300,13.3400,13.3500,13.3600,17,100,100,17,23,11,20,10,76,96
SZ,002336,2017-01-03 09:59:57,13.3100,1,5324.0000,4,S,13.3100,13.3000,13.2900,13.2800,13.2700,13.3200,13.3300,13.3400,13.3500,13.3600,13,100,100,17,23,11,20,10,76,96
SZ,002336,2017-01-03 10:00:06,13.3000,4,150303.0000,113,S,13.2900,13.2800,13.2700,13.2600,13.2500,13.3000,13.3200,13.3300,13.3400,13.3500,100,17,23,72,71,37,11,20,10,76
SZ,002336,2017-01-03 10:00:12,13.3000,1,3990.0000,3,B,13.2900,13.2800,13.2700,13.2600,13.2500,13.3000,13.3200,13.3300,13.3400,13.3500,100,17,23,72,71,34,11,20,10,76
SZ,002336,2017-01-03 10:00:27,13.3000,1,10640.0000,8,B,13.2900,13.2800,13.2700,13.2600,13.2500,13.3000,13.3200,13.3300,13.3400,13.3500,104,17,23,72,71,26,11,20,10,76
SZ,002336,2017-01-03 10:00:36,13.3000,1,3990.0000,3,B,13.2900,13.2800,13.2700,13.2600,13.2500,13.3000,13.3200,13.3300,13.3400,13.3500,104,17,23,72,71,23,11,20,10,76
SZ,002336,2017-01-03 10:00:57,13.3000,1,3990.0000,3,B,13.2900,13.2800,13.2700,13.2600,13.2500,13.3000,13.3200,13.3300,13.3400,13.3500,104,47,23,102,71,20,11,20,10,76
SZ,002336,2017-01-03 10:01:15,13.3000,1,2660.0000,2,B,13.2900,13.2800,13.2700,13.2600,13.2500,13.3000,13.3200,13.3300,13.3400,13.3500,104,47,23,102,71,18,11,20,10,76
SZ,002336,2017-01-03 10:01:33,13.3000,1,11970.0000,9,B,13.2900,13.2800,13.2700,13.2600,13.2500,13.3000,13.3200,13.3300,13.3400,13.3500,107,47,23,102,71,9,4,20,10,76
SZ,002336,2017-01-03 10:01:36,13.2900,2,26580.0000,20,S,13.2900,13.2800,13.2700,13.2600,13.2500,13.3000,13.3200,13.3300,13.3400,13.3500,87,47,23,102,71,9,4,20,10,76
SZ,002336,2017-01-03 10:01:39,13.3000,1,7980.0000,6,B,13.2900,13.2800,13.2700,13.2600,13.2500,13.3000,13.3200,13.3300,13.3400,13.3500,83,47,23,102,71,3,4,20,10,76
SZ,002336,2017-01-03 10:01:54,13.3000,2,5320.0000,4,B,13.2900,13.2800,13.2700,13.2600,13.2500,13.3000,13.3200,13.3300,13.3400,13.3500,85,47,23,102,71,27,14,20,10,76
SZ,002336,2017-01-03 10:01:57,13.2900,2,57147.0000,43,S,13.2900,13.2800,13.2700,13.2600,13.2500,13.3000,13.3200,13.3300,13.3400,13.3500,39,47,23,102,71,27,14,20,10,76
SZ,002336,2017-01-03 10:02:06,13.2900,3,26580.0000,20,S,13.2900,13.2800,13.2700,13.2600,13.2500,13.3000,13.3200,13.3300,13.3400,13.3500,19,47,23,102,71,27,14,20,10,76
SZ,002336,2017-01-03 10:02:12,13.2900,3,25251.0000,19,S,13.2800,13.2700,13.2600,13.2500,13.2400,13.3000,13.3200,13.3300,13.3400,13.3500,47,23,102,71,260,27,14,20,10,76
SZ,002336,2017-01-03 10:02:51,13.3000,1,1330.0000,1,B,13.2900,13.2800,13.2700,13.2600,13.2500,13.3000,13.3200,13.3400,13.3500,13.3600,3,47,23,102,71,26,14,10,76,96
SZ,002336,2017-01-03 10:03:03,13.2900,1,3987.0000,3,S,13.2800,13.2700,13.2600,13.2500,13.2400,13.2900,13.3000,13.3200,13.3400,13.3500,49,23,102,71,260,1,26,14,10,76
SZ,002336,2017-01-03 10:03:09,13.3000,2,9309.0000,7,B,13.2800,13.2700,13.2600,13.2500,13.2400,13.3000,13.3200,13.3400,13.3500,13.3600,49,23,102,71,260,20,4,10,76,96
SZ,002336,2017-01-03 10:03:27,13.3200,4,55904.0000,42,B,13.2800,13.2700,13.2600,13.2500,13.2400,13.3000,13.3400,13.3500,13.3600,13.3700,49,23,102,71,260,2,10,76,96,228
SZ,002336,2017-01-03 10:03:39,13.2900,1,5316.0000,4,S,13.2900,13.2800,13.2700,13.2600,13.2500,13.3000,13.3400,13.3500,13.3600,13.3700,236,47,23,92,71,2,10,76,96,228
SZ,002336,2017-01-03 10:03:48,13.3000,1,2660.0000,2,B,13.3000,13.2900,13.2800,13.2700,13.2600,13.3400,13.3500,13.3600,13.3700,13.3900,13,236,47,23,92,10,76,96,228,212
SZ,002336,2017-01-03 10:04:06,13.3000,4,39908.0000,30,S,13.3000,13.2900,13.2800,13.2700,13.2600,13.3400,13.3500,13.3600,13.3700,13.3900,42,236,47,23,92,46,76,101,228,212
SZ,002336,2017-01-03 10:04:15,13.3000,1,37240.0000,28,S,13.3000,13.2900,13.2800,13.2700,13.2600,13.3400,13.3500,13.3600,13.3700,13.3900,14,236,47,23,92,46,76,101,228,212
SZ,002336,2017-01-03 10:05:00,13.2900,3,93054.0000,70,S,13.2900,13.2800,13.2700,13.2600,13.2500,13.3400,13.3500,13.3600,13.3700,13.3900,190,47,23,92,81,46,76,134,228,212
SZ,002336,2017-01-03 10:05:27,13.3000,1,6650.0000,5,B,13.3000,13.2900,13.2800,13.2700,13.2600,13.3300,13.3400,13.3500,13.3600,13.3700,5,190,47,23,92,5,46,77,134,228
SZ,002336,2017-01-03 10:05:30,13.2900,2,13295.0000,10,S,13.2900,13.2800,13.2700,13.2600,13.2500,13.3300,13.3400,13.3500,13.3600,13.3700,185,47,23,92,81,5,46,77,134,228
SZ,002336,2017-01-03 10:05:45,13.3300,1,6665.0000,5,B,13.3300,13.2900,13.2800,13.2700,13.2600,13.3400,13.3500,13.3600,13.3700,13.3900,9,185,47,23,92,46,77,134,228,212
SZ,002336,2017-01-03 10:05:54,13.3300,1,7998.0000,6,S,13.3300,13.3000,13.2900,13.2800,13.2700,13.3400,13.3500,13.3600,13.3700,13.3900,3,6,185,47,23,46,77,134,228,212
SZ,002336,2017-01-03 10:06:03,13.3300,1,3999.0000,3,S,13.3000,13.2900,13.2800,13.2700,13.2600,13.3300,13.3400,13.3500,13.3600,13.3700,6,185,47,23,92,46,46,77,134,228
SZ,002336,2017-01-03 10:06:51,13.3300,1,45322.0000,34,B,13.3000,13.2900,13.2800,13.2700,13.2600,13.3300,13.3400,13.3500,13.3600,13.3700,8,185,47,23,92,46,46,47,134,228
SZ,002336,2017-01-03 10:06:57,13.3000,3,10640.0000,8,S,13.2900,13.2800,13.2700,13.2600,13.2500,13.3000,13.3300,13.3400,13.3500,13.3600,185,47,23,92,81,14,46,46,47,134
SZ,002336,2017-01-03 10:07:03,13.3000,1,10640.0000,8,B,13.2900,13.2800,13.2700,13.2600,13.2500,13.3000,13.3300,13.3400,13.3500,13.3600,185,47,23,92,81,6,46,46,47,134
SZ,002336,2017-01-03 10:07:21,13.3000,1,6650.0000,5,B,13.2900,13.2800,13.2700,13.2600,13.2500,13.3000,13.3300,13.3400,13.3500,13.3600,360,47,23,92,81,1,46,53,47,134
SZ,002336,2017-01-03 10:07:36,13.3000,1,1330.0000,1,B,13.3000,13.2900,13.2800,13.2700,13.2600,13.3300,13.3400,13.3500,13.3600,13.3700,8,360,47,23,92,46,53,47,134,228
SZ,002336,2017-01-03 10:07:39,13.3000,1,10640.0000,8,S,13.2900,13.2800,13.2700,13.2600,13.2500,13.3300,13.3400,13.3500,13.3600,13.3700,360,47,23,92,81,46,53,47,134,228
SZ,002336,2017-01-03 10:07:54,13.2900,1,13290.0000,10,S,13.2900,13.2800,13.2700,13.2600,13.2500,13.3300,13.3400,13.3500,13.3600,13.3700,350,47,23,92,81,55,53,47,134,228
SZ,002336,2017-01-03 10:08:36,13.3300,2,39990.0000,30,B,13.2900,13.2800,13.2700,13.2600,13.2500,13.3300,13.3400,13.3500,13.3600,13.3700,372,47,23,92,81,25,53,47,134,28
SZ,002336,2017-01-03 10:08:45,13.3000,1,5320.0000,4,S,13.3000,13.2900,13.2800,13.2700,13.2600,13.3300,13.3400,13.3500,13.3600,13.3700,10,372,47,23,92,25,53,47,134,28
SZ,002336,2017-01-03 10:08:57,13.3000,1,13300.0000,10,S,13.2900,13.2800,13.2700,13.2600,13.2500,13.3000,13.3300,13.3400,13.3500,13.3600,382,47,23,92,81,51,175,53,47,134
SZ,002336,2017-01-03 10:09:06,13.3000,1,42560.0000,32,B,13.2900,13.2800,13.2700,13.2600,13.2500,13.3000,13.3300,13.3400,13.3500,13.3600,382,47,23,92,81,19,175,53,47,134
SZ,002336,2017-01-03 10:09:09,13.3000,1,25270.0000,19,B,13.3000,13.2900,13.2800,13.2700,13.2600,13.3300,13.3400,13.3500,13.3600,13.3700,66,382,47,23,92,175,53,47,134,28
SZ,002336,2017-01-03 10:09:42,13.3000,4,119700.0000,90,S,13.2900,13.2800,13.2700,13.2600,13.2500,13.3000,13.3300,13.3400,13.3500,13.3600,382,47,23,92,76,10,175,17,47,101
SZ,002336,2017-01-03 10:09:57,13.3000,1,13300.0000,10,B,13.2900,13.2800,13.2700,13.2600,13.2500,13.3300,13.3400,13.3500,13.3600,13.3700,207,47,23,92,76,175,17,47,96,28
SZ,002336,2017-01-03 10:10:15,13.2900,1,6645.0000,5,S,13.2900,13.2800,13.2700,13.2600,13.2500,13.3200,13.3300,13.3400,13.3500,13.3600,192,47,23,92,81,36,175,17,47,96
SZ,002336,2017-01-03 10:10:33,13.2900,1,13290.0000,10,S,13.2900,13.2800,13.2700,13.2600,13.2500,13.3200,13.3300,13.3400,13.3500,13.3600,182,47,23,42,81,36,175,17,47,96
SZ,002336,2017-01-03 10:10:45,13.2900,1,1329.0000,1,S,13.2900,13.2800,13.2700,13.2600,13.2500,13.3200,13.3300,13.3400,13.3500,13.3600,181,47,23,42,81,36,175,17,47,96
SZ,002336,2017-01-03 10:10:48,13.2900,1,13290.0000,10,S,13.2900,13.2800,13.2700,13.2600,13.2500,13.3200,13.3300,13.3400,13.3500,13.3600,171,47,2,42,81,36,175,17,47,96
SZ,002336,2017-01-03 10:11:06,13.2900,1,39870.0000,30,S,13.2900,13.2800,13.2700,13.2600,13.2500,13.3200,13.3300,13.3400,13.3500,13.3600,166,47,2,42,81,54,195,17,47,96
SZ,002336,2017-01-03 10:11:21,13.3300,7,331863.0000,249,B,13.3300,13.2900,13.2800,13.2700,13.2600,13.3400,13.3500,13.3600,13.3700,13.3900,43,166,47,2,42,17,47,96,28,182
SZ,002336,2017-01-03 10:11:24,13.2900,2,207496.0000,156,S,13.2900,13.2800,13.2700,13.2600,13.2500,13.3400,13.3500,13.3600,13.3700,13.3900,53,47,2,42,81,17,47,96,28,182
SZ,002336,2017-01-03 10:11:33,13.3400,1,2668.0000,2,B,13.2900,13.2800,13.2700,13.2600,13.2500,13.3400,13.3500,13.3600,13.3700,13.3900,53,47,2,42,81,15,47,96,28,182
SZ,002336,2017-01-03 10:12:39,13.3200,1,2664.0000,2,B,13.3200,13.3000,13.2900,13.2800,13.2700,13.3300,13.3400,13.3500,13.3600,13.3700,14,23,63,47,17,2,56,52,86,28
SZ,002336,2017-01-03 10:13:48,13.3300,3,10662.0000,8,B,13.3300,13.3200,13.3000,13.2900,13.2800,13.3400,13.3500,13.3600,13.3700,13.3900,4,15,28,79,47,47,48,86,28,186
SZ,002336,2017-01-03 10:13:57,13.3300,1,5332.0000,4,S,13.3200,13.3000,13.2900,13.2800,13.2700,13.3300,13.3400,13.3500,13.3600,13.3700,15,28,79,47,17,1,47,48,86,28
SZ,002336,2017-01-03 10:14:12,13.3200,1,1332.0000,1,S,13.3200,13.3000,13.2900,13.2800,13.2700,13.3400,13.3500,13.3600,13.3700,13.3800,35,23,79,47,17,47,48,86,28,33
SZ,002336,2017-01-03 10:16:12,13.3300,1,2666.0000,2,S,13.3300,13.3200,13.3000,13.2900,13.2800,13.3400,13.3500,13.3600,13.3700,13.3800,3,42,38,83,67,40,48,56,48,33
SZ,002336,2017-01-03 10:16:24,13.3300,1,1333.0000,1,S,13.3300,13.3200,13.3000,13.2900,13.2800,13.3400,13.3500,13.3600,13.3700,13.3800,2,42,38,83,67,40,48,56,48,33
SZ,002336,2017-01-03 10:16:33,13.3400,1,6670.0000,5,B,13.3300,13.3200,13.3000,13.2900,13.2800,13.3400,13.3500,13.3600,13.3700,13.3800,2,42,38,83,67,35,48,56,48,33
SZ,002336,2017-01-03 10:18:00,13.3400,1,18676.0000,14,B,13.3300,13.3200,13.3000,13.2900,13.2800,13.3400,13.3500,13.3600,13.3700,13.3800,21,42,48,67,67,21,48,56,48,33
SZ,002336,2017-01-03 10:18:03,13.3300,1,2666.0000,2,S,13.3300,13.3200,13.3000,13.2900,13.2800,13.3400,13.3500,13.3600,13.3700,13.3800,19,42,48,67,67,21,48,56,48,33
SZ,002336,2017-01-03 10:18:15,13.3400,1,13340.0000,10,B,13.3300,13.3200,13.3000,13.2900,13.2800,13.3400,13.3500,13.3600,13.3700,13.3800,19,42,48,67,67,11,48,56,48,33
SZ,002336,2017-01-03 10:18:21,13.3400,2,13340.0000,10,B,13.3300,13.3200,13.3000,13.2900,13.2800,13.3400,13.3500,13.3600,13.3700,13.3800,19,42,48,67,67,1,48,56,48,33
SZ,002336,2017-01-03 10:19:48,13.3300,1,2666.0000,2,S,13.3300,13.3200,13.3000,13.2900,13.2800,13.3400,13.3500,13.3600,13.3700,13.3800,27,42,48,52,67,49,48,56,48,110
SZ,002336,2017-01-03 10:20:00,13.3400,4,49358.0000,37,B,13.3300,13.3200,13.3000,13.2900,13.2800,13.3400,13.3500,13.3600,13.3700,13.3800,27,42,48,52,67,12,48,56,48,110
SZ,002336,2017-01-03 10:20:06,13.3300,2,3999.0000,3,S,13.3300,13.3200,13.3000,13.2900,13.2800,13.3400,13.3500,13.3600,13.3700,13.3800,24,42,33,52,67,12,48,56,48,110
SZ,002336,2017-01-03 10:20:18,13.3300,2,31992.0000,24,B,13.3200,13.3000,13.2900,13.2800,13.2700,13.3300,13.3400,13.3500,13.3600,13.3700,42,33,52,67,17,22,12,48,56,48
SZ,002336,2017-01-03 10:20:33,13.3300,1,1333.0000,1,B,13.3200,13.3000,13.2900,13.2800,13.2700,13.3300,13.3400,13.3500,13.3600,13.3700,42,33,52,67,17,58,29,48,56,48
SZ,002336,2017-01-03 10:21:03,13.3200,4,22644.0000,17,S,13.3200,13.3000,13.2900,13.2800,13.2700,13.3300,13.3400,13.3500,13.3600,13.3700,25,33,52,67,15,58,12,48,56,48
SZ,002336,2017-01-03 10:21:15,13.3300,2,77314.0000,58,B,13.3300,13.3200,13.3000,13.2900,13.2800,13.3400,13.3500,13.3600,13.3700,13.3800,2,25,33,52,67,12,48,56,48,110
SZ,002336,2017-01-03 10:21:33,13.3300,2,5332.0000,4,S,13.3300,13.3200,13.3000,13.2900,13.2800,13.3400,13.3500,13.3600,13.3700,13.3800,8,25,33,52,67,12,48,56,48,33
SZ,002336,2017-01-03 10:22:42,13.3200,1,3996.0000,3,S,13.3200,13.3000,13.2900,13.2800,13.2700,13.3300,13.3400,13.3500,13.3600,13.3700,22,33,48,67,15,15,12,48,56,48
SZ,002336,2017-01-03 10:22:57,13.3200,2,29304.0000,22,S,13.3000,13.2900,13.2800,13.2700,13.2600,13.3200,13.3300,13.3400,13.3500,13.3600,33,48,67,15,42,3,15,12,48,56
SZ,002336,2017-01-03 10:23:33,13.3300,2,6662.0000,5,B,13.3000,13.2900,13.2800,13.2700,13.2600,13.3300,13.3400,13.3500,13.3600,13.3700,33,92,67,15,42,13,15,48,56,48
SZ,002336,2017-01-03 10:23:39,13.3000,1,10640.0000,8,S,13.3000,13.2900,13.2800,13.2700,13.2600,13.3300,13.3400,13.3500,13.3600,13.3700,30,92,67,15,42,13,15,48,56,48
SZ,002336,2017-01-03 10:24:12,13.3000,1,9310.0000,7,S,13.3000,13.2900,13.2800,13.2700,13.2600,13.3300,13.3400,13.3500,13.3600,13.3700,25,92,67,15,42,13,15,48,56,48
SZ,002336,2017-01-03 10:24:33,13.3100,1,1331.0000,1,S,13.3000,13.2900,13.2800,13.2700,13.2600,13.3100,13.3300,13.3400,13.3500,13.3600,25,77,67,15,42,4,13,15,48,56
SZ,002336,2017-01-03 10:25:27,13.3100,2,18634.0000,14,B,13.3100,13.3000,13.2900,13.2800,13.2700,13.3300,13.3400,13.3500,13.3600,13.3700,11,42,77,67,15,23,15,48,56,48
SZ,002336,2017-01-03 10:26:09,13.3100,1,6655.0000,5,S,13.3100,13.3000,13.2900,13.2800,13.2700,13.3300,13.3400,13.3500,13.3600,13.3700,35,42,77,67,15,23,15,49,56,48
SZ,002336,2017-01-03 10:27:06,13.3100,1,2662.0000,2,S,13.3100,13.3000,13.2900,13.2800,13.2700,13.3300,13.3400,13.3500,13.3600,13.3700,33,42,48,67,15,23,25,49,56,48
SZ,002336,2017-01-03 10:27:09,13.3100,1,2662.0000,2,S,13.3100,13.3000,13.2900,13.2800,13.2700,13.3300,13.3400,13.3500,13.3600,13.3700,45,42,48,67,15,23,25,49,56,48
SZ,002336,2017-01-03 10:27:24,13.3100,2,6655.0000,5,S,13.3100,13.3000,13.2900,13.2800,13.2700,13.3300,13.3400,13.3500,13.3600,13.3700,40,37,48,67,15,23,25,49,56,48
SZ,002336,2017-01-03 10:27:51,13.3100,3,41261.0000,31,S,13.3100,13.3000,13.2900,13.2800,13.2700,13.3300,13.3400,13.3500,13.3600,13.3700,24,37,48,67,15,23,25,29,56,48
SZ,002336,2017-01-03 10:28:39,13.3200,1,26640.0000,20,S,13.3200,13.3100,13.3000,13.2900,13.2800,13.3300,13.3400,13.3500,13.3600,13.3700,160,39,22,48,67,43,25,29,56,48
SZ,002336,2017-01-03 10:28:57,13.3300,4,41323.0000,31,B,13.3200,13.3100,13.3000,13.2900,13.2800,13.3300,13.3400,13.3500,13.3600,13.3700,160,39,22,48,67,12,25,29,56,48
SZ,002336,2017-01-03 10:29:03,13.3300,1,15996.0000,12,B,13.3300,13.3200,13.3100,13.3000,13.2900,13.3400,13.3500,13.3600,13.3700,13.3800,18,160,39,122,48,25,29,56,48,5
SZ,002336,2017-01-03 10:29:09,13.3400,3,28014.0000,21,B,13.3300,13.3200,13.3100,13.3000,13.2900,13.3400,13.3500,13.3600,13.3700,13.3800,18,160,24,122,48,4,29,56,48,5
SZ,002336,2017-01-03 10:29:21,13.3300,1,6665.0000,5,S,13.3300,13.3200,13.3100,13.3000,13.2900,13.3400,13.3500,13.3600,13.3700,13.3800,33,160,24,122,46,4,29,56,48,5
SZ,002336,2017-01-03 10:29:24,13.3400,1,2668.0000,2,B,13.3300,13.3200,13.3100,13.3000,13.2900,13.3400,13.3500,13.3600,13.3700,13.3800,33,160,24,122,46,2,29,56,48,5
SZ,002336,2017-01-03 10:29:27,13.3300,2,14663.0000,11,S,13.3300,13.3200,13.3100,13.3000,13.2900,13.3400,13.3500,13.3600,13.3700,13.3800,22,160,24,122,46,2,29,56,48,5
SZ,002336,2017-01-03 10:29:48,13.3400,1,2668.0000,2,B,13.3400,13.3300,13.3200,13.3100,13.3000,13.3500,13.3600,13.3700,13.3800,13.3900,98,22,160,27,122,29,56,48,5,203
SZ,002336,2017-01-03 10:29:51,13.3400,1,13340.0000,10,S,13.3400,13.3300,13.3200,13.3100,13.3000,13.3500,13.3600,13.3700,13.3800,13.3900,88,22,160,27,122,29,56,48,5,203
SZ,002336,2017-01-03 10:30:00,13.3500,2,56038.0000,42,B,13.3400,13.3300,13.3200,13.3100,13.3000,13.3500,13.3600,13.3700,13.3800,13.3900,56,22,160,27,122,19,56,48,5,203
SZ,002336,2017-01-03 10:30:18,13.3400,7,92075.0000,69,S,13.3400,13.3300,13.3200,13.3100,13.3000,13.3600,13.3700,13.3800,13.3900,13.4000,16,22,160,27,112,6,48,5,203,305
SZ,002336,2017-01-03 10:30:51,13.3700,3,26734.0000,20,B,13.3400,13.3300,13.3200,13.3100,13.3000,13.3600,13.3700,13.3800,13.3900,13.4000,31,7,160,27,112,3,24,9,203,305
SZ,002336,2017-01-03 10:31:33,13.3600,2,6680.0000,5,B,13.3400,13.3300,13.3200,13.3100,13.3000,13.3600,13.3700,13.3800,13.3900,13.4000,31,7,160,27,112,11,29,42,203,305
SZ,002336,2017-01-03 10:31:39,13.3400,2,34684.0000,26,S,13.3400,13.3300,13.3200,13.3100,13.3000,13.3600,13.3700,13.3800,13.3900,13.4000,5,7,160,27,112,11,29,42,203,305
SZ,002336,2017-01-03 10:31:45,13.3600,1,8016.0000,6,B,13.3400,13.3300,13.3200,13.3100,13.3000,13.3600,13.3700,13.3800,13.3900,13.4000,5,7,160,27,112,5,29,42,203,311
SZ,002336,2017-01-03 10:32:30,13.3600,1,2672.0000,2,B,13.3500,13.3400,13.3300,13.3200,13.3100,13.3600,13.3700,13.3800,13.3900,13.4000,10,55,97,160,27,47,24,42,203,311
SZ,002336,2017-01-03 10:32:42,13.3500,1,13350.0000,10,S,13.3400,13.3300,13.3200,13.3100,13.3000,13.3500,13.3600,13.3700,13.3800,13.3900,55,97,160,27,73,91,47,24,49,203
SZ,002336,2017-01-03 10:32:48,13.3500,1,73425.0000,55,B,13.3400,13.3300,13.3200,13.3100,13.3000,13.3500,13.3600,13.3700,13.3800,13.3900,55,92,160,27,73,46,47,24,49,203
SZ,002336,2017-01-03 10:32:54,13.3500,2,61410.0000,46,B,13.3500,13.3400,13.3300,13.3200,13.3100,13.3600,13.3700,13.3800,13.3900,13.4000,4,55,92,160,27,47,24,49,203,311
SZ,002336,2017-01-03 10:33:18,13.3500,1,5340.0000,4,S,13.3400,13.3300,13.3200,13.3100,13.3000,13.3500,13.3600,13.3700,13.3800,13.3900,55,95,160,24,10,46,47,24,49,203
SZ,002336,2017-01-03 10:33:27,13.3400,2,73370.0000,55,S,13.3300,13.3200,13.3100,13.3000,13.2900,13.3400,13.3500,13.3600,13.3700,13.3800,95,160,24,10,46,27,46,47,124,49
SZ,002336,2017-01-03 10:33:39,13.3400,1,13340.0000,10,B,13.3300,13.3200,13.3100,13.3000,13.2900,13.3400,13.3500,13.3600,13.3700,13.3800,95,160,26,10,46,27,46,10,124,49
SZ,002336,2017-01-03 10:34:36,13.3400,1,20010.0000,15,B,13.3300,13.3200,13.3100,13.3000,13.2900,13.3400,13.3500,13.3600,13.3700,13.3800,169,160,26,10,46,5,46,10,124,49
SZ,002336,2017-01-03 10:34:39,13.3300,2,13330.0000,10,S,13.3300,13.3200,13.3100,13.3000,13.2900,13.3400,13.3500,13.3600,13.3700,13.3800,159,160,26,10,46,5,46,10,124,49
SZ,002336,2017-01-03 10:35:21,13.3300,1,29326.0000,22,S,13.3300,13.3200,13.3100,13.3000,13.2900,13.3400,13.3500,13.3600,13.3700,13.3800,137,160,26,10,46,5,46,10,124,42
SZ,002336,2017-01-03 10:35:30,13.3400,1,2668.0000,2,B,13.3300,13.3200,13.3100,13.3000,13.2900,13.3400,13.3500,13.3600,13.3700,13.3800,137,160,26,10,46,3,46,10,124,42
SZ,002336,2017-01-03 10:35:51,13.3400,1,4002.0000,3,B,13.3400,13.3300,13.3200,13.3100,13.3000,13.3500,13.3600,13.3700,13.3800,13.3900,2,137,160,24,10,46,10,124,42,213
SZ,002336,2017-01-03 10:36:09,13.3500,1,2670.0000,2,B,13.3400,13.3300,13.3200,13.3100,13.3000,13.3500,13.3600,13.3700,13.3800,13.3900,16,137,160,24,12,44,10,124,42,213
SZ,002336,2017-01-03 10:36:48,13.3500,1,58740.0000,44,B,13.3500,13.3400,13.3300,13.3200,13.3100,13.3600,13.3700,13.3800,13.3900,13.4000,6,16,137,160,24,10,124,45,213,311
SZ,002336,2017-01-03 10:37:06,13.3500,1,6675.0000,5,S,13.3500,13.3400,13.3300,13.3200,13.3100,13.3600,13.3700,13.3800,13.3900,13.4000,1,16,137,160,24,10,124,12,213,311
SZ,002336,2017-01-03 10:37:18,13.3500,1,1335.0000,1,S,13.3400,13.3300,13.3200,13.3100,13.3000,13.3500,13.3600,13.3700,13.3800,13.3900,16,137,160,24,12,9,10,124,12,213
SZ,002336,2017-01-03 10:37:21,13.3600,3,20031.0000,15,B,13.3400,13.3300,13.3200,13.3100,13.3000,13.3500,13.3600,13.3700,13.3800,13.3900,16,137,160,24,12,5,4,124,12,213
SZ,002336,2017-01-03 10:37:42,13.3500,1,1335.0000,1,B,13.3400,13.3300,13.3200,13.3100,13.3000,13.3500,13.3600,13.3700,13.3800,13.3900,66,113,160,24,12,4,45,124,12,213
SZ,002336,2017-01-03 10:37:45,13.3500,1,5340.0000,4,B,13.3500,13.3400,13.3300,13.3200,13.3100,13.3600,13.3700,13.3800,13.3900,13.4000,6,66,113,160,24,45,124,12,213,312
SZ,002336,2017-01-03 10:38:06,13.3500,1,4005.0000,3,S,13.3500,13.3400,13.3300,13.3200,13.3100,13.3600,13.3700,13.3800,13.3900,13.4000,3,66,113,160,24,22,124,12,213,312
SZ,002336,2017-01-03 10:38:09,13.3500,1,4005.0000,3,S,13.3400,13.3300,13.3200,13.3100,13.3000,13.3600,13.3700,13.3800,13.3900,13.4000,66,113,160,24,12,22,124,12,213,312
SZ,002336,2017-01-03 10:38:21,13.3500,1,13350.0000,10,S,13.3500,13.3400,13.3300,13.3200,13.3100,13.3600,13.3700,13.3800,13.3900,13.4000,14,66,113,160,24,22,124,12,213,312
SZ,002336,2017-01-03 10:38:39,13.3600,3,22697.0000,17,B,13.3400,13.3300,13.3200,13.3100,13.3000,13.3600,13.3700,13.3800,13.3900,13.4000,66,113,160,24,12,20,124,45,213,312
SZ,002336,2017-01-03 10:38:48,13.3500,1,1335.0000,1,B,13.3400,13.3300,13.3200,13.3100,13.3000,13.3500,13.3600,13.3700,13.3800,13.3900,66,113,160,24,12,14,20,124,45,213
SZ,002336,2017-01-03 10:38:51,13.3400,3,88044.0000,66,S,13.3300,13.3200,13.3100,13.3000,13.2900,13.3400,13.3500,13.3600,13.3700,13.3800,113,160,24,12,26,37,14,20,124,45
SZ,002336,2017-01-03 10:38:54,13.3400,1,49358.0000,37,B,13.3400,13.3300,13.3200,13.3100,13.3000,13.3500,13.3600,13.3700,13.3800,13.3900,163,113,160,24,12,14,20,124,45,213
SZ,002336,2017-01-03 10:39:30,13.3400,1,12726.0000,10,S,13.3400,13.3300,13.3200,13.3100,13.3000,13.3500,13.3600,13.3700,13.3800,13.3900,153,113,160,24,12,14,20,124,45,213
SZ,002336,2017-01-03 10:39:51,13.3500,1,5340.0000,4,B,13.3400,13.3300,13.3200,13.3100,13.3000,13.3500,13.3600,13.3700,13.3800,13.3900,173,113,160,24,12,10,20,124,45,213
SZ,002336,2017-01-03 10:40:00,13.3500,1,4005.0000,3,B,13.3400,13.3300,13.3200,13.3100,13.3000,13.3500,13.3600,13.3700,13.3800,13.3900,173,113,160,24,12,7,20,124,45,213
SZ,002336,2017-01-03 10:40:12,13.3400,1,2668.0000,2,S,13.3400,13.3300,13.3200,13.3100,13.3000,13.3500,13.3600,13.3700,13.3800,13.3900,171,113,160,24,12,7,50,124,45,213
SZ,002336,2017-01-03 10:40:39,13.3400,1,13340.0000,10,S,13.3400,13.3300,13.3200,13.3100,13.3000,13.3500,13.3600,13.3700,13.3800,13.3900,162,113,160,24,12,42,50,124,60,213
SZ,002336,2017-01-03 10:42:12,13.3500,2,40050.0000,30,B,13.3400,13.3300,13.3200,13.3100,13.3000,13.3500,13.3600,13.3700,13.3800,13.3900,162,113,160,24,12,12,42,124,23,41
SZ,002336,2017-01-03 10:42:33,13.3400,1,1334.0000,1,S,13.3400,13.3300,13.3200,13.3100,13.3000,13.3500,13.3600,13.3700,13.3800,13.3900,161,113,160,24,12,12,42,124,23,44
SZ,002336,2017-01-03 10:43:33,13.3400,1,4002.0000,3,S,13.3400,13.3300,13.3200,13.3100,13.3000,13.3500,13.3600,13.3700,13.3800,13.3900,158,113,160,24,12,12,12,124,16,59
SZ,002336,2017-01-03 10:43:54,13.3500,1,16020.0000,12,B,13.3500,13.3400,13.3300,13.3200,13.3100,13.3600,13.3700,13.3800,13.3900,13.4000,8,21,113,160,24,12,124,16,59,312
SZ,002336,2017-01-03 10:44:21,13.3500,1,4005.0000,3,S,13.3500,13.3400,13.3300,13.3200,13.3100,13.3600,13.3700,13.3800,13.3900,13.4000,5,21,113,160,24,12,124,16,64,312
SZ,002336,2017-01-03 10:45:06,13.3600,1,2672.0000,2,B,13.3500,13.3400,13.3300,13.3200,13.3100,13.3600,13.3700,13.3800,13.3900,13.4000,5,21,113,160,24,10,129,16,97,312
SZ,002336,2017-01-03 10:45:39,13.3600,1,6680.0000,5,B,13.3500,13.3400,13.3300,13.3200,13.3100,13.3600,13.3700,13.3800,13.3900,13.4000,5,21,113,160,24,5,129,16,97,312
SZ,002336,2017-01-03 10:45:51,13.3600,2,9352.0000,7,B,13.3600,13.3500,13.3400,13.3300,13.3200,13.3700,13.3800,13.3900,13.4000,13.4100,3,5,21,113,160,129,16,97,312,110
SZ,002336,2017-01-03 10:46:15,13.3600,1,4008.0000,3,S,13.3500,13.3400,13.3300,13.3200,13.3100,13.3600,13.3700,13.3800,13.3900,13.4000,5,21,113,160,24,37,129,16,97,312
SZ,002336,2017-01-03 10:46:54,13.3600,1,6680.0000,5,B,13.3500,13.3400,13.3300,13.3200,13.3100,13.3600,13.3700,13.3800,13.3900,13.4000,5,135,113,160,11,32,139,16,97,312
SZ,002336,2017-01-03 10:47:12,13.3600,2,18704.0000,14,B,13.3500,13.3400,13.3300,13.3200,13.3100,13.3600,13.3700,13.3800,13.3900,13.4000,5,135,113,160,11,18,139,16,97,312
SZ,002336,2017-01-03 10:47:15,13.3500,1,2670.0000,2,S,13.3500,13.3400,13.3300,13.3200,13.3100,13.3600,13.3700,13.3800,13.3900,13.4000,3,135,63,160,11,18,139,16,97,312
SZ,002336,2017-01-03 10:47:48,13.3500,1,2670.0000,2,S,13.3500,13.3400,13.3300,13.3100,13.3000,13.3600,13.3700,13.3800,13.3900,13.4000,160,85,63,11,10,120,139,16,97,312
SZ,002336,2017-01-03 10:49:48,13.3500,2,13350.0000,10,S,13.3500,13.3400,13.3300,13.3100,13.3000,13.3600,13.3700,13.3800,13.3900,13.4000,182,85,63,11,10,193,139,16,97,314
SZ,002336,2017-01-03 10:50:51,13.3500,1,26700.0000,20,S,13.3500,13.3400,13.3300,13.3100,13.3000,13.3600,13.3700,13.3800,13.3900,13.4000,162,85,13,11,60,226,139,16,97,314
SZ,002336,2017-01-03 10:51:00,13.3600,4,187040.0000,140,B,13.3500,13.3400,13.3300,13.3100,13.3000,13.3600,13.3700,13.3800,13.3900,13.4000,162,85,13,11,60,86,119,16,97,314
SZ,002336,2017-01-03 10:52:03,13.3500,1,16020.0000,12,S,13.3500,13.3400,13.3300,13.3100,13.3000,13.3600,13.3700,13.3800,13.3900,13.4000,150,85,13,11,60,86,109,17,82,314
SZ,002336,2017-01-03 10:52:39,13.3500,1,146850.0000,110,S,13.3500,13.3400,13.3300,13.3100,13.3000,13.3600,13.3700,13.3800,13.3900,13.4000,40,85,13,11,60,86,109,17,497,314
SZ,002336,2017-01-03 10:52:51,13.3500,1,10680.0000,8,S,13.3500,13.3400,13.3300,13.3100,13.3000,13.3600,13.3700,13.3800,13.3900,13.4000,32,85,13,11,60,86,109,17,497,314
SZ,002336,2017-01-03 10:53:03,13.3500,1,9345.0000,7,S,13.3500,13.3400,13.3300,13.3100,13.3000,13.3600,13.3700,13.3800,13.3900,13.4000,25,85,13,11,60,106,109,17,497,314
SZ,002336,2017-01-03 10:53:09,13.3500,1,4005.0000,3,S,13.3500,13.3400,13.3300,13.3100,13.3000,13.3600,13.3700,13.3800,13.3900,13.4000,22,85,13,11,60,106,109,17,497,314
SZ,002336,2017-01-03 10:53:18,13.3600,2,40080.0000,30,B,13.3500,13.3400,13.3300,13.3100,13.3000,13.3600,13.3700,13.3800,13.3900,13.4000,22,85,13,11,60,76,109,17,497,314
SZ,002336,2017-01-03 10:53:36,13.3500,1,1335.0000,1,S,13.3500,13.3400,13.3300,13.3100,13.3000,13.3600,13.3700,13.3800,13.3900,13.4000,21,85,13,11,60,76,109,17,497,314
SZ,002336,2017-01-03 10:54:03,13.3500,1,13350.0000,10,S,13.3500,13.3400,13.3300,13.3100,13.3000,13.3600,13.3700,13.3800,13.3900,13.4000,11,85,13,11,60,76,109,17,497,314
SZ,002336,2017-01-03 10:54:06,13.3500,1,14685.0000,11,S,13.3400,13.3300,13.3100,13.3000,13.2900,13.3500,13.3600,13.3700,13.3800,13.3900,85,13,11,60,41,110,76,109,17,497
SZ,002336,2017-01-03 10:54:27,13.3500,1,4005.0000,3,B,13.3400,13.3300,13.3100,13.3000,13.2900,13.3500,13.3600,13.3700,13.3800,13.3900,85,13,11,60,41,161,76,109,17,497
SZ,002336,2017-01-03 10:55:15,13.3400,3,113390.0000,85,S,13.3300,13.3100,13.3000,13.2900,13.2800,13.3400,13.3500,13.3600,13.3700,13.3800,13,11,60,41,67,15,161,56,9,36
SZ,002336,2017-01-03 10:55:51,13.3300,2,17329.0000,13,S,13.3100,13.3000,13.2900,13.2800,13.2700,13.3300,13.3400,13.3500,13.3600,13.3700,41,60,41,67,15,7,15,141,56,9
SZ,002336,2017-01-03 10:56:33,13.3300,1,9331.0000,7,B,13.3300,13.3100,13.3000,13.2900,13.2800,13.3400,13.3500,13.3600,13.3700,13.3800,52,41,60,41,67,15,107,56,9,36
SZ,002336,2017-01-03 10:56:48,13.3300,1,17329.0000,13,S,13.3300,13.3100,13.3000,13.2900,13.2800,13.3400,13.3500,13.3600,13.3700,13.3800,30,41,60,41,67,15,107,56,9,36
SZ,002336,2017-01-03 10:57:33,13.3100,1,5324.0000,4,S,13.3100,13.3000,13.2900,13.2800,13.2700,13.3400,13.3500,13.3600,13.3700,13.3800,87,60,41,67,15,15,113,56,9,36
SZ,002336,2017-01-03 10:57:42,13.3400,1,12006.0000,9,B,13.3100,13.3000,13.2900,13.2800,13.2700,13.3400,13.3500,13.3600,13.3700,13.3800,87,60,41,67,15,6,113,56,9,36
SZ,002336,2017-01-03 10:58:18,13.3200,1,1332.0000,1,S,13.3200,13.3100,13.3000,13.2900,13.2800,13.3400,13.3500,13.3600,13.3700,13.3800,49,87,60,41,67,8,113,56,9,36
SZ,002336,2017-01-03 10:58:33,13.3300,1,13330.0000,10,S,13.3300,13.3200,13.3100,13.3000,13.2900,13.3400,13.3500,13.3600,13.3700,13.3800,30,49,87,60,41,8,113,56,9,36
SZ,002336,2017-01-03 10:58:42,13.3400,3,14674.0000,11,B,13.3400,13.3300,13.3200,13.3100,13.3000,13.3500,13.3600,13.3700,13.3800,13.3900,5,30,49,87,60,113,56,9,36,497
SZ,002336,2017-01-03 10:58:45,13.3400,1,6670.0000,5,S,13.3300,13.3200,13.3100,13.3000,13.2900,13.3400,13.3500,13.3600,13.3700,13.3800,30,49,87,60,41,5,113,56,9,36
SZ,002336,2017-01-03 10:58:48,13.3300,1,39990.0000,30,S,13.3200,13.3100,13.3000,13.2900,13.2800,13.3400,13.3500,13.3600,13.3700,13.3800,49,87,60,41,67,12,113,56,9,36
SZ,002336,2017-01-03 10:59:12,13.3200,1,54612.0000,41,S,13.3200,13.3100,13.3000,13.2900,13.2800,13.3400,13.3500,13.3600,13.3700,13.3800,8,87,60,41,67,12,113,56,9,36
SZ,002336,2017-01-03 10:59:33,13.3200,1,10656.0000,8,S,13.3100,13.3000,13.2900,13.2800,13.2700,13.3200,13.3400,13.3500,13.3600,13.3700,87,60,41,67,15,32,12,113,56,9
SZ,002336,2017-01-03 10:59:39,13.3200,1,2664.0000,2,B,13.3100,13.3000,13.2900,13.2800,13.2700,13.3200,13.3400,13.3500,13.3600,13.3700,87,60,41,67,15,32,12,113,56,9
SZ,002336,2017-01-03 11:00:06,13.3100,1,2662.0000,2,S,13.3100,13.3000,13.2900,13.2800,13.2700,13.3200,13.3400,13.3500,13.3600,13.3700,85,60,41,67,15,30,12,113,56,4
SZ,002336,2017-01-03 11:00:09,13.3100,3,30613.0000,23,S,13.3100,13.3000,13.2900,13.2800,13.2700,13.3200,13.3400,13.3500,13.3600,13.3700,62,60,41,67,15,30,12,113,56,4
SZ,002336,2017-01-03 11:00:51,13.3000,6,142380.0000,107,S,13.3000,13.2900,13.2800,13.2700,13.2600,13.3200,13.3400,13.3500,13.3600,13.3700,23,41,67,16,42,30,24,6,56,4
SZ,002336,2017-01-03 11:01:12,13.3100,1,19965.0000,15,S,13.3000,13.2900,13.2800,13.2700,13.2600,13.3100,13.3200,13.3400,13.3500,13.3600,23,41,67,16,42,7,30,24,6,56
SZ,002336,2017-01-03 11:01:30,13.3000,1,9310.0000,7,S,13.3000,13.2900,13.2800,13.2700,13.2600,13.3100,13.3400,13.3500,13.3600,13.3700,36,41,67,16,42,7,12,6,56,4
SZ,002336,2017-01-03 11:01:57,13.3100,1,9317.0000,7,B,13.3100,13.3000,13.2900,13.2800,13.2700,13.3400,13.3500,13.3600,13.3700,13.3800,13,47,41,67,16,12,6,56,4,36
SZ,002336,2017-01-03 11:02:12,13.3100,1,17303.0000,13,S,13.3000,13.2900,13.2800,13.2700,13.2600,13.3100,13.3400,13.3500,13.3600,13.3700,47,41,67,16,42,17,12,6,56,4
SZ,002336,2017-01-03 11:02:15,13.3100,1,11979.0000,9,B,13.3000,13.2900,13.2800,13.2700,13.2600,13.3100,13.3400,13.3500,13.3600,13.3700,47,41,67,16,42,8,12,6,56,4
SZ,002336,2017-01-03 11:02:18,13.3100,1,9317.0000,7,B,13.3000,13.2900,13.2800,13.2700,13.2600,13.3100,13.3400,13.3500,13.3600,13.3700,47,41,67,16,42,1,12,6,56,4
SZ,002336,2017-01-03 11:02:21,13.3100,1,1331.0000,1,B,13.3100,13.3000,13.2900,13.2800,13.2700,13.3400,13.3500,13.3600,13.3700,13.3800,19,47,41,67,16,12,6,56,4,36
SZ,002336,2017-01-03 11:03:39,13.3100,2,30613.0000,23,S,13.3000,13.2900,13.2800,13.2700,13.2600,13.3100,13.3400,13.3500,13.3600,13.3700,57,61,67,16,42,7,12,11,56,4
SZ,002336,2017-01-03 11:03:54,13.3100,1,9317.0000,7,B,13.3100,13.3000,13.2900,13.2800,13.2700,13.3400,13.3500,13.3600,13.3700,13.3800,13,62,61,67,16,12,11,56,4,36
SZ,002336,2017-01-03 11:03:57,13.3100,1,9317.0000,7,S,13.3100,13.3000,13.2900,13.2800,13.2700,13.3400,13.3500,13.3600,13.3700,13.3800,6,62,61,67,16,12,11,56,4,36
SZ,002336,2017-01-03 11:04:24,13.3400,1,2668.0000,2,B,13.3100,13.3000,13.2900,13.2800,13.2700,13.3400,13.3500,13.3600,13.3700,13.3800,6,64,61,67,26,10,11,56,4,36
SZ,002336,2017-01-03 11:04:57,13.3100,1,1331.0000,1,S,13.3100,13.3000,13.2900,13.2800,13.2700,13.3400,13.3500,13.3600,13.3700,13.3800,8,64,61,67,11,20,11,56,4,36
SZ,002336,2017-01-03 11:05:09,13.3100,2,10648.0000,8,S,13.3000,13.2900,13.2800,13.2700,13.2600,13.3100,13.3400,13.3500,13.3600,13.3700,53,61,67,11,52,30,27,11,56,14
SZ,002336,2017-01-03 11:05:39,13.3100,1,6655.0000,5,B,13.3000,13.2900,13.2800,13.2700,13.2600,13.3100,13.3300,13.3400,13.3500,13.3600,53,61,92,11,52,35,5,27,11,56
SZ,002336,2017-01-03 11:05:42,13.3100,1,17303.0000,13,B,13.3000,13.2900,13.2800,13.2700,13.2600,13.3100,13.3300,13.3400,13.3500,13.3600,53,61,92,11,52,22,5,27,11,56
SZ,002336,2017-01-03 11:05:45,13.3100,3,29282.0000,22,B,13.3100,13.3000,13.2900,13.2800,13.2700,13.3300,13.3400,13.3500,13.3600,13.3700,39,53,61,92,11,5,27,11,56,14
SZ,002336,2017-01-03 11:06:00,13.3100,1,1331.0000,1,S,13.3100,13.3000,13.2900,13.2800,13.2700,13.3300,13.3400,13.3500,13.3600,13.3700,58,53,61,92,11,5,27,11,56,14
SZ,002336,2017-01-03 11:07:12,13.3300,1,6665.0000,5,B,13.3300,13.3100,13.3000,13.2900,13.2800,13.3400,13.3500,13.3600,13.3700,13.3800,5,58,53,85,92,17,11,56,14,36
SZ,002336,2017-01-03 11:07:54,13.3300,1,6665.0000,5,S,13.3100,13.3000,13.2900,13.2800,13.2700,13.3200,13.3400,13.3500,13.3600,13.3700,58,53,85,92,11,5,17,11,56,14
SZ,002336,2017-01-03 11:09:06,13.3100,1,6655.0000,5,S,13.3100,13.3000,13.2900,13.2800,13.2700,13.3200,13.3400,13.3500,13.3600,13.3700,53,53,85,92,11,5,29,11,56,14
SZ,002336,2017-01-03 11:09:27,13.3100,1,15972.0000,12,S,13.3100,13.3000,13.2900,13.2800,13.2700,13.3200,13.3400,13.3500,13.3600,13.3700,122,53,85,92,11,5,29,34,56,14
SZ,002336,2017-01-03 11:09:33,13.3200,1,6660.0000,5,B,13.3200,13.3100,13.3000,13.2900,13.2800,13.3400,13.3500,13.3600,13.3700,13.3800,8,122,53,85,92,29,34,56,14,36
SZ,002336,2017-01-03 11:11:09,13.3200,1,1332.0000,1,S,13.3200,13.3100,13.3000,13.2900,13.2800,13.3400,13.3500,13.3600,13.3700,13.3800,26,102,53,65,92,29,34,56,14,36
SZ,002336,2017-01-03 11:11:36,13.3400,2,13340.0000,10,B,13.3200,13.3100,13.3000,13.2900,13.2800,13.3400,13.3500,13.3600,13.3700,13.3800,36,102,53,65,92,19,34,56,14,36
SZ,002336,2017-01-03 11:11:57,13.3400,1,6670.0000,5,B,13.3200,13.3100,13.3000,13.2900,13.2800,13.3400,13.3500,13.3600,13.3700,13.3800,36,102,53,65,92,14,34,56,14,36
SZ,002336,2017-01-03 11:12:42,13.3400,2,14674.0000,11,B,13.3200,13.3100,13.3000,13.2900,13.2800,13.3400,13.3500,13.3600,13.3700,13.3800,46,102,53,65,92,11,106,56,14,36
SZ,002336,2017-01-03 11:14:15,13.3200,1,1332.0000,1,S,13.3200,13.3100,13.3000,13.2900,13.2800,13.3400,13.3500,13.3600,13.3700,13.3800,45,102,53,65,92,8,106,56,14,36
SZ,002336,2017-01-03 11:14:48,13.3200,1,6660.0000,5,S,13.3200,13.3100,13.3000,13.2900,13.2800,13.3400,13.3500,13.3600,13.3700,13.3800,40,102,53,65,92,8,106,56,14,36
SZ,002336,2017-01-03 11:15:03,13.3200,3,21312.0000,16,S,13.3200,13.3100,13.3000,13.2900,13.2800,13.3300,13.3400,13.3500,13.3600,13.3700,24,102,53,65,92,26,8,106,56,14
SZ,002336,2017-01-03 11:16:06,13.3300,1,10664.0000,8,B,13.3200,13.3100,13.3000,13.2900,13.2800,13.3300,13.3400,13.3500,13.3600,13.3700,24,102,53,65,92,18,324,106,56,14
SZ,002336,2017-01-03 11:16:12,13.3100,4,167730.0000,126,S,13.3000,13.2900,13.2800,13.2700,13.2600,13.3100,13.3300,13.3400,13.3500,13.3600,53,65,92,11,52,174,18,324,106,56
SZ,002336,2017-01-03 11:16:51,13.3000,3,51870.0000,39,S,13.3000,13.2900,13.2800,13.2700,13.2600,13.3100,13.3300,13.3400,13.3500,13.3600,14,65,92,11,52,174,18,321,106,56
SZ,002336,2017-01-03 11:17:06,13.3000,1,1330.0000,1,S,13.3000,13.2900,13.2800,13.2700,13.2600,13.3100,13.3300,13.3400,13.3500,13.3600,41,65,92,11,52,174,18,321,106,56
SZ,002336,2017-01-03 11:18:21,13.3000,3,39900.0000,30,S,13.3000,13.2900,13.2800,13.2700,13.2600,13.3100,13.3300,13.3400,13.3500,13.3600,22,65,92,11,52,174,18,321,83,56
SZ,002336,2017-01-03 11:18:30,13.3000,1,1330.0000,1,S,13.3000,13.2900,13.2800,13.2700,13.2600,13.3100,13.3300,13.3400,13.3500,13.3600,21,55,92,11,52,174,18,321,83,56
SZ,002336,2017-01-03 11:18:57,13.3000,1,6650.0000,5,S,13.3000,13.2900,13.2800,13.2700,13.2600,13.3100,13.3300,13.3400,13.3500,13.3600,16,55,92,11,52,174,18,321,83,56
SZ,002336,2017-01-03 11:20:21,13.3100,1,17303.0000,13,B,13.3000,13.2900,13.2800,13.2700,13.2600,13.3100,13.3300,13.3400,13.3500,13.3600,25,55,92,11,52,161,18,321,83,56
SZ,002336,2017-01-03 11:20:27,13.3100,1,14641.0000,11,B,13.3000,13.2900,13.2800,13.2700,13.2600,13.3100,13.3300,13.3400,13.3500,13.3600,25,55,92,11,52,150,18,321,83,56
SZ,002336,2017-01-03 11:22:24,13.3000,2,6650.0000,5,S,13.3000,13.2900,13.2800,13.2700,13.2600,13.3100,13.3300,13.3400,13.3500,13.3600,57,55,77,11,74,150,18,321,83,56
SZ,002336,2017-01-03 11:23:42,13.3000,1,9310.0000,7,S,13.3000,13.2900,13.2800,13.2700,13.2600,13.3100,13.3300,13.3400,13.3500,13.3600,50,55,77,31,74,150,18,321,83,56
SZ,002336,2017-01-03 11:24:09,13.3100,1,39930.0000,30,B,13.3000,13.2900,13.2800,13.2700,13.2600,13.3100,13.3300,13.3400,13.3500,13.3600,55,55,77,31,74,120,18,321,97,56
SZ,002336,2017-01-03 11:24:21,13.3100,1,1331.0000,1,B,13.3000,13.2900,13.2800,13.2700,13.2600,13.3100,13.3300,13.3400,13.3500,13.3600,55,55,77,31,74,119,18,321,97,56
SZ,002336,2017-01-03 11:25:21,13.3100,1,19965.0000,15,B,13.3000,13.2900,13.2800,13.2700,13.2600,13.3100,13.3300,13.3400,13.3500,13.3600,49,55,77,31,74,104,18,321,97,56
SZ,002336,2017-01-03 11:25:30,13.3100,1,10648.0000,8,B,13.3000,13.2900,13.2800,13.2700,13.2600,13.3100,13.3300,13.3400,13.3500,13.3600,49,55,77,31,74,96,18,321,97,56
SZ,002336,2017-01-03 11:26:06,13.3000,4,65170.0000,49,S,13.2900,13.2800,13.2700,13.2600,13.2500,13.3000,13.3100,13.3300,13.3400,13.3500,55,77,31,74,86,1,96,18,321,97
SZ,002336,2017-01-03 11:26:27,13.2900,3,33225.0000,25,S,13.2900,13.2800,13.2700,13.2600,13.2500,13.3000,13.3100,13.3300,13.3400,13.3500,30,77,31,74,86,1,96,18,321,97
SZ,002336,2017-01-03 11:26:48,13.3000,1,1330.0000,1,B,13.3000,13.2900,13.2800,13.2700,13.2600,13.3100,13.3300,13.3400,13.3500,13.3600,22,53,77,31,74,96,18,321,97,56
SZ,002336,2017-01-03 11:27:27,13.3000,1,14630.0000,11,S,13.3000,13.2900,13.2800,13.2700,13.2600,13.3100,13.3300,13.3400,13.3500,13.3600,34,53,77,31,74,96,18,321,97,56
SZ,002336,2017-01-03 11:27:33,13.3000,1,10640.0000,8,S,13.3000,13.2900,13.2800,13.2700,13.2600,13.3100,13.3300,13.3400,13.3500,13.3600,26,53,88,31,74,96,18,321,97,56
SZ,002336,2017-01-03 11:28:54,13.3000,2,13300.0000,10,S,13.3000,13.2900,13.2800,13.2700,13.2600,13.3100,13.3300,13.3400,13.3500,13.3600,24,55,90,31,74,96,18,316,97,56
SZ,002336,2017-01-03 11:29:03,13.3100,1,30613.0000,23,B,13.3000,13.2900,13.2800,13.2700,13.2600,13.3100,13.3300,13.3400,13.3500,13.3600,24,55,90,31,74,73,18,316,97,56
SZ,002336,2017-01-03 11:29:21,13.3100,1,1331.0000,1,B,13.3000,13.2900,13.2800,13.2700,13.2600,13.3100,13.3300,13.3400,13.3500,13.3600,24,55,90,31,74,72,18,316,97,56
SZ,002336,2017-01-03 13:00:00,13.3100,1,95832.0000,72,B,13.3100,13.3000,13.2900,13.2800,13.2700,13.3300,13.3400,13.3500,13.3600,13.3700,67,54,55,90,31,18,316,97,56,34
SZ,002336,2017-01-03 13:00:03,13.3400,2,26662.0000,20,B,13.3100,13.3000,13.2900,13.2800,13.2700,13.3300,13.3400,13.3500,13.3600,13.3700,132,131,53,90,31,1,314,103,56,34
SZ,002336,2017-01-03 13:00:45,13.3100,1,5324.0000,4,S,13.3100,13.3000,13.2900,13.2800,13.2700,13.3300,13.3400,13.3500,13.3600,13.3700,128,137,73,90,31,1,314,103,56,34
SZ,002336,2017-01-03 13:02:12,13.3100,1,3993.0000,3,S,13.3100,13.3000,13.2900,13.2800,13.2700,13.3300,13.3400,13.3500,13.3600,13.3700,135,136,73,90,31,1,314,98,56,34
SZ,002336,2017-01-03 13:02:57,13.3300,2,6665.0000,5,B,13.3200,13.3100,13.3000,13.2900,13.2800,13.3300,13.3400,13.3500,13.3600,13.3700,1,145,136,73,90,8,314,98,56,34
SZ,002336,2017-01-03 13:04:09,13.3200,1,1332.0000,1,S,13.3100,13.3000,13.2900,13.2800,13.2700,13.3200,13.3300,13.3400,13.3500,13.3600,151,163,73,90,31,5,20,314,98,56
SZ,002336,2017-01-03 13:04:54,13.3200,1,6660.0000,5,S,13.3200,13.3100,13.3000,13.2900,13.2800,13.3300,13.3400,13.3500,13.3600,13.3700,15,151,163,73,88,20,314,98,56,34
SZ,002336,2017-01-03 13:07:30,13.3300,1,7998.0000,6,B,13.3200,13.3100,13.3000,13.2900,13.2800,13.3300,13.3500,13.3600,13.3700,13.3800,100,157,163,73,91,14,98,56,34,17
SZ,002336,2017-01-03 13:08:18,13.3200,5,133200.0000,100,S,13.3100,13.3000,13.2900,13.2800,13.2700,13.3200,13.3300,13.3500,13.3600,13.3700,97,163,73,91,31,14,14,98,56,34
SZ,002336,2017-01-03 13:08:54,13.3200,4,74537.0000,56,B,13.3100,13.3000,13.2900,13.2800,13.2700,13.3200,13.3300,13.3500,13.3600,13.3700,42,133,73,91,31,13,14,98,56,34
SZ,002336,2017-01-03 13:09:00,13.3100,2,19965.0000,15,S,13.3100,13.3000,13.2900,13.2800,13.2700,13.3200,13.3300,13.3500,13.3600,13.3700,27,133,73,91,31,13,14,98,56,34
SZ,002336,2017-01-03 13:09:15,13.3100,3,26620.0000,20,S,13.3100,13.3000,13.2900,13.2800,13.2700,13.3200,13.3300,13.3500,13.3600,13.3700,7,133,73,91,31,13,14,98,56,34
SZ,002336,2017-01-03 13:09:24,13.3100,2,10648.0000,8,S,13.3100,13.3000,13.2900,13.2800,13.2700,13.3200,13.3300,13.3500,13.3600,13.3700,2,133,73,91,31,13,14,98,56,34
SZ,002336,2017-01-03 13:09:57,13.3100,2,5324.0000,4,S,13.3000,13.2900,13.2800,13.2700,13.2600,13.3100,13.3200,13.3300,13.3500,13.3600,133,73,91,31,84,6,13,14,98,56
SZ,002336,2017-01-03 13:10:03,13.3000,3,127680.0000,96,S,13.3000,13.2900,13.2800,13.2700,13.2600,13.3100,13.3200,13.3300,13.3500,13.3600,37,73,91,31,84,6,13,14,98,56
SZ,002336,2017-01-03 13:11:00,13.3000,4,50540.0000,38,S,13.3000,13.2900,13.2800,13.2700,13.2600,13.3100,13.3200,13.3300,13.3500,13.3600,6,73,91,31,84,6,13,14,98,56
SZ,002336,2017-01-03 13:12:00,13.3000,2,3990.0000,3,S,13.3000,13.2900,13.2800,13.2700,13.2600,13.3100,13.3200,13.3300,13.3500,13.3600,8,73,88,31,84,6,13,14,98,56
SZ,002336,2017-01-03 13:12:09,13.3100,2,7986.0000,6,B,13.3100,13.3000,13.2900,13.2800,13.2700,13.3200,13.3300,13.3500,13.3600,13.3700,4,13,78,88,31,13,14,98,56,34
SZ,002336,2017-01-03 13:13:42,13.3100,3,18634.0000,14,S,13.3000,13.2900,13.2800,13.2700,13.2600,13.3100,13.3200,13.3300,13.3400,13.3500,37,53,88,31,84,6,13,14,20,98
SZ,002336,2017-01-03 13:15:30,13.3000,4,39900.0000,30,S,13.3000,13.2900,13.2800,13.2700,13.2600,13.3100,13.3200,13.3300,13.3400,13.3500,3,53,88,31,84,6,13,14,20,98
SZ,002336,2017-01-03 13:16:54,13.3000,2,13300.0000,10,S,13.3000,13.2900,13.2800,13.2700,13.2600,13.3100,13.3200,13.3300,13.3400,13.3500,23,53,89,31,84,13,13,14,20,98
SZ,002336,2017-01-03 13:17:00,13.3100,2,17303.0000,13,B,13.3100,13.3000,13.2900,13.2800,13.2700,13.3200,13.3300,13.3400,13.3500,13.3600,57,23,53,89,31,13,14,20,98,56
SZ,002336,2017-01-03 13:17:15,13.3100,2,69212.0000,52,S,13.3100,13.3000,13.2900,13.2800,13.2700,13.3200,13.3300,13.3400,13.3500,13.3600,5,23,53,89,31,13,14,20,98,56
SZ,002336,2017-01-03 13:17:30,13.3100,1,6655.0000,5,S,13.3000,13.2900,13.2800,13.2700,13.2600,13.3100,13.3200,13.3300,13.3400,13.3500,23,53,89,31,84,25,13,14,20,98
SZ,002336,2017-01-03 13:17:42,13.3100,1,2662.0000,2,B,13.3000,13.2900,13.2800,13.2700,13.2600,13.3100,13.3200,13.3300,13.3400,13.3500,23,53,89,31,84,23,13,14,20,98
SZ,002336,2017-01-03 13:17:51,13.3100,1,25289.0000,19,B,13.3000,13.2900,13.2800,13.2700,13.2600,13.3100,13.3200,13.3300,13.3400,13.3500,23,53,89,31,84,4,13,14,20,98
SZ,002336,2017-01-03 13:18:00,13.3100,1,5324.0000,4,B,13.3100,13.3000,13.2900,13.2800,13.2700,13.3200,13.3300,13.3400,13.3500,13.3600,16,23,53,89,31,13,14,20,98,56
SZ,002336,2017-01-03 13:18:06,13.3200,1,17316.0000,13,B,13.3200,13.3100,13.3000,13.2900,13.2800,13.3300,13.3400,13.3500,13.3600,13.3700,22,16,23,53,89,14,20,98,56,34
SZ,002336,2017-01-03 13:19:24,13.3100,2,26620.0000,20,S,13.3100,13.3000,13.2900,13.2800,13.2700,13.3300,13.3400,13.3500,13.3600,13.3700,11,23,53,89,31,14,20,104,56,34
SZ,002336,2017-01-03 13:20:18,13.3100,1,2662.0000,2,S,13.3100,13.3000,13.2900,13.2800,13.2700,13.3200,13.3300,13.3400,13.3500,13.3600,9,23,53,89,51,5,14,20,99,56
SZ,002336,2017-01-03 13:20:42,13.3100,1,11979.0000,9,S,13.3000,13.2900,13.2800,13.2700,13.2600,13.3200,13.3300,13.3400,13.3500,13.3600,23,53,89,51,84,5,24,20,100,56
SZ,002336,2017-01-03 13:21:06,13.3000,1,13300.0000,10,S,13.3000,13.2900,13.2800,13.2700,13.2600,13.3200,13.3300,13.3400,13.3500,13.3600,13,53,89,51,84,17,24,20,100,56
SZ,002336,2017-01-03 13:21:15,13.3000,1,1330.0000,1,S,13.3000,13.2900,13.2800,13.2700,13.2600,13.3200,13.3300,13.3400,13.3500,13.3600,12,53,89,51,84,17,24,30,100,56
SZ,002336,2017-01-03 13:21:21,13.3000,1,15960.0000,12,S,13.2900,13.2800,13.2700,13.2600,13.2500,13.3000,13.3200,13.3300,13.3400,13.3500,53,95,51,84,76,18,17,24,30,100
SZ,002336,2017-01-03 13:21:57,13.3000,1,23940.0000,18,B,13.3000,13.2900,13.2800,13.2700,13.2600,13.3200,13.3300,13.3400,13.3500,13.3600,10,53,100,51,84,17,24,10,100,56
SZ,002336,2017-01-03 13:24:06,13.3100,3,7986.0000,6,S,13.3100,13.3000,13.2900,13.2800,13.2700,13.3200,13.3300,13.3400,13.3500,13.3600,1,136,88,110,51,24,24,10,94,56
SZ,002336,2017-01-03 13:24:18,13.3100,1,1331.0000,1,S,13.3000,13.2900,13.2800,13.2700,13.2600,13.3100,13.3200,13.3300,13.3400,13.3500,136,88,110,51,94,49,24,24,10,94
SZ,002336,2017-01-03 13:25:12,13.3000,2,51870.0000,39,S,13.3000,13.2900,13.2800,13.2700,13.2600,13.3100,13.3200,13.3300,13.3400,13.3500,97,88,110,51,194,60,24,24,10,94
SZ,002336,2017-01-03 13:25:30,13.3000,2,98420.0000,74,S,13.3000,13.2900,13.2800,13.2700,13.2600,13.3100,13.3200,13.3300,13.3400,13.3500,23,88,110,51,194,60,12,24,10,94
SZ,002336,2017-01-03 13:25:33,13.3000,1,15960.0000,12,S,13.3000,13.2900,13.2800,13.2700,13.2600,13.3100,13.3200,13.3300,13.3400,13.3500,11,88,110,51,194,60,12,24,10,94
SZ,002336,2017-01-03 13:26:12,13.3000,3,37240.0000,28,S,13.3000,13.2900,13.2800,13.2700,13.2600,13.3100,13.3200,13.3300,13.3400,13.3500,19,87,104,51,194,60,5,24,10,94
SZ,002336,2017-01-03 13:26:15,13.3000,2,25270.0000,19,S,13.2900,13.2800,13.2700,13.2600,13.2500,13.3000,13.3100,13.3200,13.3300,13.3400,92,104,51,194,76,1,60,5,24,10
SZ,002336,2017-01-03 13:27:15,13.3000,1,1330.0000,1,B,13.3000,13.2900,13.2800,13.2700,13.2600,13.3100,13.3200,13.3300,13.3400,13.3500,19,97,104,81,194,49,5,24,10,94
SZ,002336,2017-01-03 13:27:24,13.3000,1,14630.0000,11,S,13.3000,13.2900,13.2800,13.2700,13.2600,13.3100,13.3200,13.3300,13.3400,13.3500,8,97,104,81,194,49,5,24,10,94
SZ,002336,2017-01-03 13:27:45,13.2900,3,19943.0000,15,S,13.2900,13.2800,13.2700,13.2600,13.2500,13.3100,13.3200,13.3300,13.3400,13.3500,90,104,81,194,96,49,5,24,210,94
SZ,002336,2017-01-03 13:27:54,13.2900,1,13290.0000,10,S,13.3000,13.2900,13.2800,13.2700,13.2600,13.3100,13.3200,13.3300,13.3400,13.3500,2,82,104,81,194,99,5,24,210,94
SZ,002336,2017-01-03 13:28:06,13.3000,2,22610.0000,17,S,13.2900,13.2800,13.2700,13.2600,13.2500,13.3000,13.3100,13.3200,13.3300,13.3400,82,94,81,194,96,33,99,5,24,210
SZ,002336,2017-01-03 13:28:48,13.2900,1,5316.0000,4,S,13.2900,13.2800,13.2700,13.2600,13.2500,13.3000,13.3100,13.3200,13.3300,13.3400,78,94,81,194,96,33,99,5,24,210
SZ,002336,2017-01-03 13:28:57,13.2900,1,1329.0000,1,S,13.2900,13.2800,13.2700,13.2600,13.2500,13.3000,13.3100,13.3200,13.3300,13.3400,77,94,81,194,96,33,99,5,24,210
SZ,002336,2017-01-03 13:29:06,13.3000,1,21280.0000,16,B,13.2900,13.2800,13.2700,13.2600,13.2500,13.3000,13.3100,13.3200,13.3300,13.3400,77,94,91,194,96,17,99,5,24,210
SZ,002336,2017-01-03 13:30:15,13.3000,1,3990.0000,3,B,13.2900,13.2800,13.2700,13.2600,13.2500,13.3000,13.3100,13.3200,13.3300,13.3400,90,94,94,194,96,14,99,5,24,210
SZ,002336,2017-01-03 13:30:27,13.3000,1,6650.0000,5,B,13.2900,13.2800,13.2700,13.2600,13.2500,13.3000,13.3100,13.3200,13.3300,13.3400,85,94,94,194,96,9,99,5,24,210
SZ,002336,2017-01-03 13:30:36,13.3000,1,6650.0000,5,B,13.2900,13.2800,13.2700,13.2600,13.2500,13.3000,13.3100,13.3200,13.3300,13.3400,95,94,94,194,96,4,99,5,24,210
SZ,002336,2017-01-03 13:30:45,13.3000,2,2659.0000,2,B,13.2900,13.2800,13.2700,13.2600,13.2500,13.3000,13.3100,13.3200,13.3300,13.3400,94,94,94,194,96,3,99,5,24,210
SZ,002336,2017-01-03 13:31:00,13.2900,1,7974.0000,6,S,13.2900,13.2800,13.2700,13.2600,13.2500,13.3000,13.3100,13.3200,13.3300,13.3400,88,94,94,194,96,3,99,5,24,210
SZ,002336,2017-01-03 13:31:06,13.3000,1,3990.0000,3,B,13.3000,13.2900,13.2800,13.2700,13.2600,13.3100,13.3200,13.3300,13.3400,13.3500,9,88,94,94,194,99,5,24,210,94
SZ,002336,2017-01-03 13:31:24,13.3100,1,26620.0000,20,B,13.3000,13.2900,13.2800,13.2700,13.2600,13.3100,13.3200,13.3300,13.3400,13.3500,11,88,94,94,194,79,5,24,210,94
SZ,002336,2017-01-03 13:31:39,13.3100,1,1331.0000,1,B,13.3000,13.2900,13.2800,13.2700,13.2600,13.3100,13.3200,13.3300,13.3400,13.3500,15,88,94,94,194,78,5,24,210,94
SZ,002336,2017-01-03 13:31:48,13.3100,1,19965.0000,15,B,13.3000,13.2900,13.2800,13.2700,13.2600,13.3100,13.3200,13.3300,13.3400,13.3500,15,88,94,94,194,63,5,24,210,94
SZ,002336,2017-01-03 13:35:36,13.3000,1,6650.0000,5,S,13.3000,13.2900,13.2800,13.2700,13.2600,13.3100,13.3200,13.3300,13.3400,13.3500,56,88,94,91,194,68,5,60,210,94
SZ,002336,2017-01-03 13:35:57,13.3000,2,6650.0000,5,S,13.3000,13.2900,13.2800,13.2700,13.2600,13.3100,13.3200,13.3300,13.3400,13.3500,51,88,94,91,194,68,5,60,210,94
SZ,002336,2017-01-03 13:36:03,13.2900,15,184782.0000,139,S,13.2800,13.2700,13.2600,13.2500,13.2400,13.2900,13.3100,13.3200,13.3300,13.3400,94,91,194,96,240,22,68,5,60,210
SZ,002336,2017-01-03 13:36:18,13.2800,1,6640.0000,5,S,13.2800,13.2700,13.2600,13.2500,13.2400,13.2900,13.3100,13.3200,13.3300,13.3400,89,91,194,96,240,22,68,5,60,210
SZ,002336,2017-01-03 13:36:21,13.2900,1,29238.0000,22,B,13.2900,13.2800,13.2700,13.2600,13.2500,13.3100,13.3200,13.3300,13.3400,13.3500,15,89,91,194,96,68,25,60,210,94
SZ,002336,2017-01-03 13:37:06,13.3000,1,3990.0000,3,B,13.2900,13.2800,13.2700,13.2600,13.2500,13.3000,13.3100,13.3200,13.3300,13.3400,16,89,81,194,106,2,68,5,60,210
SZ,002336,2017-01-03 13:37:48,13.2900,3,10634.0000,8,S,13.2900,13.2800,13.2700,13.2600,13.2500,13.3100,13.3200,13.3300,13.3400,13.3500,10,89,81,194,106,68,5,60,210,94
SZ,002336,2017-01-03 13:38:00,13.3000,1,1330.0000,1,B,13.3000,13.2900,13.2800,13.2700,13.2600,13.3100,13.3200,13.3300,13.3400,13.3500,2,28,89,81,194,68,5,60,210,94
SZ,002336,2017-01-03 13:38:21,13.3000,1,2660.0000,2,S,13.2900,13.2800,13.2700,13.2600,13.2500,13.3000,13.3100,13.3200,13.3300,13.3400,28,89,81,194,96,8,68,5,60,210
SZ,002336,2017-01-03 13:38:45,13.2900,3,23922.0000,18,S,13.2900,13.2800,13.2700,13.2600,13.2500,13.3000,13.3100,13.3200,13.3300,13.3400,10,89,81,204,96,32,68,5,60,210
SZ,002336,2017-01-03 13:39:06,13.2900,1,13290.0000,10,S,13.2800,13.2700,13.2600,13.2500,13.2400,13.2900,13.3000,13.3100,13.3200,13.3300,89,81,204,96,240,10,32,68,5,60
SZ,002336,2017-01-03 13:39:15,13.2800,1,6640.0000,5,S,13.2800,13.2700,13.2600,13.2500,13.2400,13.2900,13.3000,13.3100,13.3200,13.3300,89,81,204,96,240,10,32,68,5,60
SZ,002336,2017-01-03 13:40:24,13.2900,2,23922.0000,18,B,13.2900,13.2800,13.2700,13.2600,13.2500,13.3000,13.3100,13.3200,13.3300,13.3400,2,91,81,204,96,32,68,5,60,210
SZ,002336,2017-01-03 13:42:45,13.3000,1,13300.0000,10,B,13.2900,13.2800,13.2700,13.2600,13.2500,13.3000,13.3100,13.3200,13.3300,13.3400,30,100,81,194,106,14,68,5,60,210
SZ,002336,2017-01-03 13:43:06,13.2900,2,3987.0000,3,S,13.2900,13.2800,13.2700,13.2600,13.2500,13.3000,13.3100,13.3200,13.3300,13.3400,27,100,81,194,106,14,68,5,60,210
SZ,002336,2017-01-03 13:43:24,13.2900,1,19935.0000,15,S,13.2900,13.2800,13.2700,13.2600,13.2500,13.3000,13.3100,13.3200,13.3300,13.3400,21,100,83,194,106,14,68,5,60,210
SZ,002336,2017-01-03 13:43:45,13.3000,1,18620.0000,14,B,13.3000,13.2900,13.2800,13.2700,13.2600,13.3100,13.3200,13.3300,13.3400,13.3500,16,27,100,83,194,68,5,60,210,94
SZ,002336,2017-01-03 13:43:48,13.3000,1,19950.0000,15,S,13.3000,13.2900,13.2800,13.2700,13.2600,13.3100,13.3200,13.3300,13.3400,13.3500,1,27,100,83,194,68,5,60,210,94
SZ,002336,2017-01-03 13:44:09,13.3000,1,1330.0000,1,S,13.2900,13.2800,13.2700,13.2600,13.2500,13.3000,13.3100,13.3200,13.3300,13.3400,31,100,83,194,106,9,68,5,60,210
SZ,002336,2017-01-03 13:44:15,13.3000,1,9310.0000,7,B,13.2900,13.2800,13.2700,13.2600,13.2500,13.3000,13.3100,13.3200,13.3300,13.3400,31,104,53,194,106,2,68,5,60,210
SZ,002336,2017-01-03 13:44:24,13.3000,1,2660.0000,2,B,13.3000,13.2900,13.2800,13.2700,13.2600,13.3100,13.3200,13.3300,13.3400,13.3500,28,31,102,53,194,68,5,60,210,94
SZ,002336,2017-01-03 13:44:45,13.3000,1,22610.0000,17,S,13.3000,13.2900,13.2800,13.2700,13.2600,13.3100,13.3200,13.3300,13.3400,13.3500,11,34,102,73,194,68,5,60,210,94
SZ,002336,2017-01-03 13:45:18,13.3000,1,13300.0000,10,S,13.3000,13.2900,13.2800,13.2700,13.2600,13.3100,13.3200,13.3300,13.3400,13.3500,13,34,102,53,194,68,5,60,210,94
SZ,002336,2017-01-03 13:45:24,13.3000,2,6650.0000,5,S,13.3000,13.2900,13.2800,13.2700,13.2600,13.3100,13.3200,13.3300,13.3400,13.3500,8,34,102,53,194,68,5,60,210,94
SZ,002336,2017-01-03 13:45:42,13.3100,2,19965.0000,15,B,13.3000,13.2900,13.2800,13.2700,13.2600,13.3100,13.3200,13.3300,13.3400,13.3500,13,35,102,53,194,53,5,60,210,94
SZ,002336,2017-01-03 13:45:57,13.3000,3,17290.0000,13,S,13.2900,13.2800,13.2700,13.2600,13.2500,13.3000,13.3100,13.3200,13.3300,13.3400,45,102,53,194,106,1,53,5,60,210
SZ,002336,2017-01-03 13:46:54,13.2900,1,1329.0000,1,S,13.2900,13.2800,13.2700,13.2600,13.2500,13.3000,13.3100,13.3200,13.3300,13.3400,34,96,53,194,106,1,53,5,40,210
SZ,002336,2017-01-03 13:47:06,13.3000,1,1330.0000,1,B,13.3000,13.2900,13.2800,13.2700,13.2600,13.3100,13.3200,13.3300,13.3400,13.3500,6,34,96,53,194,53,5,40,210,94
SZ,002336,2017-01-03 13:47:09,13.2900,2,13296.0000,10,S,13.2900,13.2800,13.2700,13.2600,13.2500,13.3100,13.3200,13.3300,13.3400,13.3500,30,96,58,194,106,53,5,40,210,94
SZ,002336,2017-01-03 13:47:21,13.2900,7,39870.0000,30,S,13.2800,13.2700,13.2600,13.2500,13.2400,13.2900,13.3100,13.3200,13.3300,13.3400,96,58,194,106,240,10,53,5,40,210
SZ,002336,2017-01-03 13:47:27,13.2900,1,6645.0000,5,B,13.2800,13.2700,13.2600,13.2500,13.2400,13.2900,13.3100,13.3200,13.3300,13.3400,96,58,194,106,240,5,53,5,40,210
SZ,002336,2017-01-03 13:47:33,13.2900,1,6645.0000,5,B,13.2900,13.2800,13.2700,13.2600,13.2500,13.3100,13.3200,13.3300,13.3400,13.3500,6,96,58,194,106,53,5,40,210,94
SZ,002336,2017-01-03 13:47:57,13.3100,1,21296.0000,16,B,13.2900,13.2800,13.2700,13.2600,13.2500,13.3100,13.3200,13.3300,13.3400,13.3500,6,96,58,194,106,37,5,40,210,94
SZ,002336,2017-01-03 13:49:18,13.2900,1,6645.0000,5,S,13.2900,13.2800,13.2700,13.2600,13.2500,13.3100,13.3200,13.3300,13.3400,13.3500,55,96,58,194,106,37,5,40,210,94
SZ,002336,2017-01-03 13:49:39,13.2900,3,39870.0000,30,S,13.2900,13.2800,13.2700,13.2600,13.2500,13.3100,13.3200,13.3300,13.3400,13.3500,28,96,58,194,106,37,5,40,210,94
SZ,002336,2017-01-03 13:49:48,13.2800,5,53148.0000,40,S,13.2800,13.2700,13.2600,13.2500,13.2400,13.3100,13.3200,13.3300,13.3400,13.3500,84,58,194,106,240,37,5,40,210,94
SZ,002336,2017-01-03 13:50:06,13.2800,1,10624.0000,8,S,13.2800,13.2700,13.2600,13.2500,13.2400,13.3100,13.3200,13.3300,13.3400,13.3500,76,58,194,106,240,37,5,40,210,94
SZ,002336,2017-01-03 13:50:48,13.2800,3,53120.0000,40,S,13.2800,13.2700,13.2600,13.2500,13.2400,13.3100,13.3200,13.3300,13.3400,13.3500,43,63,194,106,240,37,10,128,210,94
SZ,002336,2017-01-03 13:51:30,13.2800,1,1328.0000,1,S,13.2800,13.2700,13.2600,13.2500,13.2400,13.3000,13.3100,13.3200,13.3300,13.3400,54,63,194,106,240,2,44,10,128,210
SZ,002336,2017-01-03 13:52:00,13.2800,2,13280.0000,10,S,13.2800,13.2700,13.2600,13.2500,13.2400,13.3000,13.3100,13.3200,13.3300,13.3400,136,63,204,106,240,2,44,10,128,210
SZ,002336,2017-01-03 13:52:21,13.2800,1,1328.0000,1,S,13.2800,13.2700,13.2600,13.2500,13.2400,13.3000,13.3100,13.3200,13.3300,13.3400,128,63,204,106,240,2,44,10,128,210
SZ,002336,2017-01-03 13:53:03,13.2900,1,66450.0000,50,S,13.2900,13.2800,13.2700,13.2600,13.2500,13.3000,13.3100,13.3200,13.3300,13.3400,10,138,63,204,106,2,44,10,128,210
SZ,002336,2017-01-03 13:53:12,13.3000,1,2660.0000,2,B,13.2900,13.2800,13.2700,13.2600,13.2500,13.3000,13.3100,13.3200,13.3300,13.3400,10,138,63,204,106,20,44,10,128,210
SZ,002336,2017-01-03 13:53:30,13.3000,1,1330.0000,1,B,13.2900,13.2800,13.2700,13.2600,13.2500,13.3000,13.3100,13.3200,13.3300,13.3400,25,138,63,204,106,19,44,10,128,210
SZ,002336,2017-01-03 13:54:27,13.2900,1,2658.0000,2,S,13.2900,13.2800,13.2700,13.2600,13.2500,13.3000,13.3100,13.3200,13.3300,13.3400,29,148,63,204,106,34,44,10,128,210
SZ,002336,2017-01-03 13:54:51,13.2900,1,5316.0000,4,S,13.2900,13.2800,13.2700,13.2600,13.2500,13.3000,13.3100,13.3200,13.3300,13.3400,105,148,63,204,106,32,44,10,128,210
SZ,002336,2017-01-03 13:55:06,13.2900,3,26580.0000,20,S,13.2900,13.2800,13.2700,13.2600,13.2500,13.3000,13.3100,13.3200,13.3300,13.3400,85,148,63,204,106,32,44,10,128,210
SZ,002336,2017-01-03 13:55:39,13.2900,2,55818.0000,42,S,13.2900,13.2800,13.2700,13.2600,13.2500,13.3000,13.3100,13.3200,13.3300,13.3400,60,148,58,204,101,127,44,10,114,210
SZ,002336,2017-01-03 13:55:42,13.3000,2,25260.0000,19,B,13.2900,13.2800,13.2700,13.2600,13.2500,13.3000,13.3100,13.3200,13.3300,13.3400,50,148,58,204,101,118,44,10,114,210
SZ,002336,2017-01-03 13:55:48,13.2900,1,18606.0000,14,S,13.2900,13.2800,13.2700,13.2600,13.2500,13.3000,13.3100,13.3200,13.3300,13.3400,36,148,58,204,101,118,44,10,114,210
SZ,002336,2017-01-03 13:56:18,13.2900,1,3987.0000,3,S,13.2900,13.2800,13.2700,13.2600,13.2500,13.3000,13.3100,13.3200,13.3300,13.3400,33,148,58,204,101,118,44,10,114,210
SZ,002336,2017-01-03 13:56:36,13.3000,1,13300.0000,10,B,13.2900,13.2800,13.2700,13.2600,13.2500,13.3000,13.3100,13.3200,13.3300,13.3400,33,148,58,204,101,108,44,10,114,210
SZ,002336,2017-01-03 13:56:51,13.3000,2,13300.0000,10,B,13.2900,13.2800,13.2700,13.2600,13.2500,13.3000,13.3100,13.3200,13.3300,13.3400,99,148,58,204,101,98,44,10,114,210
SZ,002336,2017-01-03 13:57:18,13.2900,6,171513.0000,129,S,13.2900,13.2800,13.2700,13.2600,13.2500,13.3000,13.3100,13.3200,13.3300,13.3400,42,148,58,204,101,26,44,10,114,210
SZ,002336,2017-01-03 13:57:48,13.2900,1,55818.0000,42,S,13.2800,13.2700,13.2600,13.2500,13.2400,13.2900,13.3000,13.3100,13.3200,13.3300,148,58,204,101,240,53,26,44,10,114
SZ,002336,2017-01-03 13:57:54,13.2900,1,25251.0000,19,B,13.2800,13.2700,13.2600,13.2500,13.2400,13.2900,13.3000,13.3100,13.3200,13.3300,138,58,204,101,240,34,26,44,10,114
SZ,002336,2017-01-03 13:59:21,13.2800,3,13280.0000,10,S,13.2800,13.2700,13.2600,13.2500,13.2400,13.3000,13.3100,13.3200,13.3300,13.3400,163,58,204,101,240,26,44,10,114,210
SZ,002336,2017-01-03 13:59:33,13.2800,4,18592.0000,14,S,13.2800,13.2700,13.2600,13.2500,13.2400,13.3000,13.3100,13.3200,13.3300,13.3400,149,58,204,101,240,26,44,10,114,210
SZ,002336,2017-01-03 14:00:48,13.2800,4,130144.0000,98,S,13.2800,13.2700,13.2600,13.2500,13.2400,13.2900,13.3000,13.3100,13.3200,13.3300,73,132,206,104,240,12,46,44,10,114
SZ,002336,2017-01-03 14:01:06,13.2900,1,5316.0000,4,B,13.2800,13.2700,13.2600,13.2500,13.2400,13.3000,13.3100,13.3200,13.3300,13.3400,73,132,206,104,240,46,44,10,114,210
SZ,002336,2017-01-03 14:01:39,13.3000,2,61180.0000,46,B,13.3000,13.2800,13.2700,13.2600,13.2500,13.3100,13.3200,13.3300,13.3400,13.3500,37,73,132,206,104,44,10,114,210,93
SZ,002336,2017-01-03 14:01:48,13.3100,1,9317.0000,7,B,13.3000,13.2800,13.2700,13.2600,13.2500,13.3100,13.3200,13.3300,13.3400,13.3500,37,73,132,206,104,37,10,114,210,93
SZ,002336,2017-01-03 14:02:27,13.3100,1,6655.0000,5,B,13.3000,13.2800,13.2700,13.2600,13.2500,13.3100,13.3200,13.3300,13.3400,13.3500,42,104,88,206,104,32,30,114,210,93
SZ,002336,2017-01-03 14:02:33,13.3000,1,1330.0000,1,S,13.3000,13.2800,13.2700,13.2600,13.2500,13.3100,13.3200,13.3300,13.3400,13.3500,41,104,88,206,104,32,30,114,210,93
SZ,002336,2017-01-03 14:03:06,13.3000,1,1330.0000,1,S,13.3000,13.2800,13.2700,13.2600,13.2500,13.3100,13.3200,13.3300,13.3400,13.3500,40,104,89,206,104,32,35,114,210,93
SZ,002336,2017-01-03 14:03:18,13.3000,1,45220.0000,34,S,13.3000,13.2900,13.2800,13.2700,13.2600,13.3100,13.3200,13.3300,13.3400,13.3500,6,33,104,89,206,32,35,114,210,93
SZ,002336,2017-01-03 14:03:54,13.3000,2,6650.0000,5,S,13.3000,13.2900,13.2800,13.2700,13.2600,13.3100,13.3200,13.3300,13.3400,13.3500,1,48,104,89,206,32,35,103,210,21
SZ,002336,2017-01-03 14:04:36,13.3000,1,1330.0000,1,S,13.2900,13.2800,13.2700,13.2600,13.2500,13.3000,13.3100,13.3200,13.3300,13.3400,48,104,89,206,104,5,32,37,123,210
SZ,002336,2017-01-03 14:05:12,13.3000,1,6650.0000,5,B,13.3000,13.2900,13.2800,13.2700,13.2600,13.3100,13.3200,13.3300,13.3400,13.3500,252,48,73,89,206,32,37,123,210,21
SZ,002336,2017-01-03 14:05:21,13.3000,1,117040.0000,88,S,13.3000,13.2900,13.2800,13.2700,13.2600,13.3100,13.3200,13.3300,13.3400,13.3500,164,48,78,89,206,32,17,35,210,21
SZ,002336,2017-01-03 14:05:33,13.3100,3,42592.0000,32,B,13.3100,13.3000,13.2900,13.2800,13.2700,13.3200,13.3300,13.3400,13.3500,13.3600,48,164,48,78,89,17,35,210,21,76
SZ,002336,2017-01-03 14:05:51,13.3000,3,295308.0000,222,S,13.2900,13.2800,13.2700,13.2600,13.2500,13.3000,13.3200,13.3300,13.3400,13.3500,48,278,89,206,104,278,17,35,210,21
SZ,002336,2017-01-03 14:06:21,13.3000,1,26600.0000,20,B,13.2900,13.2800,13.2700,13.2600,13.2500,13.3000,13.3200,13.3300,13.3400,13.3500,48,273,89,206,104,258,17,35,210,21
SZ,002336,2017-01-03 14:06:30,13.3000,2,29260.0000,22,B,13.2900,13.2800,13.2700,13.2600,13.2500,13.3000,13.3200,13.3300,13.3400,13.3500,48,273,89,206,104,236,17,35,210,21
SZ,002336,2017-01-03 14:06:57,13.3000,1,312550.0000,235,B,13.2900,13.2800,13.2700,13.2600,13.2500,13.3000,13.3200,13.3300,13.3400,13.3500,53,273,89,226,104,1,17,35,210,21
SZ,002336,2017-01-03 14:07:12,13.2900,1,6645.0000,5,S,13.2900,13.2800,13.2700,13.2600,13.2500,13.3000,13.3200,13.3300,13.3400,13.3500,48,273,89,226,104,1,17,35,210,21
SZ,002336,2017-01-03 14:07:33,13.3000,1,1330.0000,1,B,13.3000,13.2900,13.2800,13.2700,13.2600,13.3200,13.3300,13.3400,13.3500,13.3600,10,48,273,89,226,17,35,210,21,76
SZ,002336,2017-01-03 14:07:39,13.3000,1,6650.0000,5,S,13.3000,13.2900,13.2800,13.2700,13.2600,13.3200,13.3300,13.3400,13.3500,13.3600,5,48,273,89,226,17,35,210,21,76
SZ,002336,2017-01-03 14:08:33,13.3100,1,6655.0000,5,B,13.3000,13.2900,13.2800,13.2700,13.2600,13.3100,13.3200,13.3300,13.3400,13.3500,5,66,273,89,226,15,28,35,210,21
SZ,002336,2017-01-03 14:10:27,13.3000,2,7980.0000,6,S,13.2900,13.2800,13.2700,13.2600,13.2500,13.3000,13.3100,13.3200,13.3300,13.3400,71,288,89,226,104,14,15,28,35,210
SZ,002336,2017-01-03 14:11:18,13.3000,2,30590.0000,23,B,13.3000,13.2900,13.2800,13.2700,13.2600,13.3100,13.3200,13.3300,13.3400,13.3500,10,71,288,89,226,15,28,35,210,21
SZ,002336,2017-01-03 14:11:39,13.3000,1,3990.0000,3,S,13.3000,13.2900,13.2800,13.2700,13.2600,13.3100,13.3200,13.3300,13.3400,13.3500,7,71,288,89,226,15,28,35,210,21
SZ,002336,2017-01-03 14:12:06,13.3000,1,2660.0000,2,S,13.3000,13.2900,13.2800,13.2700,13.2600,13.3100,13.3200,13.3300,13.3400,13.3500,6,71,288,89,226,15,28,35,210,21
SZ,002336,2017-01-03 14:12:12,13.2800,15,252403.0000,190,S,13.2800,13.2700,13.2600,13.2500,13.2400,13.3100,13.3200,13.3300,13.3400,13.3500,175,89,226,104,240,15,28,35,210,21
SZ,002336,2017-01-03 14:12:48,13.2900,1,10632.0000,8,S,13.2900,13.2800,13.2700,13.2600,13.2500,13.3100,13.3200,13.3300,13.3400,13.3500,11,175,89,226,104,15,28,43,210,21
SZ,002336,2017-01-03 14:14:09,13.2900,2,13290.0000,10,S,13.2900,13.2800,13.2700,13.2600,13.2500,13.3000,13.3100,13.3200,13.3300,13.3400,9,183,89,226,104,2,68,28,55,210
SZ,002336,2017-01-03 14:14:51,13.2900,2,11961.0000,9,S,13.2800,13.2700,13.2600,13.2500,13.2400,13.2900,13.3000,13.3100,13.3200,13.3300,183,89,226,104,240,6,2,73,28,55
SZ,002336,2017-01-03 14:15:06,13.2900,1,7974.0000,6,B,13.2900,13.2800,13.2700,13.2600,13.2500,13.3000,13.3100,13.3200,13.3300,13.3400,4,183,89,226,104,2,73,28,55,210
SZ,002336,2017-01-03 14:15:15,13.2900,1,2658.0000,2,S,13.2900,13.2800,13.2700,13.2600,13.2500,13.3000,13.3100,13.3200,13.3300,13.3400,2,183,89,226,104,2,73,28,55,210
SZ,002336,2017-01-03 14:15:57,13.2900,2,13290.0000,10,S,13.2900,13.2800,13.2700,13.2600,13.2500,13.3000,13.3100,13.3200,13.3300,13.3400,92,183,89,226,104,2,73,28,35,210
SZ,002336,2017-01-03 14:17:15,13.2900,1,11961.0000,9,S,13.2900,13.2800,13.2700,13.2600,13.2500,13.3000,13.3100,13.3200,13.3300,13.3400,83,183,89,226,104,2,73,28,55,210
SZ,002336,2017-01-03 14:17:18,13.2900,2,35885.0000,27,S,13.2900,13.2800,13.2700,13.2600,13.2500,13.3100,13.3200,13.3300,13.3400,13.3500,58,183,89,226,104,73,28,55,210,21
SZ,002336,2017-01-03 14:17:33,13.3000,1,26600.0000,20,B,13.2900,13.2800,13.2700,13.2600,13.2500,13.3100,13.3200,13.3300,13.3400,13.3500,58,183,89,226,104,73,28,55,210,21
SZ,002336,2017-01-03 14:17:36,13.2900,1,66450.0000,50,S,13.2900,13.2800,13.2700,13.2600,13.2500,13.3100,13.3200,13.3300,13.3400,13.3500,8,183,89,226,104,73,28,55,210,21
SZ,002336,2017-01-03 14:17:39,13.3100,1,3993.0000,3,B,13.2900,13.2800,13.2700,13.2600,13.2500,13.3100,13.3200,13.3300,13.3400,13.3500,8,183,89,226,104,70,28,55,210,21
SZ,002336,2017-01-03 14:17:48,13.3100,2,70543.0000,53,B,13.2900,13.2800,13.2700,13.2600,13.2500,13.3100,13.3200,13.3300,13.3400,13.3500,108,183,89,226,104,17,28,55,210,21
SZ,002336,2017-01-03 14:18:15,13.3000,1,5320.0000,4,B,13.2900,13.2800,13.2700,13.2600,13.2500,13.3100,13.3200,13.3300,13.3400,13.3500,133,183,89,226,104,17,28,55,210,21
SZ,002336,2017-01-03 14:18:42,13.3000,1,1330.0000,1,S,13.2900,13.2800,13.2700,13.2600,13.2500,13.3000,13.3100,13.3200,13.3300,13.3400,133,183,136,226,104,14,122,28,55,210
SZ,002336,2017-01-03 14:18:54,13.3000,1,18620.0000,14,B,13.2900,13.2800,13.2700,13.2600,13.2500,13.3100,13.3200,13.3300,13.3400,13.3500,140,183,136,226,104,122,28,55,210,21
SZ,002336,2017-01-03 14:19:27,13.3100,3,29282.0000,22,B,13.3100,13.3000,13.2900,13.2800,13.2700,13.3200,13.3300,13.3400,13.3500,13.3600,38,11,164,183,136,28,55,210,21,76
SZ,002336,2017-01-03 14:19:45,13.3100,1,50578.0000,38,S,13.3000,13.2900,13.2800,13.2700,13.2600,13.3100,13.3200,13.3300,13.3400,13.3500,3,164,183,136,226,67,28,55,210,21
SZ,002336,2017-01-03 14:20:15,13.3000,3,47880.0000,36,S,13.2900,13.2800,13.2700,13.2600,13.2500,13.3100,13.3200,13.3300,13.3400,13.3500,164,183,136,226,104,67,28,43,210,21
SZ,002336,2017-01-03 14:20:18,13.3100,1,6655.0000,5,B,13.2900,13.2800,13.2700,13.2600,13.2500,13.3100,13.3200,13.3300,13.3400,13.3500,164,183,136,226,104,62,28,55,210,21
SZ,002336,2017-01-03 14:20:30,13.3100,2,82522.0000,62,B,13.2900,13.2800,13.2700,13.2600,13.2500,13.3200,13.3300,13.3400,13.3500,13.3600,164,183,136,226,104,28,35,210,21,76
SZ,002336,2017-01-03 14:20:42,13.3000,1,9310.0000,7,S,13.3000,13.2900,13.2800,13.2700,13.2600,13.3200,13.3300,13.3400,13.3500,13.3600,93,164,183,136,226,28,35,210,21,76
SZ,002336,2017-01-03 14:22:12,13.3100,1,13310.0000,10,S,13.3000,13.2900,13.2800,13.2700,13.2600,13.3100,13.3200,13.3300,13.3400,13.3500,193,138,183,136,226,17,28,35,210,21
SZ,002336,2017-01-03 14:22:24,13.3100,2,22627.0000,17,B,13.3100,13.3000,13.2900,13.2800,13.2700,13.3200,13.3300,13.3400,13.3500,13.3600,6,193,138,183,136,28,35,210,21,76
SZ,002336,2017-01-03 14:22:27,13.3000,2,93106.0000,70,S,13.3000,13.2900,13.2800,13.2700,13.2600,13.3200,13.3300,13.3400,13.3500,13.3600,129,138,183,136,226,28,35,210,21,76
SZ,002336,2017-01-03 14:23:36,13.3100,1,13310.0000,10,B,13.3100,13.3000,13.2900,13.2800,13.2700,13.3200,13.3300,13.3400,13.3500,13.3600,10,11,138,183,143,28,35,210,21,76
SZ,002336,2017-01-03 14:23:39,13.3200,1,5328.0000,4,B,13.3100,13.3000,13.2900,13.2800,13.2700,13.3200,13.3300,13.3400,13.3500,13.3600,10,11,138,183,143,24,35,210,21,76
SZ,002336,2017-01-03 14:23:45,13.3100,1,9317.0000,7,S,13.3100,13.3000,13.2900,13.2800,13.2700,13.3200,13.3300,13.3400,13.3500,13.3600,3,11,131,183,143,24,35,210,21,76
SZ,002336,2017-01-03 14:25:54,13.3100,2,6655.0000,5,S,13.3100,13.3000,13.2900,13.2800,13.2700,13.3200,13.3300,13.3400,13.3500,13.3600,5,121,151,183,143,24,35,210,21,76
SZ,002336,2017-01-03 14:26:06,13.3000,6,119705.0000,90,S,13.3000,13.2900,13.2800,13.2700,13.2600,13.3200,13.3300,13.3400,13.3500,13.3600,36,151,183,143,226,24,35,210,21,76
SZ,002336,2017-01-03 14:27:06,13.3100,1,1331.0000,1,S,13.3100,13.3000,13.2900,13.2800,13.2700,13.3200,13.3300,13.3400,13.3500,13.3600,21,43,151,183,143,24,35,210,21,76
SZ,002336,2017-01-03 14:27:45,13.3100,1,3993.0000,3,S,13.3100,13.3000,13.2900,13.2800,13.2700,13.3200,13.3300,13.3400,13.3500,13.3600,18,43,151,183,96,24,35,210,21,76
SZ,002336,2017-01-03 14:28:06,13.3200,6,31968.0000,24,B,13.3200,13.3100,13.3000,13.2900,13.2800,13.3300,13.3400,13.3500,13.3600,13.3700,1,23,119,151,184,35,210,21,76,34
SZ,002336,2017-01-03 14:28:57,13.3200,1,1332.0000,1,S,13.3100,13.3000,13.2900,13.2800,13.2700,13.3200,13.3300,13.3400,13.3500,13.3600,120,119,151,184,96,4,69,210,21,76
SZ,002336,2017-01-03 14:29:09,13.3200,2,5328.0000,4,B,13.3200,13.3100,13.3000,13.2900,13.2800,13.3300,13.3400,13.3500,13.3600,13.3700,58,120,119,151,184,69,210,21,76,34
SZ,002336,2017-01-03 14:30:51,13.3300,1,1333.0000,1,B,13.3200,13.3100,13.3000,13.2900,13.2800,13.3300,13.3400,13.3500,13.3600,13.3700,52,73,119,151,184,73,210,21,76,34
SZ,002336,2017-01-03 14:31:12,13.3300,1,9331.0000,7,B,13.3200,13.3100,13.3000,13.2900,13.2800,13.3300,13.3400,13.3500,13.3600,13.3700,62,73,119,151,184,66,210,21,76,34
SZ,002336,2017-01-03 14:31:18,13.3300,5,87978.0000,66,B,13.3300,13.3200,13.3100,13.3000,13.2900,13.3400,13.3500,13.3600,13.3700,13.3800,34,62,73,119,151,210,21,76,34,28
SZ,002336,2017-01-03 14:31:36,13.3300,1,13330.0000,10,S,13.3300,13.3200,13.3100,13.3000,13.2900,13.3400,13.3500,13.3600,13.3700,13.3800,24,62,73,119,151,210,21,76,34,28
SZ,002336,2017-01-03 14:32:48,13.3400,2,52026.0000,39,B,13.3300,13.3200,13.3100,13.3000,13.2900,13.3400,13.3500,13.3600,13.3700,13.3800,81,62,98,119,115,211,21,76,34,28
SZ,002336,2017-01-03 14:33:12,13.3300,1,240.0000,0,B,13.3300,13.3200,13.3100,13.3000,13.2900,13.3400,13.3500,13.3600,13.3700,13.3800,80,62,98,119,115,214,21,76,34,28
SZ,002336,2017-01-03 14:33:54,13.3300,1,31752.0000,24,S,13.3200,13.3100,13.3000,13.2900,13.2800,13.3300,13.3400,13.3500,13.3600,13.3700,15,98,119,115,184,26,217,21,76,60
SZ,002336,2017-01-03 14:34:42,13.3200,1,1332.0000,1,S,13.3200,13.3100,13.3000,13.2900,13.2800,13.3300,13.3400,13.3500,13.3600,13.3700,61,98,119,115,183,33,217,21,76,60
SZ,002336,2017-01-03 14:34:48,13.3300,1,13330.0000,10,B,13.3200,13.3100,13.3000,13.2900,13.2800,13.3300,13.3400,13.3500,13.3600,13.3700,61,98,119,115,183,23,217,21,76,60
SZ,002336,2017-01-03 14:34:54,13.3300,1,13330.0000,10,B,13.3200,13.3100,13.3000,13.2900,13.2800,13.3300,13.3400,13.3500,13.3600,13.3700,61,98,119,115,183,13,217,21,76,60
SZ,002336,2017-01-03 14:34:57,13.3300,2,17569.0000,13,B,13.3300,13.3200,13.3100,13.3000,13.2900,13.3400,13.3500,13.3600,13.3700,13.3800,43,61,98,119,115,217,21,76,60,28
SZ,002336,2017-01-03 14:35:18,13.3300,1,7998.0000,6,S,13.3300,13.3200,13.3100,13.3000,13.2900,13.3400,13.3500,13.3600,13.3700,13.3800,63,61,98,119,115,217,21,76,60,28
SZ,002336,2017-01-03 14:35:39,13.3300,1,9331.0000,7,S,13.3300,13.3200,13.3100,13.3000,13.2900,13.3400,13.3500,13.3600,13.3700,13.3800,56,61,98,119,115,217,21,76,60,28
SZ,002336,2017-01-03 14:35:45,13.3300,1,2666.0000,2,S,13.3300,13.3200,13.3100,13.3000,13.2900,13.3400,13.3500,13.3600,13.3700,13.3800,54,61,98,119,115,217,21,76,60,28
SZ,002336,2017-01-03 14:35:54,13.3300,1,6665.0000,5,S,13.3300,13.3200,13.3100,13.3000,13.2900,13.3400,13.3500,13.3600,13.3700,13.3800,49,61,98,119,45,217,21,76,60,28
SZ,002336,2017-01-03 14:36:39,13.3300,1,1333.0000,1,S,13.3300,13.3200,13.3100,13.3000,13.2900,13.3400,13.3500,13.3600,13.3700,13.3800,123,61,98,43,50,217,21,76,60,28
SZ,002336,2017-01-03 14:37:09,13.3400,1,133401.0000,100,B,13.3300,13.3200,13.3100,13.3000,13.2900,13.3400,13.3500,13.3600,13.3700,13.3800,123,61,98,43,50,127,23,76,60,28
SZ,002336,2017-01-03 14:37:15,13.3400,1,40020.0000,30,B,13.3300,13.3200,13.3100,13.3000,13.2900,13.3400,13.3500,13.3600,13.3700,13.3800,123,61,98,43,50,94,35,76,60,28
SZ,002336,2017-01-03 14:37:27,13.3400,1,13340.0000,10,B,13.3300,13.3200,13.3100,13.3000,13.2900,13.3400,13.3500,13.3600,13.3700,13.3800,101,61,98,43,50,87,35,76,60,28
SZ,002336,2017-01-03 14:37:33,13.3400,3,44020.0000,33,B,13.3300,13.3200,13.3100,13.3000,13.2900,13.3400,13.3500,13.3600,13.3700,13.3800,101,61,98,43,50,54,35,76,60,25
SZ,002336,2017-01-03 14:37:51,13.3400,1,1336.0000,1,B,13.3300,13.3200,13.3100,13.3000,13.2900,13.3400,13.3500,13.3600,13.3700,13.3800,101,61,98,53,50,53,35,76,60,25
SZ,002336,2017-01-03 14:38:00,13.3400,3,66700.0000,50,B,13.3300,13.3200,13.3100,13.3000,13.2900,13.3400,13.3500,13.3600,13.3700,13.3800,101,61,98,53,50,3,35,76,60,25
SZ,002336,2017-01-03 14:38:09,13.3400,1,1332.0000,1,B,13.3300,13.3200,13.3100,13.3000,13.2900,13.3400,13.3500,13.3600,13.3700,13.3800,101,61,98,53,50,2,35,78,60,25
SZ,002336,2017-01-03 14:38:36,13.3400,1,2668.0000,2,B,13.3400,13.3300,13.3200,13.3100,13.3000,13.3500,13.3600,13.3700,13.3800,13.3900,12,101,61,88,53,35,78,60,28,486
