市场代码,证券代码,时间,最新价,成交笔数,成交额,成交量,方向,买一价,买二价,买三价,买四价,买五价,卖一价,卖二价,卖三价,卖四价,卖五价,买一量,买二量,买三量,买四量,买五量,卖一量,卖二量,卖三量,卖四量,卖五量
SZ,002387,2017-01-03 09:25:03,17.5400,23,119272.0000,68,B,17.5000,17.4500,17.4100,17.3500,17.3300,17.5400,17.5500,17.5600,17.5700,17.5800,88,10,8,10,10,105,3,36,70,50
SZ,002387,2017-01-03 09:30:03,17.5000,28,392477.0000,224,S,17.5200,17.5000,17.4500,17.4100,17.3500,17.5300,17.5400,17.5500,17.5600,17.5700,6,983,10,8,10,9,42,5,20,69
SZ,002387,2017-01-03 09:30:06,17.5300,3,22771.0000,13,B,17.5000,17.4500,17.4100,17.3500,17.3300,17.5300,17.5400,17.5500,17.5600,17.5700,982,10,11,10,79,6,42,5,20,69
SZ,002387,2017-01-03 09:30:09,17.5300,1,3506.0000,2,B,17.5000,17.4500,17.4100,17.3500,17.3300,17.5300,17.5400,17.5500,17.5600,17.5700,982,10,11,10,79,4,42,5,20,69
SZ,002387,2017-01-03 09:30:12,17.5400,3,21044.0000,12,B,17.5000,17.4500,17.4100,17.3500,17.3300,17.5400,17.5500,17.5600,17.5700,17.5800,982,10,11,10,79,34,5,20,69,50
SZ,002387,2017-01-03 09:30:15,17.5000,1,33250.0000,19,S,17.5000,17.4500,17.4100,17.3500,17.3300,17.5100,17.5400,17.5500,17.5600,17.5700,963,10,11,10,79,2,54,5,16,69
SZ,002387,2017-01-03 09:30:18,17.5100,1,3502.0000,2,B,17.5100,17.5000,17.4500,17.4100,17.3500,17.5400,17.5500,17.5600,17.5700,17.5800,4,966,10,11,10,54,5,16,69,50
SZ,002387,2017-01-03 09:30:21,17.5000,2,92754.0000,53,S,17.5000,17.4500,17.4100,17.3500,17.3300,17.5400,17.5500,17.5600,17.5700,17.5800,917,10,11,10,79,54,5,16,69,50
SZ,002387,2017-01-03 09:30:27,17.5000,3,147006.0000,84,S,17.5000,17.4500,17.4100,17.3500,17.3300,17.5100,17.5400,17.5500,17.5600,17.5700,836,10,11,10,79,5,54,12,10,69
SZ,002387,2017-01-03 09:30:30,17.5000,3,29750.0000,17,S,17.5000,17.4500,17.4100,17.3500,17.3300,17.5100,17.5400,17.5500,17.5600,17.5700,819,10,11,10,79,5,54,12,10,69
SZ,002387,2017-01-03 09:30:33,17.5000,1,3500.0000,2,S,17.5000,17.4500,17.4200,17.4100,17.3500,17.5100,17.5400,17.5500,17.5600,17.5700,817,10,5,11,10,5,54,12,10,69
SZ,002387,2017-01-03 09:30:42,17.5000,1,17500.0000,10,S,17.5000,17.4500,17.4200,17.4100,17.3500,17.5100,17.5400,17.5500,17.5600,17.5700,807,10,5,11,10,11,64,12,10,69
SZ,002387,2017-01-03 09:30:45,17.5000,1,1750.0000,1,S,17.5000,17.4500,17.4200,17.4100,17.3500,17.5100,17.5400,17.5500,17.5600,17.5700,806,10,5,11,10,11,64,12,10,69
SZ,002387,2017-01-03 09:30:51,17.5000,1,17500.0000,10,S,17.5000,17.4500,17.4200,17.4100,17.3500,17.5100,17.5400,17.5500,17.5600,17.5700,796,10,5,11,10,5,75,12,10,69
SZ,002387,2017-01-03 09:30:54,17.5000,1,70000.0000,40,S,17.5000,17.4500,17.4200,17.4100,17.3500,17.5100,17.5400,17.5500,17.5600,17.5700,756,10,5,11,10,5,75,12,16,69
SZ,002387,2017-01-03 09:30:57,17.5100,3,31508.0000,18,B,17.5100,17.5000,17.4500,17.4200,17.4100,17.5400,17.5500,17.5600,17.5700,17.5800,20,746,10,5,11,75,12,16,69,50
SZ,002387,2017-01-03 09:31:00,17.5100,1,10506.0000,6,S,17.5100,17.5000,17.4500,17.4200,17.4100,17.5400,17.5500,17.5600,17.5700,17.5800,14,746,10,5,11,75,12,16,69,50
SZ,002387,2017-01-03 09:31:06,17.5100,1,24514.0000,14,S,17.5000,17.4500,17.4200,17.4100,17.3500,17.5100,17.5400,17.5500,17.5600,17.5700,746,10,5,11,10,5,75,12,16,69
SZ,002387,2017-01-03 09:31:21,17.5000,1,17500.0000,10,S,17.5000,17.4500,17.4200,17.4100,17.3500,17.5100,17.5300,17.5400,17.5500,17.5600,745,13,5,11,10,20,50,75,12,16
SZ,002387,2017-01-03 09:31:33,17.5000,1,8750.0000,5,S,17.5000,17.4500,17.4200,17.4100,17.3500,17.5100,17.5300,17.5400,17.5500,17.5600,743,13,5,11,10,28,50,75,12,16
SZ,002387,2017-01-03 09:31:39,17.5000,1,8750.0000,5,S,17.5000,17.4500,17.4200,17.4100,17.3500,17.5100,17.5300,17.5400,17.5500,17.5600,738,13,5,11,10,28,53,75,12,16
SZ,002387,2017-01-03 09:31:42,17.5000,2,8753.0000,5,S,17.5000,17.4500,17.4200,17.4100,17.3500,17.5100,17.5300,17.5400,17.5500,17.5600,736,13,5,11,10,25,53,75,12,16
SZ,002387,2017-01-03 09:31:48,17.5000,1,171500.0000,98,S,17.5000,17.4500,17.4200,17.4100,17.3500,17.5100,17.5300,17.5400,17.5500,17.5600,638,13,5,11,10,25,53,75,12,16
SZ,002387,2017-01-03 09:31:51,17.5100,6,78785.0000,45,B,17.5000,17.4500,17.4200,17.4100,17.3500,17.5300,17.5400,17.5500,17.5600,17.5700,628,13,5,11,10,53,75,12,16,69
SZ,002387,2017-01-03 09:31:57,17.5000,1,5250.0000,3,S,17.5000,17.4500,17.4200,17.4100,17.3500,17.5300,17.5400,17.5500,17.5600,17.5700,625,13,15,11,10,53,75,12,16,69
SZ,002387,2017-01-03 09:32:12,17.5100,2,4027.0000,2,S,17.5100,17.5000,17.4500,17.4200,17.4100,17.5300,17.5400,17.5500,17.5600,17.5700,3,624,13,15,11,103,75,12,16,60
SZ,002387,2017-01-03 09:32:18,17.5000,4,17504.0000,10,S,17.5000,17.4500,17.4200,17.4100,17.3500,17.5100,17.5200,17.5300,17.5400,17.5500,618,13,15,11,10,5,19,103,75,12
SZ,002387,2017-01-03 09:32:21,17.5000,1,15750.0000,9,S,17.5000,17.4900,17.4500,17.4200,17.4100,17.5100,17.5200,17.5300,17.5400,17.5500,609,20,13,15,11,40,20,103,75,12
SZ,002387,2017-01-03 09:32:33,17.5000,1,61250.0000,35,S,17.5000,17.4900,17.4500,17.4200,17.4100,17.5100,17.5200,17.5300,17.5400,17.5500,574,20,13,15,11,88,20,53,75,12
SZ,002387,2017-01-03 09:32:36,17.5100,2,31518.0000,18,B,17.5000,17.4900,17.4500,17.4200,17.4100,17.5100,17.5200,17.5300,17.5400,17.5500,574,20,13,15,11,120,20,53,75,12
SZ,002387,2017-01-03 09:32:39,17.5100,1,10506.0000,6,B,17.5000,17.4900,17.4500,17.4200,17.4100,17.5100,17.5200,17.5300,17.5400,17.5500,574,20,13,15,11,114,20,53,75,12
SZ,002387,2017-01-03 09:32:42,17.5000,3,112000.0000,64,S,17.5000,17.4900,17.4500,17.4200,17.4100,17.5100,17.5200,17.5300,17.5400,17.5500,510,20,13,15,11,114,1,53,64,12
SZ,002387,2017-01-03 09:32:45,17.5000,6,94528.0000,54,S,17.5000,17.4900,17.4500,17.4200,17.4100,17.5100,17.5200,17.5300,17.5400,17.5500,484,20,33,15,11,86,1,53,64,12
SZ,002387,2017-01-03 09:32:48,17.5100,6,150586.0000,86,B,17.5100,17.5000,17.4900,17.4500,17.4200,17.5200,17.5300,17.5400,17.5500,17.5600,53,484,20,33,15,1,53,64,12,19
SZ,002387,2017-01-03 09:32:57,17.5100,1,5253.0000,3,S,17.5100,17.5000,17.4900,17.4500,17.4200,17.5200,17.5300,17.5400,17.5500,17.5600,79,484,20,33,15,20,13,64,12,19
SZ,002387,2017-01-03 09:33:00,17.5100,1,19261.0000,11,S,17.5100,17.5000,17.4900,17.4500,17.4200,17.5200,17.5300,17.5400,17.5500,17.5600,68,484,20,33,15,24,13,64,12,19
SZ,002387,2017-01-03 09:33:06,17.5200,3,21021.0000,12,B,17.5100,17.5000,17.4900,17.4500,17.4200,17.5200,17.5300,17.5400,17.5500,17.5600,65,484,20,33,15,15,13,64,12,13
SZ,002387,2017-01-03 09:33:12,17.5200,1,15768.0000,9,B,17.5100,17.5000,17.4900,17.4500,17.4200,17.5200,17.5300,17.5400,17.5500,17.5600,71,493,37,33,15,6,30,64,12,13
SZ,002387,2017-01-03 09:33:15,17.5100,2,19261.0000,11,S,17.5100,17.5000,17.4900,17.4500,17.4200,17.5200,17.5300,17.5400,17.5500,17.5600,60,503,37,33,15,6,30,64,10,13
SZ,002387,2017-01-03 09:33:21,17.5200,2,10512.0000,6,B,17.5200,17.5100,17.5000,17.4900,17.4500,17.5300,17.5400,17.5500,17.5600,17.5700,16,66,503,37,33,30,64,10,13,43
SZ,002387,2017-01-03 09:33:27,17.5300,2,17530.0000,10,B,17.5200,17.5100,17.5000,17.4900,17.4500,17.5300,17.5400,17.5500,17.5600,17.5700,17,66,503,37,33,20,64,10,13,43
SZ,002387,2017-01-03 09:33:39,17.5300,3,17530.0000,10,B,17.5300,17.5200,17.5100,17.5000,17.4900,17.5400,17.5500,17.5600,17.5700,17.5800,6,18,74,503,37,64,10,13,43,50
SZ,002387,2017-01-03 09:33:54,17.5400,1,7016.0000,4,B,17.5300,17.5200,17.5100,17.5000,17.4900,17.5400,17.5500,17.5600,17.5700,17.5800,29,18,74,503,37,60,10,13,43,50
SZ,002387,2017-01-03 09:34:00,17.5300,5,61355.0000,35,S,17.5300,17.5200,17.5100,17.5000,17.4900,17.5400,17.5500,17.5600,17.5700,17.5800,23,18,74,503,37,60,10,13,43,50
SZ,002387,2017-01-03 09:34:06,17.5300,1,17530.0000,10,S,17.5300,17.5200,17.5100,17.5000,17.4900,17.5400,17.5500,17.5600,17.5700,17.5800,13,27,74,503,37,115,10,13,43,50
SZ,002387,2017-01-03 09:34:12,17.5300,2,15777.0000,9,S,17.5300,17.5200,17.5100,17.5000,17.4900,17.5400,17.5500,17.5600,17.5700,17.5800,23,26,74,503,37,115,10,16,43,50
SZ,002387,2017-01-03 09:34:18,17.5300,2,35060.0000,20,S,17.5300,17.5200,17.5100,17.5000,17.4900,17.5400,17.5500,17.5600,17.5700,17.5800,3,26,74,503,37,125,11,16,43,50
SZ,002387,2017-01-03 09:34:24,17.5300,2,14024.0000,8,S,17.5300,17.5200,17.5100,17.5000,17.4900,17.5400,17.5500,17.5600,17.5700,17.5800,5,26,66,522,37,135,11,16,43,50
SZ,002387,2017-01-03 09:34:27,17.5300,2,10518.0000,6,S,17.5200,17.5100,17.5000,17.4900,17.4500,17.5300,17.5400,17.5500,17.5600,17.5700,26,66,522,37,33,25,135,11,16,43
SZ,002387,2017-01-03 09:34:30,17.5300,2,40319.0000,23,B,17.5200,17.5100,17.5000,17.4900,17.4500,17.5300,17.5400,17.5500,17.5600,17.5700,26,66,522,37,33,12,125,11,16,43
SZ,002387,2017-01-03 09:34:36,17.5300,3,8765.0000,5,B,17.5200,17.5100,17.5000,17.4900,17.4500,17.5300,17.5400,17.5500,17.5600,17.5700,26,66,514,37,33,14,125,11,16,43
SZ,002387,2017-01-03 09:34:39,17.5000,13,670433.0000,383,S,17.5000,17.4900,17.4500,17.4200,17.4100,17.5300,17.5400,17.5500,17.5600,17.5700,243,37,33,15,13,23,119,11,16,43
SZ,002387,2017-01-03 09:34:48,17.5300,4,106933.0000,61,B,17.5000,17.4900,17.4500,17.4200,17.4100,17.5300,17.5400,17.5500,17.5600,17.5700,243,37,33,15,13,14,114,11,16,43
SZ,002387,2017-01-03 09:34:51,17.5000,1,43750.0000,25,S,17.5000,17.4900,17.4500,17.4200,17.4100,17.5300,17.5400,17.5500,17.5600,17.5700,218,37,33,15,13,35,114,11,16,43
SZ,002387,2017-01-03 09:34:54,17.5000,1,35000.0000,20,S,17.5000,17.4900,17.4500,17.4200,17.4100,17.5300,17.5400,17.5500,17.5600,17.5700,198,37,33,15,13,35,114,11,16,43
SZ,002387,2017-01-03 09:34:57,17.5000,1,1750.0000,1,S,17.5000,17.4900,17.4500,17.4200,17.4100,17.5100,17.5300,17.5400,17.5500,17.5600,197,37,33,15,13,5,38,114,11,16
SZ,002387,2017-01-03 09:35:00,17.5200,3,29769.0000,17,B,17.5000,17.4900,17.4500,17.4200,17.4100,17.5200,17.5300,17.5400,17.5500,17.5600,192,37,33,15,13,31,52,114,11,16
SZ,002387,2017-01-03 09:35:06,17.5000,1,19250.0000,11,S,17.5000,17.4900,17.4500,17.4200,17.4100,17.5200,17.5300,17.5400,17.5500,17.5600,196,37,33,15,13,51,58,114,11,16
SZ,002387,2017-01-03 09:35:09,17.5000,1,175000.0000,100,S,17.5000,17.4900,17.4500,17.4200,17.4100,17.5200,17.5300,17.5400,17.5500,17.5600,96,37,33,15,13,51,78,114,10,16
SZ,002387,2017-01-03 09:35:12,17.5000,1,8750.0000,5,S,17.5000,17.4900,17.4500,17.4200,17.4100,17.5200,17.5300,17.5400,17.5500,17.5600,93,37,33,15,13,51,78,114,10,16
SZ,002387,2017-01-03 09:35:15,17.5000,11,163975.0000,94,S,17.4900,17.4500,17.4200,17.4100,17.4000,17.5000,17.5200,17.5300,17.5400,17.5500,37,33,15,13,20,336,66,78,114,10
SZ,002387,2017-01-03 09:35:18,17.4900,2,66494.0000,38,S,17.4900,17.4500,17.4200,17.4100,17.4000,17.5000,17.5200,17.5300,17.5400,17.5500,32,33,15,13,20,417,66,78,114,10
SZ,002387,2017-01-03 09:35:27,17.4900,1,12243.0000,7,S,17.4900,17.4500,17.4200,17.4100,17.4000,17.5000,17.5200,17.5300,17.5400,17.5500,25,33,15,10,20,422,46,72,114,10
SZ,002387,2017-01-03 09:35:30,17.4900,2,8745.0000,5,S,17.4900,17.4500,17.4200,17.4100,17.4000,17.5000,17.5200,17.5300,17.5400,17.5500,20,33,15,10,20,422,46,72,114,10
SZ,002387,2017-01-03 09:35:33,17.4900,4,34980.0000,20,S,17.4500,17.4200,17.4100,17.4000,17.3500,17.4900,17.5000,17.5200,17.5300,17.5400,33,15,10,20,20,23,417,46,72,114
SZ,002387,2017-01-03 09:35:42,17.4200,6,83715.0000,48,S,17.4100,17.4000,17.3500,17.3300,17.3100,17.4200,17.4700,17.4900,17.5000,17.5200,10,20,20,80,10,28,6,77,309,39
SZ,002387,2017-01-03 09:35:51,17.4200,2,54002.0000,31,B,17.4300,17.4200,17.4100,17.4000,17.3500,17.4500,17.4700,17.4900,17.5000,17.5200,19,1,10,30,20,10,18,59,309,24
SZ,002387,2017-01-03 09:36:00,17.4200,2,34859.0000,20,S,17.4100,17.4000,17.3500,17.3300,17.3100,17.4200,17.4300,17.4500,17.4700,17.4900,10,20,20,80,10,6,13,10,18,54
SZ,002387,2017-01-03 09:36:12,17.4100,2,6964.0000,4,S,17.4100,17.4000,17.3500,17.3300,17.3100,17.4200,17.4300,17.4500,17.4700,17.4900,6,20,20,80,10,14,30,10,18,54
SZ,002387,2017-01-03 09:36:18,17.4100,1,6964.0000,4,S,17.4000,17.3500,17.3300,17.3100,17.3000,17.4100,17.4200,17.4300,17.4500,17.4700,20,20,80,10,11,63,8,30,10,12
SZ,002387,2017-01-03 09:36:27,17.4000,2,5222.0000,3,S,17.4000,17.3600,17.3500,17.3400,17.3300,17.4100,17.4200,17.4300,17.4500,17.4700,19,15,20,10,80,61,8,30,10,12
SZ,002387,2017-01-03 09:36:30,17.4000,3,38283.0000,22,S,17.3600,17.3500,17.3400,17.3300,17.3100,17.4000,17.4100,17.4200,17.4300,17.4500,15,20,10,80,10,8,61,8,30,10
SZ,002387,2017-01-03 09:36:39,17.3600,2,27776.0000,16,S,17.3600,17.3500,17.3400,17.3300,17.3000,17.4000,17.4100,17.4200,17.4300,17.4500,3,20,10,80,11,33,66,8,13,10
SZ,002387,2017-01-03 09:36:42,17.3600,1,5208.0000,3,S,17.3500,17.3400,17.3300,17.3000,17.2800,17.3600,17.3800,17.4000,17.4100,17.4200,20,10,80,11,3,14,110,33,66,8
SZ,002387,2017-01-03 09:36:45,17.3600,1,5208.0000,3,B,17.3500,17.3400,17.3300,17.3000,17.2800,17.3600,17.3800,17.4000,17.4100,17.4200,20,10,80,11,3,11,110,33,66,8
SZ,002387,2017-01-03 09:36:51,17.3600,2,6944.0000,4,B,17.3500,17.3400,17.3300,17.3000,17.2800,17.3600,17.3800,17.4000,17.4100,17.4200,20,10,80,11,5,8,110,8,66,8
SZ,002387,2017-01-03 09:36:57,17.3500,1,6940.0000,4,S,17.3500,17.3400,17.3300,17.3000,17.2800,17.3600,17.3800,17.4000,17.4100,17.4200,16,10,80,11,5,28,110,8,66,8
SZ,002387,2017-01-03 09:37:00,17.3600,2,6943.0000,4,B,17.3500,17.3400,17.3300,17.3000,17.2800,17.3600,17.3800,17.4000,17.4100,17.4200,15,10,80,10,5,25,110,8,61,8
SZ,002387,2017-01-03 09:37:03,17.3500,1,6940.0000,4,S,17.3500,17.3400,17.3300,17.3100,17.3000,17.3600,17.3800,17.4000,17.4100,17.4200,11,10,80,100,10,25,110,8,61,8
SZ,002387,2017-01-03 09:37:06,17.3400,6,55529.0000,32,S,17.3400,17.3300,17.3100,17.3000,17.2800,17.3600,17.3800,17.4000,17.4100,17.4200,4,80,100,13,15,10,110,8,61,8
SZ,002387,2017-01-03 09:37:09,17.3600,3,13882.0000,8,B,17.3400,17.3300,17.3100,17.3000,17.2800,17.3600,17.3800,17.4000,17.4100,17.4200,4,80,100,13,12,8,110,8,61,8
SZ,002387,2017-01-03 09:37:12,17.3400,1,5202.0000,3,S,17.3400,17.3300,17.3100,17.3000,17.2800,17.3500,17.3600,17.3800,17.4000,17.4100,1,80,100,13,12,2,8,110,8,61
SZ,002387,2017-01-03 09:37:15,17.3500,1,3470.0000,2,B,17.3500,17.3400,17.3300,17.3100,17.3000,17.3600,17.3800,17.4000,17.4100,17.4200,48,1,80,100,13,8,110,8,61,8
SZ,002387,2017-01-03 09:37:21,17.3600,2,12146.0000,7,B,17.3500,17.3400,17.3300,17.3100,17.3000,17.3600,17.3800,17.4000,17.4100,17.4200,42,1,80,100,13,7,110,8,61,8
SZ,002387,2017-01-03 09:37:30,17.3500,1,38170.0000,22,S,17.3500,17.3400,17.3300,17.3100,17.3000,17.3600,17.3800,17.4000,17.4100,17.4200,44,4,80,100,23,7,110,8,61,8
SZ,002387,2017-01-03 09:37:39,17.3600,3,20832.0000,12,B,17.3600,17.3500,17.3400,17.3300,17.3100,17.3800,17.4000,17.4100,17.4200,17.4500,12,147,4,86,102,110,8,58,8,10
SZ,002387,2017-01-03 09:37:42,17.3600,2,24304.0000,14,S,17.3600,17.3500,17.3400,17.3300,17.3100,17.4000,17.4100,17.4200,17.4500,17.4900,8,147,5,86,102,8,58,8,10,64
SZ,002387,2017-01-03 09:37:45,17.4000,1,10440.0000,6,B,17.3600,17.3500,17.3400,17.3300,17.3100,17.4000,17.4100,17.4200,17.4500,17.4900,40,147,7,86,104,2,44,8,10,64
SZ,002387,2017-01-03 09:37:48,17.3800,1,1738.0000,1,S,17.3800,17.3600,17.3500,17.3400,17.3300,17.4000,17.4100,17.4200,17.4500,17.4900,29,40,147,9,86,2,44,8,10,64
SZ,002387,2017-01-03 09:37:57,17.3800,3,8690.0000,5,S,17.3800,17.3700,17.3600,17.3500,17.3400,17.4000,17.4100,17.4200,17.4500,17.4900,24,2,84,147,9,2,44,8,10,64
SZ,002387,2017-01-03 09:38:03,17.3900,1,17390.0000,10,S,17.3900,17.3800,17.3700,17.3600,17.3500,17.4000,17.4100,17.4200,17.4500,17.4900,10,24,2,86,152,2,44,8,10,64
SZ,002387,2017-01-03 09:38:06,17.3800,3,26080.0000,15,S,17.3800,17.3700,17.3600,17.3500,17.3400,17.4000,17.4100,17.4200,17.4500,17.4900,19,2,86,152,9,2,44,8,10,64
SZ,002387,2017-01-03 09:38:09,17.4000,2,6958.0000,4,B,17.4000,17.3800,17.3700,17.3600,17.3500,17.4100,17.4200,17.4500,17.4900,17.5000,4,19,2,86,152,44,8,10,64,124
SZ,002387,2017-01-03 09:38:12,17.3800,3,8698.0000,5,S,17.3800,17.3700,17.3600,17.3500,17.3400,17.4100,17.4200,17.4500,17.4900,17.5000,18,2,86,152,9,47,8,10,64,124
SZ,002387,2017-01-03 09:38:39,17.3800,2,19120.0000,11,S,17.3700,17.3600,17.3500,17.3400,17.3300,17.3800,17.4100,17.4200,17.4500,17.4900,11,96,152,8,77,147,47,8,28,64
SZ,002387,2017-01-03 09:38:48,17.3700,2,6948.0000,4,S,17.3700,17.3600,17.3500,17.3400,17.3300,17.3800,17.4100,17.4200,17.4500,17.4900,9,96,172,8,77,151,47,8,28,64
SZ,002387,2017-01-03 09:38:51,17.3700,1,3474.0000,2,S,17.3700,17.3600,17.3500,17.3400,17.3300,17.3800,17.4100,17.4200,17.4500,17.4900,7,96,172,8,77,151,47,8,91,64
SZ,002387,2017-01-03 09:38:54,17.3700,2,12159.0000,7,S,17.3600,17.3500,17.3400,17.3300,17.3200,17.3700,17.3800,17.4100,17.4200,17.4500,96,172,8,77,3,5,151,47,8,91
SZ,002387,2017-01-03 09:39:00,17.3600,4,86800.0000,50,S,17.3600,17.3500,17.3400,17.3300,17.3200,17.3700,17.3800,17.4100,17.4200,17.4500,46,190,8,77,3,15,151,47,8,91
SZ,002387,2017-01-03 09:39:03,17.3700,3,13895.0000,8,B,17.3600,17.3500,17.3400,17.3300,17.3200,17.3700,17.3800,17.4100,17.4200,17.4500,45,190,8,77,3,8,151,47,8,91
SZ,002387,2017-01-03 09:39:09,17.3500,9,190895.0000,110,S,17.3500,17.3400,17.3300,17.3200,17.3100,17.3700,17.3800,17.4100,17.4200,17.4500,125,8,77,3,106,8,150,47,8,91
SZ,002387,2017-01-03 09:39:12,17.3600,2,5208.0000,3,B,17.3500,17.3400,17.3300,17.3200,17.3100,17.3600,17.3700,17.3800,17.4100,17.4200,105,12,77,3,106,7,8,150,47,8
SZ,002387,2017-01-03 09:39:15,17.3500,1,8675.0000,5,S,17.3500,17.3400,17.3300,17.3200,17.3100,17.3600,17.3700,17.3800,17.4000,17.4100,100,12,77,3,106,7,8,150,13,47
SZ,002387,2017-01-03 09:39:21,17.3500,1,15615.0000,9,S,17.3500,17.3400,17.3300,17.3200,17.3100,17.3600,17.3700,17.3800,17.4000,17.4100,91,12,77,3,106,7,8,150,13,47
SZ,002387,2017-01-03 09:39:30,17.3600,2,36442.0000,21,B,17.3500,17.3400,17.3300,17.3200,17.3100,17.3700,17.3800,17.4000,17.4100,17.4500,77,12,77,3,106,17,150,13,47,28
SZ,002387,2017-01-03 09:39:33,17.3600,2,5208.0000,3,B,17.3500,17.3400,17.3300,17.3200,17.3100,17.3700,17.3800,17.4000,17.4100,17.4500,77,12,77,3,106,17,150,13,47,28
SZ,002387,2017-01-03 09:39:48,17.3600,3,13888.0000,8,S,17.3600,17.3500,17.3400,17.3300,17.3200,17.3700,17.3800,17.4000,17.4100,17.4500,2,188,12,77,9,72,150,13,47,28
SZ,002387,2017-01-03 09:39:51,17.3600,2,5208.0000,3,S,17.3600,17.3500,17.3400,17.3300,17.3200,17.3700,17.3800,17.4000,17.4100,17.4500,2,188,12,77,9,72,150,13,47,28
SZ,002387,2017-01-03 09:40:00,17.3600,1,3472.0000,2,S,17.3600,17.3500,17.3400,17.3300,17.3200,17.3700,17.3800,17.4000,17.4100,17.4500,17,188,17,77,9,74,154,13,47,28
SZ,002387,2017-01-03 09:40:03,17.3600,1,6944.0000,4,S,17.3600,17.3500,17.3400,17.3300,17.3200,17.3700,17.3800,17.4000,17.4100,17.4500,13,198,17,77,9,74,154,13,47,28
SZ,002387,2017-01-03 09:40:06,17.3700,2,78165.0000,45,B,17.3600,17.3500,17.3400,17.3300,17.3200,17.3700,17.3800,17.4000,17.4100,17.4500,13,203,17,77,9,29,154,13,47,28
SZ,002387,2017-01-03 09:40:09,17.3700,1,12159.0000,7,B,17.3600,17.3500,17.3400,17.3300,17.3200,17.3700,17.3800,17.4000,17.4100,17.4500,110,203,17,77,9,22,154,13,47,28
SZ,002387,2017-01-03 09:40:12,17.3600,1,5208.0000,3,S,17.3600,17.3500,17.3400,17.3300,17.3200,17.3700,17.3800,17.4000,17.4100,17.4500,227,203,17,77,9,20,154,13,47,28
SZ,002387,2017-01-03 09:40:18,17.3700,1,17370.0000,10,B,17.3600,17.3500,17.3400,17.3300,17.3200,17.3700,17.3800,17.4000,17.4100,17.4500,227,203,17,77,9,10,154,13,47,28
SZ,002387,2017-01-03 09:40:21,17.3700,1,17370.0000,10,B,17.3700,17.3600,17.3500,17.3400,17.3300,17.3800,17.4000,17.4100,17.4500,17.4900,45,227,203,17,77,154,13,47,28,83
SZ,002387,2017-01-03 09:40:27,17.3800,3,267652.0000,154,B,17.3800,17.3700,17.3600,17.3500,17.3400,17.4000,17.4100,17.4500,17.4900,17.5000,91,45,232,203,17,13,47,28,83,50
SZ,002387,2017-01-03 09:40:30,17.3800,2,26096.0000,15,S,17.3800,17.3700,17.3600,17.3500,17.3400,17.4100,17.4500,17.4900,17.5000,17.5200,89,45,232,236,17,47,28,83,50,27
SZ,002387,2017-01-03 09:40:33,17.4100,2,33076.0000,19,B,17.4000,17.3800,17.3700,17.3600,17.3500,17.4100,17.4500,17.4900,17.5000,17.5200,50,88,45,232,236,29,28,83,50,27
SZ,002387,2017-01-03 09:40:36,17.4100,2,50489.0000,29,B,17.4000,17.3800,17.3700,17.3600,17.3500,17.4500,17.4900,17.5000,17.5200,17.5300,50,88,45,232,236,28,83,50,27,15
SZ,002387,2017-01-03 09:40:42,17.4500,1,17450.0000,10,B,17.3800,17.3700,17.3600,17.3500,17.3400,17.4500,17.4900,17.5000,17.5200,17.5300,88,45,232,236,17,18,83,50,27,15
SZ,002387,2017-01-03 09:41:00,17.4100,1,6964.0000,4,S,17.3800,17.3700,17.3600,17.3500,17.3400,17.4100,17.4500,17.4900,17.5000,17.5200,93,55,232,238,17,5,18,93,50,27
SZ,002387,2017-01-03 09:41:15,17.4100,3,27846.0000,16,S,17.4100,17.3900,17.3800,17.3700,17.3600,17.4500,17.4900,17.5000,17.5200,17.5300,5,10,98,55,232,18,93,50,27,18
SZ,002387,2017-01-03 09:41:24,17.4100,3,17410.0000,10,S,17.4100,17.3900,17.3800,17.3700,17.3600,17.4500,17.4900,17.5200,17.5300,17.5400,5,10,98,136,232,18,93,27,18,95
SZ,002387,2017-01-03 09:41:33,17.4100,3,15669.0000,9,S,17.4100,17.3900,17.3800,17.3700,17.3600,17.4500,17.4900,17.5000,17.5200,17.5300,12,11,98,136,232,18,93,12,27,18
SZ,002387,2017-01-03 09:41:42,17.4500,1,17450.0000,10,B,17.4100,17.3900,17.3800,17.3700,17.3600,17.4500,17.4900,17.5000,17.5200,17.5300,26,11,98,131,232,18,93,12,27,18
SZ,002387,2017-01-03 09:41:51,17.4500,1,8725.0000,5,B,17.4200,17.4100,17.3900,17.3800,17.3700,17.4500,17.4900,17.5000,17.5200,17.5300,9,26,11,98,131,13,93,12,27,18
SZ,002387,2017-01-03 09:42:00,17.4500,2,8725.0000,5,B,17.4200,17.4100,17.3900,17.3800,17.3700,17.4500,17.4900,17.5000,17.5200,17.5300,27,37,11,98,131,12,93,14,27,18
SZ,002387,2017-01-03 09:42:03,17.4200,1,1742.0000,1,S,17.4200,17.4100,17.3900,17.3800,17.3700,17.4500,17.4900,17.5000,17.5200,17.5300,26,37,11,88,131,12,93,14,27,18
SZ,002387,2017-01-03 09:42:09,17.4500,2,17450.0000,10,B,17.4200,17.4100,17.3900,17.3800,17.3700,17.4500,17.4800,17.4900,17.5000,17.5200,26,37,11,88,133,5,1,102,14,27
SZ,002387,2017-01-03 09:42:24,17.4200,2,45292.0000,26,S,17.4100,17.4000,17.3900,17.3800,17.3700,17.4200,17.4300,17.4500,17.4800,17.4900,23,5,1,88,133,99,30,5,1,102
SZ,002387,2017-01-03 09:42:30,17.4200,1,24388.0000,14,B,17.4100,17.4000,17.3900,17.3800,17.3700,17.4200,17.4300,17.4500,17.4800,17.4900,23,22,1,88,133,85,30,5,1,102
SZ,002387,2017-01-03 09:42:48,17.4100,1,1741.0000,1,S,17.4100,17.4000,17.3900,17.3800,17.3700,17.4200,17.4500,17.4800,17.4900,17.5000,22,42,9,88,133,86,12,1,102,14
SZ,002387,2017-01-03 09:42:51,17.4100,2,38302.0000,22,S,17.4000,17.3900,17.3800,17.3700,17.3600,17.4100,17.4200,17.4500,17.4800,17.4900,42,9,88,133,115,9,86,12,1,102
SZ,002387,2017-01-03 09:43:12,17.4100,2,3481.0000,2,B,17.4000,17.3900,17.3800,17.3700,17.3600,17.4100,17.4200,17.4500,17.4800,17.4900,55,9,88,133,18,15,85,12,5,102
SZ,002387,2017-01-03 09:43:21,17.4100,3,26115.0000,15,B,17.4100,17.4000,17.3900,17.3800,17.3700,17.4200,17.4500,17.4800,17.4900,17.5000,85,55,9,88,133,93,12,5,102,16
SZ,002387,2017-01-03 09:43:24,17.4100,3,10450.0000,6,S,17.4100,17.4000,17.3900,17.3800,17.3700,17.4200,17.4500,17.4800,17.4900,17.5000,83,55,9,88,127,89,12,5,102,16
SZ,002387,2017-01-03 09:43:33,17.4200,2,19161.0000,11,B,17.4100,17.4000,17.3900,17.3800,17.3700,17.4200,17.4500,17.4800,17.4900,17.5000,93,55,9,93,127,79,12,5,102,16
SZ,002387,2017-01-03 09:43:48,17.4200,2,137618.0000,79,B,17.4200,17.4100,17.4000,17.3900,17.3800,17.4500,17.4800,17.4900,17.5000,17.5200,31,84,60,9,93,12,5,102,16,27
SZ,002387,2017-01-03 09:44:06,17.4500,4,22685.0000,13,B,17.4500,17.4300,17.4200,17.4100,17.4000,17.4800,17.4900,17.5000,17.5200,17.5300,10,9,55,87,60,5,102,16,27,18
SZ,002387,2017-01-03 09:44:15,17.4500,1,17450.0000,10,S,17.4300,17.4200,17.4100,17.4000,17.3900,17.4500,17.4800,17.4900,17.5000,17.5200,9,55,87,60,9,390,5,102,16,27
SZ,002387,2017-01-03 09:44:27,17.4500,1,5235.0000,3,B,17.4300,17.4200,17.4100,17.4000,17.3900,17.4500,17.4800,17.4900,17.5000,17.5200,9,55,87,60,9,394,5,102,16,27
SZ,002387,2017-01-03 09:44:33,17.4500,2,174488.0000,100,B,17.4300,17.4200,17.4100,17.4000,17.3900,17.4500,17.4800,17.4900,17.5000,17.5200,9,55,87,60,9,306,5,102,16,27
SZ,002387,2017-01-03 09:44:36,17.4300,1,15687.0000,9,S,17.4200,17.4100,17.4000,17.3900,17.3800,17.4300,17.4500,17.4800,17.4900,17.5000,55,87,60,9,93,93,306,5,102,16
SZ,002387,2017-01-03 09:45:06,17.4200,2,36587.0000,21,S,17.4200,17.4100,17.4000,17.3900,17.3800,17.4300,17.4500,17.4800,17.4900,17.5000,41,95,60,9,143,89,7,5,102,16
SZ,002387,2017-01-03 09:45:09,17.4200,2,26130.0000,15,S,17.4200,17.4100,17.4000,17.3900,17.3800,17.4300,17.4500,17.4800,17.4900,17.5000,26,95,60,9,55,89,7,5,102,16
SZ,002387,2017-01-03 09:45:12,17.4300,1,87150.0000,50,B,17.4200,17.4100,17.4000,17.3900,17.3800,17.4300,17.4500,17.4800,17.4900,17.5000,26,95,60,9,55,39,87,5,102,16
SZ,002387,2017-01-03 09:45:27,17.4200,6,108041.0000,62,S,17.4200,17.4100,17.4000,17.3900,17.3800,17.4300,17.4500,17.4800,17.4900,17.5000,1,95,60,19,55,10,97,5,102,16
SZ,002387,2017-01-03 09:45:33,17.4300,4,34860.0000,20,B,17.4200,17.4100,17.4000,17.3900,17.3800,17.4300,17.4500,17.4800,17.4900,17.5000,1,93,60,19,55,97,97,5,102,16
SZ,002387,2017-01-03 09:45:36,17.4300,3,176026.0000,101,B,17.4100,17.4000,17.3900,17.3800,17.3700,17.4300,17.4500,17.4800,17.4900,17.5000,93,60,19,55,52,13,97,5,102,16
SZ,002387,2017-01-03 09:45:57,17.4200,1,1742.0000,1,B,17.4100,17.4000,17.3900,17.3800,17.3700,17.4200,17.4300,17.4500,17.4800,17.4900,98,62,19,55,52,64,19,97,5,102
SZ,002387,2017-01-03 09:46:00,17.4100,1,6964.0000,4,S,17.4100,17.4000,17.3900,17.3800,17.3700,17.4200,17.4300,17.4500,17.4800,17.4900,94,62,19,55,52,64,19,97,5,102
SZ,002387,2017-01-03 09:46:09,17.4200,1,3484.0000,2,B,17.4100,17.4000,17.3900,17.3800,17.3700,17.4200,17.4300,17.4500,17.4800,17.4900,94,62,11,55,52,62,19,97,5,102
SZ,002387,2017-01-03 09:46:12,17.4100,2,19151.0000,11,S,17.4100,17.4000,17.3900,17.3800,17.3700,17.4200,17.4300,17.4500,17.4800,17.4900,83,62,11,55,52,62,19,97,5,102
SZ,002387,2017-01-03 09:46:15,17.4100,4,144503.0000,83,S,17.4000,17.3900,17.3800,17.3700,17.3600,17.4100,17.4200,17.4300,17.4500,17.4800,62,11,55,52,18,128,62,19,97,5
SZ,002387,2017-01-03 09:46:18,17.4100,3,26110.0000,15,B,17.4000,17.3900,17.3800,17.3700,17.3600,17.4100,17.4200,17.4300,17.4500,17.4800,57,11,55,52,18,118,62,19,97,5
SZ,002387,2017-01-03 09:46:42,17.4100,1,141021.0000,81,B,17.4000,17.3900,17.3800,17.3700,17.3600,17.4100,17.4300,17.4500,17.4800,17.4900,68,20,75,52,28,116,19,12,5,102
SZ,002387,2017-01-03 09:46:45,17.4100,5,219338.0000,126,B,17.4000,17.3900,17.3800,17.3700,17.3600,17.4100,17.4300,17.4500,17.4800,17.4900,40,20,75,52,28,18,19,12,5,102
SZ,002387,2017-01-03 09:46:51,17.4100,7,12186.0000,7,B,17.4000,17.3900,17.3800,17.3700,17.3600,17.4100,17.4300,17.4500,17.4800,17.4900,39,45,75,52,28,12,19,12,5,102
SZ,002387,2017-01-03 09:46:54,17.4000,10,73082.0000,42,S,17.3900,17.3800,17.3700,17.3600,17.3500,17.4000,17.4100,17.4300,17.4500,17.4800,45,75,52,28,141,20,10,19,12,5
SZ,002387,2017-01-03 09:46:57,17.4000,1,3480.0000,2,B,17.3900,17.3800,17.3700,17.3600,17.3500,17.4000,17.4100,17.4300,17.4500,17.4800,45,75,52,28,141,18,10,19,12,5
SZ,002387,2017-01-03 09:47:00,17.4000,1,1740.0000,1,B,17.3900,17.3800,17.3700,17.3600,17.3500,17.4000,17.4100,17.4300,17.4500,17.4800,45,75,52,28,141,17,10,19,47,5
SZ,002387,2017-01-03 09:47:03,17.4000,10,50435.0000,29,B,17.3900,17.3800,17.3700,17.3600,17.3500,17.4000,17.4100,17.4300,17.4500,17.4800,20,75,52,28,141,13,10,19,47,5
SZ,002387,2017-01-03 09:47:06,17.4000,5,17394.0000,10,B,17.3900,17.3800,17.3700,17.3600,17.3500,17.4000,17.4100,17.4300,17.4500,17.4800,14,75,52,28,141,9,10,19,47,31
SZ,002387,2017-01-03 09:47:09,17.4000,3,10440.0000,6,B,17.3900,17.3800,17.3700,17.3600,17.3500,17.4000,17.4100,17.4300,17.4500,17.4800,14,75,52,28,141,3,10,19,47,31
SZ,002387,2017-01-03 09:47:12,17.4000,2,8700.0000,5,B,17.4000,17.3900,17.3800,17.3700,17.3600,17.4100,17.4300,17.4500,17.4800,17.4900,16,14,70,52,28,10,19,47,31,102
SZ,002387,2017-01-03 09:47:21,17.4000,1,17400.0000,10,S,17.4000,17.3900,17.3800,17.3700,17.3600,17.4100,17.4300,17.4500,17.4800,17.4900,5,14,70,52,28,10,19,57,31,102
SZ,002387,2017-01-03 09:47:42,17.4100,1,5223.0000,3,B,17.4000,17.3900,17.3800,17.3700,17.3600,17.4100,17.4300,17.4500,17.4800,17.4900,30,14,70,52,28,10,19,57,31,102
SZ,002387,2017-01-03 09:47:45,17.4000,3,15660.0000,9,S,17.4000,17.3900,17.3800,17.3700,17.3600,17.4100,17.4300,17.4500,17.4800,17.4900,21,14,70,52,28,7,19,57,31,102
SZ,002387,2017-01-03 09:47:51,17.4000,4,36540.0000,21,S,17.3900,17.3800,17.3700,17.3600,17.3500,17.4000,17.4100,17.4300,17.4500,17.4800,14,70,52,28,145,80,7,19,57,31
SZ,002387,2017-01-03 09:47:57,17.4000,1,17400.0000,10,B,17.3900,17.3800,17.3700,17.3600,17.3500,17.4000,17.4100,17.4300,17.4500,17.4800,14,70,52,28,145,70,10,19,57,31
SZ,002387,2017-01-03 09:48:00,17.3900,1,24346.0000,14,S,17.3800,17.3700,17.3600,17.3500,17.3400,17.3900,17.4000,17.4100,17.4300,17.4500,70,52,28,145,40,29,70,10,19,26
SZ,002387,2017-01-03 09:48:12,17.3800,3,34760.0000,20,S,17.3800,17.3700,17.3600,17.3500,17.3400,17.3900,17.4000,17.4100,17.4200,17.4300,50,52,28,145,40,29,70,7,3,19
SZ,002387,2017-01-03 09:48:15,17.3800,1,6952.0000,4,S,17.3800,17.3700,17.3600,17.3500,17.3400,17.3900,17.4000,17.4100,17.4200,17.4300,46,52,28,145,40,29,70,7,3,19
SZ,002387,2017-01-03 09:48:18,17.3800,2,45213.0000,26,S,17.3800,17.3700,17.3600,17.3500,17.3400,17.3900,17.4000,17.4100,17.4200,17.4300,45,52,28,145,40,4,70,7,3,19
SZ,002387,2017-01-03 09:48:21,17.3800,1,1738.0000,1,S,17.3800,17.3700,17.3600,17.3500,17.3400,17.3900,17.4000,17.4100,17.4200,17.4300,44,72,28,145,40,4,70,7,3,19
SZ,002387,2017-01-03 09:48:24,17.3800,3,99162.0000,57,S,17.3800,17.3700,17.3600,17.3500,17.3400,17.4000,17.4100,17.4200,17.4300,17.4500,37,72,30,145,40,24,7,3,19,26
SZ,002387,2017-01-03 09:48:30,17.3900,1,10434.0000,6,B,17.3900,17.3800,17.3700,17.3600,17.3500,17.4000,17.4100,17.4200,17.4300,17.4500,3,38,72,30,135,24,7,3,19,26
SZ,002387,2017-01-03 09:48:33,17.3900,1,1739.0000,1,S,17.3900,17.3800,17.3700,17.3600,17.3500,17.4000,17.4100,17.4200,17.4300,17.4500,2,41,72,30,135,274,7,3,19,26
SZ,002387,2017-01-03 09:48:48,17.3900,2,5217.0000,3,S,17.3900,17.3800,17.3700,17.3600,17.3500,17.4000,17.4100,17.4200,17.4300,17.4500,4,42,72,50,128,274,7,3,19,26
SZ,002387,2017-01-03 09:49:00,17.4000,12,191480.0000,110,B,17.3800,17.3700,17.3600,17.3500,17.3400,17.3900,17.4000,17.4100,17.4200,17.4300,20,17,50,128,40,31,270,7,3,19
SZ,002387,2017-01-03 09:49:03,17.3800,1,12166.0000,7,S,17.3800,17.3700,17.3600,17.3500,17.3400,17.3900,17.4000,17.4100,17.4200,17.4300,13,17,50,128,45,31,270,7,3,19
SZ,002387,2017-01-03 09:49:12,17.3800,10,60838.0000,35,S,17.3700,17.3600,17.3500,17.3400,17.3300,17.3900,17.4000,17.4100,17.4200,17.4300,37,50,128,45,20,24,270,7,3,19
SZ,002387,2017-01-03 09:49:15,17.3900,7,15651.0000,9,B,17.3700,17.3600,17.3500,17.3400,17.3300,17.3900,17.4000,17.4100,17.4200,17.4300,37,50,128,45,20,15,270,7,3,19
SZ,002387,2017-01-03 09:49:18,17.3700,5,27798.0000,16,S,17.3700,17.3600,17.3500,17.3400,17.3300,17.3900,17.4000,17.4100,17.4200,17.4300,24,50,128,45,20,12,270,7,3,19
SZ,002387,2017-01-03 09:49:21,17.3900,4,8695.0000,5,B,17.3700,17.3600,17.3500,17.3400,17.3300,17.3900,17.4000,17.4100,17.4200,17.4300,24,79,128,45,20,7,270,7,3,19
SZ,002387,2017-01-03 09:49:24,17.3700,4,8689.0000,5,S,17.3700,17.3600,17.3500,17.3400,17.3300,17.3900,17.4000,17.4100,17.4200,17.4300,21,81,128,45,20,5,270,7,3,19
SZ,002387,2017-01-03 09:49:30,17.3500,11,201384.0000,116,S,17.3500,17.3400,17.3300,17.3200,17.3100,17.3900,17.4000,17.4100,17.4200,17.4300,114,45,20,16,116,5,270,7,3,19
SZ,002387,2017-01-03 09:49:33,17.4000,4,173995.0000,100,B,17.3500,17.3400,17.3300,17.3200,17.3100,17.4000,17.4100,17.4200,17.4300,17.4500,114,45,20,16,116,175,7,3,19,26
SZ,002387,2017-01-03 09:49:36,17.4000,1,19140.0000,11,B,17.3700,17.3500,17.3400,17.3300,17.3200,17.4000,17.4100,17.4200,17.4300,17.4500,1,114,45,20,16,164,7,3,19,26
SZ,002387,2017-01-03 09:49:51,17.4000,1,29580.0000,17,B,17.3700,17.3500,17.3400,17.3300,17.3200,17.4000,17.4100,17.4200,17.4300,17.4500,1,114,45,20,16,150,7,3,19,26
SZ,002387,2017-01-03 09:49:57,17.3900,2,26096.0000,15,S,17.3700,17.3500,17.3400,17.3300,17.3200,17.4000,17.4100,17.4200,17.4300,17.4500,1,114,45,20,16,248,7,3,19,26
SZ,002387,2017-01-03 09:50:00,17.4000,5,283620.0000,163,B,17.3800,17.3700,17.3500,17.3400,17.3300,17.4000,17.4100,17.4200,17.4300,17.4500,8,1,114,45,20,95,7,3,19,26
SZ,002387,2017-01-03 09:50:06,17.4000,1,26100.0000,15,B,17.3800,17.3700,17.3500,17.3400,17.3300,17.4000,17.4100,17.4200,17.4300,17.4500,8,1,114,45,20,80,7,3,19,26
SZ,002387,2017-01-03 09:50:09,17.4000,1,19140.0000,11,B,17.3800,17.3700,17.3500,17.3400,17.3300,17.4000,17.4100,17.4200,17.4300,17.4500,8,1,114,45,20,69,7,3,19,26
SZ,002387,2017-01-03 09:50:12,17.3800,1,13904.0000,8,S,17.3700,17.3500,17.3400,17.3300,17.3200,17.3800,17.4000,17.4100,17.4200,17.4300,1,114,45,20,16,3,69,7,3,19
SZ,002387,2017-01-03 09:50:15,17.4000,4,41711.0000,24,B,17.3600,17.3500,17.3400,17.3300,17.3200,17.4000,17.4100,17.4200,17.4300,17.4500,14,106,45,20,16,57,7,3,19,26
SZ,002387,2017-01-03 09:50:27,17.3700,1,15633.0000,9,B,17.3800,17.3700,17.3600,17.3500,17.3400,17.4000,17.4100,17.4200,17.4300,17.4500,1,13,34,108,45,88,7,3,19,26
SZ,002387,2017-01-03 09:50:30,17.4000,7,100763.0000,58,B,17.3700,17.3600,17.3500,17.3400,17.3300,17.4000,17.4100,17.4200,17.4300,17.4500,8,5,112,45,20,73,7,3,19,26
SZ,002387,2017-01-03 09:50:39,17.3700,1,1737.0000,1,S,17.3700,17.3600,17.3500,17.3400,17.3300,17.4000,17.4100,17.4200,17.4300,17.4500,14,35,113,45,20,73,7,3,19,26
SZ,002387,2017-01-03 09:50:54,17.3700,2,10427.0000,6,S,17.3700,17.3600,17.3500,17.3400,17.3300,17.4000,17.4100,17.4200,17.4300,17.4500,13,35,113,45,20,73,7,3,19,26
SZ,002387,2017-01-03 09:51:12,17.3700,4,50373.0000,29,S,17.3600,17.3500,17.3400,17.3300,17.3200,17.3700,17.3800,17.4000,17.4100,17.4300,45,113,45,20,16,43,43,73,7,19
SZ,002387,2017-01-03 09:51:15,17.3700,1,12159.0000,7,B,17.3600,17.3500,17.3400,17.3300,17.3200,17.3700,17.3800,17.4000,17.4100,17.4300,45,113,45,20,16,37,43,73,7,19
SZ,002387,2017-01-03 09:51:18,17.3600,6,81594.0000,47,S,17.3500,17.3400,17.3300,17.3200,17.3100,17.3600,17.3700,17.3800,17.4000,17.4100,113,45,20,16,116,26,43,43,73,7
SZ,002387,2017-01-03 09:51:21,17.3600,1,12152.0000,7,B,17.3500,17.3400,17.3300,17.3200,17.3100,17.3600,17.3700,17.3800,17.4000,17.4100,113,45,20,16,116,19,42,43,73,7
SZ,002387,2017-01-03 09:51:30,17.3500,1,6940.0000,4,S,17.3500,17.3400,17.3300,17.3200,17.3100,17.3600,17.3700,17.3800,17.4000,17.4100,109,45,20,16,116,20,42,43,73,7
SZ,002387,2017-01-03 09:51:36,17.3500,2,24290.0000,14,S,17.3500,17.3400,17.3300,17.3200,17.3100,17.3600,17.3700,17.3800,17.4000,17.4100,95,45,20,16,116,20,42,43,73,7
SZ,002387,2017-01-03 09:51:39,17.3600,2,17355.0000,10,B,17.3500,17.3400,17.3300,17.3200,17.3100,17.3600,17.3700,17.3800,17.4000,17.4100,90,45,20,16,116,15,42,43,53,7
SZ,002387,2017-01-03 09:51:48,17.3600,3,15621.0000,9,B,17.3500,17.3400,17.3300,17.3200,17.3100,17.3600,17.3700,17.3800,17.4000,17.4100,87,45,20,16,116,9,42,43,53,7
SZ,002387,2017-01-03 09:51:51,17.3600,2,15624.0000,9,B,17.3600,17.3500,17.3400,17.3300,17.3200,17.3700,17.3800,17.4000,17.4100,17.4300,2,87,55,20,16,42,43,53,7,19
SZ,002387,2017-01-03 09:51:54,17.3500,2,5207.0000,3,S,17.3500,17.3400,17.3300,17.3200,17.3100,17.3700,17.3800,17.4000,17.4100,17.4300,86,55,20,16,116,42,43,53,7,19
SZ,002387,2017-01-03 09:51:57,17.3600,15,225600.0000,130,B,17.3500,17.3400,17.3300,17.3200,17.3100,17.3600,17.3700,17.3800,17.4000,17.4300,6,55,20,16,116,5,42,43,53,19
SZ,002387,2017-01-03 09:52:00,17.3600,1,8680.0000,5,B,17.3600,17.3500,17.3400,17.3300,17.3200,17.3700,17.3800,17.4000,17.4300,17.4500,5,6,55,20,16,42,43,53,19,26
SZ,002387,2017-01-03 09:52:03,17.3500,6,53810.0000,31,S,17.3500,17.3400,17.3300,17.3200,17.3100,17.3700,17.3800,17.4000,17.4300,17.4500,0,55,20,16,116,42,43,53,19,26
SZ,002387,2017-01-03 09:52:06,17.3600,1,8680.0000,5,B,17.3500,17.3400,17.3300,17.3200,17.3100,17.3600,17.3700,17.3800,17.4000,17.4300,0,56,20,16,116,2,34,43,53,19
SZ,002387,2017-01-03 09:52:12,17.3600,2,5208.0000,3,B,17.3600,17.3500,17.3400,17.3300,17.3200,17.3700,17.3800,17.4000,17.4300,17.4500,31,5,56,20,16,34,43,53,19,26
SZ,002387,2017-01-03 09:52:27,17.3700,2,31264.0000,18,B,17.3600,17.3500,17.3400,17.3300,17.3200,17.3700,17.3800,17.4000,17.4300,17.4500,34,211,56,20,10,18,43,53,19,26
SZ,002387,2017-01-03 09:52:30,17.3600,1,13888.0000,8,S,17.3600,17.3500,17.3400,17.3300,17.3200,17.3700,17.3800,17.4000,17.4300,17.4500,26,211,56,20,10,18,43,53,19,26
SZ,002387,2017-01-03 09:52:33,17.3600,1,3472.0000,2,S,17.3600,17.3500,17.3400,17.3300,17.3200,17.3800,17.4000,17.4300,17.4500,17.4600,24,211,58,20,10,43,53,19,26,4
SZ,002387,2017-01-03 09:52:42,17.3800,1,34760.0000,20,B,17.3700,17.3600,17.3500,17.3400,17.3300,17.3800,17.4000,17.4300,17.4500,17.4600,57,84,211,58,20,23,53,19,26,4
SZ,002387,2017-01-03 09:52:48,17.3800,1,8690.0000,5,B,17.3700,17.3600,17.3500,17.3400,17.3300,17.3800,17.4000,17.4300,17.4500,17.4600,57,84,211,58,20,18,53,19,26,4
SZ,002387,2017-01-03 09:52:54,17.3800,1,22594.0000,13,B,17.3700,17.3600,17.3500,17.3400,17.3300,17.3800,17.4000,17.4300,17.4500,17.4600,57,84,211,58,20,5,53,19,26,4
SZ,002387,2017-01-03 09:52:57,17.3800,1,3476.0000,2,B,17.3700,17.3600,17.3500,17.3400,17.3300,17.3800,17.4000,17.4300,17.4500,17.4600,107,84,211,58,20,8,53,19,26,4
SZ,002387,2017-01-03 09:53:00,17.3800,2,6952.0000,4,B,17.3700,17.3600,17.3500,17.3400,17.3300,17.3800,17.4000,17.4300,17.4500,17.4600,107,91,211,58,20,4,53,19,26,4
SZ,002387,2017-01-03 09:53:03,17.3800,2,6952.0000,4,B,17.3800,17.3700,17.3600,17.3500,17.3400,17.4000,17.4300,17.4500,17.4600,17.4800,24,107,72,211,58,53,19,26,4,31
SZ,002387,2017-01-03 09:53:12,17.4000,1,8700.0000,5,B,17.3800,17.3700,17.3600,17.3500,17.3400,17.4000,17.4300,17.4500,17.4600,17.4800,25,50,67,211,58,48,19,26,4,31
SZ,002387,2017-01-03 09:53:15,17.4000,1,20880.0000,12,B,17.3800,17.3700,17.3600,17.3500,17.3400,17.4000,17.4300,17.4500,17.4600,17.4800,25,50,67,211,58,36,19,26,4,31
SZ,002387,2017-01-03 09:53:21,17.3800,2,20876.0000,12,S,17.3800,17.3700,17.3600,17.3500,17.3400,17.4000,17.4300,17.4500,17.4600,17.4800,55,50,67,211,58,26,19,26,4,31
SZ,002387,2017-01-03 09:53:24,17.4000,3,33060.0000,19,B,17.3800,17.3700,17.3600,17.3500,17.3400,17.4000,17.4300,17.4500,17.4600,17.4800,112,53,67,211,58,7,19,26,4,31
SZ,002387,2017-01-03 09:53:30,17.3800,2,8696.0000,5,S,17.3800,17.3700,17.3600,17.3500,17.3400,17.4000,17.4300,17.4500,17.4600,17.4800,110,53,67,211,58,4,19,26,4,31
SZ,002387,2017-01-03 09:53:36,17.4000,1,6960.0000,4,B,17.4000,17.3800,17.3700,17.3600,17.3500,17.4200,17.4300,17.4500,17.4600,17.4800,15,103,53,67,211,3,19,26,4,31
SZ,002387,2017-01-03 09:53:42,17.4000,1,8700.0000,5,S,17.4000,17.3800,17.3700,17.3600,17.3500,17.4300,17.4500,17.4600,17.4800,17.4900,28,101,53,67,213,19,26,4,31,52
SZ,002387,2017-01-03 09:53:51,17.4300,2,33117.0000,19,B,17.4300,17.4000,17.3800,17.3700,17.3600,17.4500,17.4600,17.4800,17.4900,17.5000,38,35,103,53,67,26,4,31,52,37
SZ,002387,2017-01-03 09:54:00,17.4500,1,1745.0000,1,B,17.4300,17.4000,17.3800,17.3700,17.3600,17.4500,17.4600,17.4800,17.4900,17.5000,38,40,103,53,67,25,7,31,52,27
SZ,002387,2017-01-03 09:54:09,17.4300,1,15687.0000,9,S,17.4300,17.4000,17.3800,17.3700,17.3600,17.4500,17.4600,17.4800,17.4900,17.5000,76,40,86,53,73,25,7,31,52,27
SZ,002387,2017-01-03 09:54:18,17.4000,3,139428.0000,80,S,17.4000,17.3800,17.3700,17.3600,17.3500,17.4500,17.4600,17.4800,17.4900,17.5000,36,86,53,73,223,32,3,31,52,27
SZ,002387,2017-01-03 09:54:27,17.4300,1,6972.0000,4,B,17.4000,17.3800,17.3700,17.3600,17.3500,17.4300,17.4500,17.4800,17.4900,17.5000,36,103,53,83,223,11,32,41,52,27
SZ,002387,2017-01-03 09:54:54,17.4000,1,8700.0000,5,S,17.4000,17.3800,17.3700,17.3600,17.3500,17.4100,17.4200,17.4300,17.4500,17.4800,52,103,50,86,223,4,13,11,32,41
SZ,002387,2017-01-03 09:55:18,17.4000,1,20880.0000,12,S,17.4000,17.3800,17.3700,17.3600,17.3500,17.4100,17.4200,17.4300,17.4500,17.4800,130,119,50,168,224,4,53,11,25,61
SZ,002387,2017-01-03 09:55:27,17.4100,1,3482.0000,2,B,17.4000,17.3800,17.3700,17.3600,17.3500,17.4100,17.4200,17.4300,17.4500,17.4800,148,119,50,168,224,2,53,18,25,61
SZ,002387,2017-01-03 09:55:30,17.4100,1,3482.0000,2,B,17.4100,17.4000,17.3800,17.3700,17.3600,17.4200,17.4300,17.4500,17.4800,17.4900,98,148,119,50,168,53,18,25,61,52
SZ,002387,2017-01-03 09:55:51,17.4200,2,8707.0000,5,B,17.4100,17.4000,17.3800,17.3700,17.3600,17.4200,17.4300,17.4500,17.4800,17.4900,106,169,119,50,178,12,18,33,61,52
SZ,002387,2017-01-03 09:56:12,17.4300,4,29619.0000,17,B,17.4100,17.4000,17.3800,17.3700,17.3600,17.4300,17.4500,17.4800,17.4900,17.5000,103,169,119,50,188,13,33,61,52,48
SZ,002387,2017-01-03 09:56:21,17.4300,3,8713.0000,5,B,17.4100,17.4000,17.3800,17.3700,17.3600,17.4300,17.4500,17.4800,17.4900,17.5000,103,169,119,50,188,9,33,61,52,48
SZ,002387,2017-01-03 09:56:30,17.4300,1,1743.0000,1,B,17.4200,17.4100,17.4000,17.3800,17.3700,17.4300,17.4500,17.4800,17.4900,17.5000,18,103,169,119,50,8,33,61,52,48
SZ,002387,2017-01-03 09:56:39,17.4200,4,38332.0000,22,S,17.4200,17.4100,17.4000,17.3800,17.3700,17.4500,17.4800,17.4900,17.5000,17.5200,10,103,94,119,50,33,61,52,48,21
SZ,002387,2017-01-03 09:56:51,17.4200,3,36582.0000,21,S,17.4200,17.4100,17.4000,17.3800,17.3700,17.4300,17.4500,17.4800,17.4900,17.5000,69,103,94,89,50,10,50,61,52,48
SZ,002387,2017-01-03 09:56:57,17.4300,1,13944.0000,8,B,17.4200,17.4100,17.4000,17.3800,17.3700,17.4300,17.4500,17.4800,17.4900,17.5000,69,103,94,89,50,2,50,61,52,48
SZ,002387,2017-01-03 09:57:00,17.4300,1,3486.0000,2,B,17.4300,17.4200,17.4100,17.4000,17.3800,17.4500,17.4800,17.4900,17.5000,17.5200,21,69,103,94,89,50,61,52,48,21
SZ,002387,2017-01-03 09:57:03,17.4300,1,36603.0000,21,S,17.4200,17.4100,17.4000,17.3800,17.3700,17.4300,17.4500,17.4800,17.4900,17.5000,69,103,75,89,125,10,50,41,52,48
SZ,002387,2017-01-03 09:57:06,17.4200,1,120198.0000,69,S,17.4100,17.4000,17.3800,17.3700,17.3600,17.4200,17.4300,17.4500,17.4800,17.4900,103,75,89,125,188,15,10,50,41,52
SZ,002387,2017-01-03 09:57:36,17.4100,2,6965.0000,4,S,17.4100,17.4000,17.3800,17.3700,17.3600,17.4200,17.4300,17.4400,17.4500,17.4800,99,75,89,125,188,136,64,6,42,41
SZ,002387,2017-01-03 09:57:45,17.4100,1,104460.0000,60,S,17.4100,17.4000,17.3800,17.3700,17.3600,17.4200,17.4300,17.4400,17.4500,17.4800,39,75,89,125,181,136,85,6,42,41
SZ,002387,2017-01-03 09:57:48,17.4100,3,88803.0000,51,S,17.4000,17.3800,17.3700,17.3600,17.3500,17.4100,17.4200,17.4300,17.4400,17.4500,75,89,125,181,219,4,124,85,6,42
SZ,002387,2017-01-03 09:57:54,17.4000,11,130500.0000,75,S,17.3800,17.3700,17.3600,17.3500,17.3400,17.4100,17.4200,17.4300,17.4400,17.4500,93,125,181,219,51,105,129,85,6,42
SZ,002387,2017-01-03 09:58:00,17.3800,1,1738.0000,1,S,17.3800,17.3700,17.3600,17.3500,17.3400,17.4000,17.4100,17.4200,17.4300,17.4400,92,125,181,219,51,9,103,129,31,6
SZ,002387,2017-01-03 09:58:03,17.4100,6,43514.0000,25,B,17.3800,17.3700,17.3600,17.3500,17.3400,17.4100,17.4200,17.4300,17.4400,17.4500,92,125,181,219,51,39,129,31,6,42
SZ,002387,2017-01-03 09:58:06,17.3800,1,1738.0000,1,S,17.3800,17.3700,17.3600,17.3500,17.3400,17.4100,17.4200,17.4300,17.4400,17.4500,96,125,181,219,51,39,126,31,6,42
SZ,002387,2017-01-03 09:58:09,17.4100,1,8705.0000,5,B,17.3800,17.3700,17.3600,17.3500,17.3400,17.4100,17.4200,17.4300,17.4400,17.4500,96,125,181,219,51,34,126,31,6,42
SZ,002387,2017-01-03 09:58:15,17.4100,1,8705.0000,5,B,17.3800,17.3700,17.3600,17.3500,17.3400,17.4100,17.4200,17.4300,17.4400,17.4500,101,125,181,219,51,29,126,31,6,42
SZ,002387,2017-01-03 09:58:24,17.4000,3,12177.0000,7,B,17.4000,17.3900,17.3800,17.3700,17.3600,17.4100,17.4200,17.4300,17.4400,17.4500,3,32,101,125,211,28,126,31,6,42
SZ,002387,2017-01-03 09:58:30,17.3800,3,86938.0000,50,S,17.3800,17.3700,17.3600,17.3500,17.3400,17.4100,17.4200,17.4300,17.4400,17.4500,92,125,350,219,51,28,116,31,6,42
SZ,002387,2017-01-03 09:58:57,17.4100,1,6964.0000,4,B,17.3900,17.3800,17.3700,17.3600,17.3500,17.4100,17.4200,17.4300,17.4400,17.4500,3,92,135,268,244,24,115,10,6,42
SZ,002387,2017-01-03 09:59:09,17.3900,1,5217.0000,3,S,17.3900,17.3800,17.3700,17.3600,17.3500,17.4100,17.4200,17.4300,17.4400,17.4500,30,112,135,265,244,87,115,10,6,42
SZ,002387,2017-01-03 09:59:18,17.3900,1,6956.0000,4,S,17.3900,17.3800,17.3700,17.3600,17.3500,17.4100,17.4200,17.4300,17.4400,17.4500,27,117,135,265,244,96,115,10,6,42
SZ,002387,2017-01-03 09:59:54,17.4000,1,8700.0000,5,B,17.4000,17.3900,17.3800,17.3700,17.3600,17.4100,17.4200,17.4300,17.4400,17.4500,1,27,121,135,269,96,115,10,6,42
SZ,002387,2017-01-03 09:59:57,17.3700,20,514330.0000,296,S,17.3600,17.3500,17.3400,17.3300,17.3200,17.3700,17.4100,17.4200,17.4300,17.4400,269,244,51,12,10,117,96,115,10,6
SZ,002387,2017-01-03 10:00:00,17.3700,1,3474.0000,2,B,17.3600,17.3500,17.3400,17.3300,17.3200,17.3700,17.4100,17.4200,17.4300,17.4400,269,244,51,12,10,115,96,115,10,6
SZ,002387,2017-01-03 10:00:03,17.3700,1,8685.0000,5,B,17.3600,17.3500,17.3400,17.3300,17.3200,17.3700,17.4100,17.4200,17.4300,17.4400,269,244,51,12,10,110,96,115,10,6
SZ,002387,2017-01-03 10:00:09,17.3600,3,72912.0000,42,S,17.3600,17.3500,17.3400,17.3300,17.3200,17.3700,17.4100,17.4200,17.4300,17.4400,227,244,51,12,10,110,96,115,10,6
SZ,002387,2017-01-03 10:00:12,17.3600,1,1736.0000,1,S,17.3600,17.3500,17.3400,17.3300,17.3200,17.3700,17.4100,17.4200,17.4300,17.4400,226,244,51,11,10,110,96,115,10,6
SZ,002387,2017-01-03 10:00:15,17.3700,1,34740.0000,20,B,17.3600,17.3500,17.3400,17.3300,17.3200,17.3700,17.4100,17.4200,17.4300,17.4400,226,244,51,11,10,90,96,115,10,6
SZ,002387,2017-01-03 10:00:18,17.3700,1,19107.0000,11,B,17.3600,17.3500,17.3400,17.3300,17.3200,17.3700,17.4100,17.4200,17.4300,17.4400,226,244,51,11,10,79,96,106,10,6
SZ,002387,2017-01-03 10:00:30,17.3700,1,8685.0000,5,B,17.3600,17.3500,17.3400,17.3300,17.3200,17.3700,17.4100,17.4200,17.4300,17.4400,232,247,51,11,15,74,12,117,10,6
SZ,002387,2017-01-03 10:00:33,17.3700,1,34740.0000,20,B,17.3600,17.3500,17.3400,17.3300,17.3200,17.3700,17.4100,17.4200,17.4300,17.4400,232,247,51,11,15,54,12,117,10,6
SZ,002387,2017-01-03 10:00:36,17.3700,1,8685.0000,5,B,17.3600,17.3500,17.3400,17.3300,17.3200,17.3700,17.4100,17.4200,17.4300,17.4400,232,247,51,11,15,50,12,117,10,6
SZ,002387,2017-01-03 10:00:42,17.3600,1,1736.0000,1,S,17.3600,17.3500,17.3400,17.3300,17.3200,17.3700,17.4100,17.4200,17.4300,17.4400,236,247,51,11,15,50,243,117,10,6
SZ,002387,2017-01-03 10:00:45,17.3700,2,53847.0000,31,B,17.3600,17.3500,17.3400,17.3300,17.3200,17.3700,17.4100,17.4200,17.4300,17.4400,236,247,51,11,15,119,243,117,10,6
SZ,002387,2017-01-03 10:00:48,17.3600,2,5208.0000,3,S,17.3600,17.3500,17.3400,17.3300,17.3200,17.3700,17.4100,17.4200,17.4300,17.4400,233,247,51,11,15,119,243,117,10,6
SZ,002387,2017-01-03 10:00:51,17.3500,21,834421.0000,481,S,17.3400,17.3300,17.3200,17.3100,17.3000,17.3500,17.3700,17.4100,17.4200,17.4300,51,11,15,169,220,79,119,243,117,10
SZ,002387,2017-01-03 10:00:57,17.3500,1,10410.0000,6,B,17.3400,17.3300,17.3200,17.3100,17.3000,17.3500,17.3700,17.4100,17.4200,17.4300,51,11,15,169,220,73,119,243,117,10
SZ,002387,2017-01-03 10:01:00,17.3500,1,17350.0000,10,B,17.3400,17.3300,17.3200,17.3100,17.3000,17.3500,17.3600,17.3700,17.4100,17.4200,51,11,15,169,220,63,6,119,243,117
SZ,002387,2017-01-03 10:01:06,17.3500,1,69400.0000,40,B,17.3400,17.3300,17.3200,17.3100,17.3000,17.3500,17.3600,17.3700,17.4100,17.4200,51,11,15,169,220,23,6,119,243,117
SZ,002387,2017-01-03 10:01:21,17.3500,4,43720.0000,25,B,17.3500,17.3400,17.3300,17.3200,17.3100,17.3700,17.4100,17.4200,17.4300,17.4400,65,49,11,20,169,118,243,126,10,6
SZ,002387,2017-01-03 10:01:33,17.3500,1,32965.0000,19,S,17.3500,17.3400,17.3300,17.3200,17.3100,17.3700,17.4000,17.4100,17.4200,17.4300,70,49,12,20,169,118,8,253,126,10
SZ,002387,2017-01-03 10:01:45,17.3500,2,12145.0000,7,S,17.3500,17.3400,17.3300,17.3200,17.3100,17.3700,17.4000,17.4100,17.4200,17.4300,74,49,12,20,159,118,8,253,126,10
SZ,002387,2017-01-03 10:01:57,17.3500,1,43375.0000,25,S,17.3500,17.3400,17.3300,17.3200,17.3100,17.3700,17.4000,17.4100,17.4200,17.4300,49,64,12,20,152,118,8,259,126,10
SZ,002387,2017-01-03 10:02:00,17.3700,1,6948.0000,4,B,17.3500,17.3400,17.3300,17.3200,17.3100,17.3700,17.4000,17.4100,17.4200,17.4300,55,64,12,20,152,114,8,259,126,10
SZ,002387,2017-01-03 10:02:03,17.3500,1,3470.0000,2,S,17.3500,17.3400,17.3300,17.3200,17.3100,17.3700,17.4000,17.4100,17.4200,17.4300,87,64,12,20,152,114,8,259,126,10
SZ,002387,2017-01-03 10:02:09,17.3500,11,133595.0000,77,S,17.3500,17.3400,17.3300,17.3200,17.3100,17.3700,17.4000,17.4100,17.4200,17.4300,13,72,12,27,152,114,8,259,126,10
SZ,002387,2017-01-03 10:02:15,17.3500,5,56908.0000,33,S,17.3400,17.3300,17.3200,17.3100,17.3000,17.3500,17.3700,17.4000,17.4100,17.4200,74,12,27,152,239,21,114,8,259,126
SZ,002387,2017-01-03 10:02:18,17.3400,2,39903.0000,23,S,17.3400,17.3300,17.3200,17.3100,17.3000,17.3500,17.3700,17.4000,17.4100,17.4200,72,12,27,152,239,40,114,8,259,126
SZ,002387,2017-01-03 10:02:21,17.3500,2,52050.0000,30,B,17.3400,17.3300,17.3200,17.3100,17.3000,17.3500,17.3700,17.4000,17.4100,17.4200,72,12,27,150,239,10,114,8,259,126
SZ,002387,2017-01-03 10:02:24,17.3500,2,1735.0000,1,B,17.3400,17.3300,17.3200,17.3100,17.3000,17.3500,17.3700,17.4000,17.4100,17.4200,72,12,27,150,239,9,114,8,259,126
SZ,002387,2017-01-03 10:02:36,17.3500,7,71095.0000,41,B,17.3400,17.3300,17.3200,17.3100,17.3000,17.3500,17.3700,17.4000,17.4100,17.4200,37,32,27,150,239,64,114,10,250,126
SZ,002387,2017-01-03 10:02:42,17.3500,2,26025.0000,15,B,17.3400,17.3300,17.3200,17.3100,17.3000,17.3500,17.3700,17.4000,17.4100,17.4200,37,32,27,150,239,49,114,10,250,126
SZ,002387,2017-01-03 10:02:48,17.3400,4,15606.0000,9,S,17.3400,17.3300,17.3200,17.3100,17.3000,17.3700,17.4000,17.4100,17.4200,17.4300,28,32,91,150,239,114,10,250,115,10
SZ,002387,2017-01-03 10:02:51,17.3400,1,3468.0000,2,S,17.3400,17.3300,17.3200,17.3100,17.3000,17.3700,17.4000,17.4100,17.4200,17.4300,26,32,91,150,239,114,10,250,115,10
SZ,002387,2017-01-03 10:03:00,17.3400,3,20808.0000,12,S,17.3400,17.3300,17.3200,17.3100,17.3000,17.3500,17.3700,17.4000,17.4100,17.4200,14,32,91,150,239,5,114,10,250,115
SZ,002387,2017-01-03 10:03:06,17.3400,4,29478.0000,17,S,17.3300,17.3200,17.3100,17.3000,17.2900,17.3400,17.3500,17.3600,17.3700,17.4000,32,91,150,239,3,40,5,6,114,10
SZ,002387,2017-01-03 10:03:21,17.3400,1,1734.0000,1,B,17.3300,17.3200,17.3100,17.3000,17.2900,17.3400,17.3500,17.3600,17.3700,17.4000,32,91,150,229,3,39,13,6,114,10
SZ,002387,2017-01-03 10:03:24,17.3300,1,10398.0000,6,S,17.3300,17.3200,17.3100,17.3000,17.2900,17.3400,17.3500,17.3600,17.3700,17.4000,26,91,150,229,3,47,13,6,114,10
SZ,002387,2017-01-03 10:03:27,17.3400,2,15606.0000,9,B,17.3300,17.3200,17.3100,17.3000,17.2900,17.3400,17.3500,17.3600,17.3700,17.4000,26,91,150,229,2,48,13,6,114,10
SZ,002387,2017-01-03 10:03:30,17.3300,1,1733.0000,1,S,17.3300,17.3200,17.3100,17.3000,17.2900,17.3400,17.3500,17.3600,17.3700,17.4000,25,91,150,229,2,48,13,6,114,10
SZ,002387,2017-01-03 10:03:36,17.3400,1,17340.0000,10,B,17.3300,17.3200,17.3100,17.3000,17.2900,17.3400,17.3500,17.3600,17.3700,17.4000,25,91,150,229,2,73,13,6,114,10
SZ,002387,2017-01-03 10:03:39,17.3300,5,43325.0000,25,S,17.3200,17.3100,17.3000,17.2900,17.2800,17.3300,17.3400,17.3500,17.3600,17.3700,91,150,227,2,49,62,73,13,6,114
SZ,002387,2017-01-03 10:03:45,17.3500,8,260053.0000,150,B,17.3200,17.3100,17.3000,17.2900,17.2800,17.3400,17.3600,17.3700,17.4000,17.4100,91,150,227,2,49,24,6,114,10,261
SZ,002387,2017-01-03 10:03:51,17.3300,2,48524.0000,28,S,17.3300,17.3200,17.3100,17.3000,17.2900,17.3400,17.3600,17.3700,17.4000,17.4100,34,91,150,227,2,24,6,114,10,261
SZ,002387,2017-01-03 10:03:57,17.3300,1,43325.0000,25,S,17.3300,17.3200,17.3100,17.3000,17.2900,17.3400,17.3600,17.3700,17.4000,17.4100,15,91,150,237,2,24,6,114,10,261
SZ,002387,2017-01-03 10:04:03,17.3300,1,6932.0000,4,S,17.3300,17.3200,17.3100,17.3000,17.2900,17.3400,17.3600,17.3700,17.4000,17.4100,25,91,150,238,2,24,6,14,10,261
SZ,002387,2017-01-03 10:04:06,17.3400,1,1734.0000,1,B,17.3300,17.3200,17.3100,17.3000,17.2900,17.3400,17.3600,17.3700,17.4000,17.4100,25,91,150,238,2,23,6,14,10,261
SZ,002387,2017-01-03 10:04:09,17.3400,2,43348.0000,25,B,17.3400,17.3300,17.3200,17.3100,17.3000,17.3600,17.3700,17.4000,17.4100,17.4200,35,23,91,150,238,6,14,10,261,82
SZ,002387,2017-01-03 10:04:12,17.3400,1,8670.0000,5,S,17.3400,17.3300,17.3200,17.3100,17.3000,17.3600,17.3700,17.4000,17.4100,17.4200,30,23,91,150,236,6,14,10,30,82
SZ,002387,2017-01-03 10:04:21,17.3600,1,10416.0000,6,B,17.3600,17.3500,17.3400,17.3300,17.3200,17.3700,17.4000,17.4100,17.4200,17.4300,15,1,32,23,99,14,10,30,82,10
SZ,002387,2017-01-03 10:04:24,17.3400,3,52051.0000,30,S,17.3400,17.3300,17.3200,17.3100,17.3000,17.3700,17.4000,17.4100,17.4200,17.4300,20,23,99,150,248,14,10,30,82,10
SZ,002387,2017-01-03 10:04:30,17.3400,2,15613.0000,9,S,17.3500,17.3400,17.3300,17.3200,17.3100,17.3700,17.4000,17.4100,17.4200,17.4300,87,18,23,99,150,114,10,30,82,10
SZ,002387,2017-01-03 10:05:09,17.3500,1,34700.0000,20,S,17.3500,17.3400,17.3300,17.3200,17.3100,17.3600,17.3700,17.4000,17.4100,17.4200,90,103,23,104,150,263,114,10,30,82
SZ,002387,2017-01-03 10:05:15,17.3600,2,510353.0000,294,B,17.3600,17.3500,17.3400,17.3300,17.3200,17.3700,17.4000,17.4100,17.4200,17.4300,185,59,103,16,104,114,10,30,82,10
SZ,002387,2017-01-03 10:05:18,17.3600,1,8680.0000,5,S,17.3600,17.3500,17.3400,17.3300,17.3200,17.3700,17.4000,17.4100,17.4200,17.4300,180,59,103,16,104,114,10,30,82,10
SZ,002387,2017-01-03 10:05:27,17.3700,1,12159.0000,7,B,17.3600,17.3500,17.3400,17.3300,17.3200,17.3700,17.4000,17.4100,17.4200,17.4300,180,59,42,16,104,107,10,30,82,10
SZ,002387,2017-01-03 10:05:39,17.3700,2,33003.0000,19,B,17.3600,17.3500,17.3400,17.3300,17.3200,17.3700,17.4000,17.4100,17.4200,17.4300,182,59,37,16,104,88,10,30,82,10
SZ,002387,2017-01-03 10:05:51,17.3700,1,17370.0000,10,B,17.3600,17.3500,17.3400,17.3300,17.3200,17.3700,17.4000,17.4100,17.4200,17.4300,202,59,37,16,104,78,10,30,82,10
SZ,002387,2017-01-03 10:05:54,17.3700,1,8685.0000,5,B,17.3600,17.3500,17.3400,17.3300,17.3200,17.3700,17.4000,17.4100,17.4200,17.4300,202,59,37,16,104,78,10,30,82,10
SZ,002387,2017-01-03 10:06:03,17.3700,1,24318.0000,14,B,17.3600,17.3500,17.3400,17.3300,17.3200,17.3700,17.4000,17.4100,17.4200,17.4300,202,59,37,16,104,113,10,30,82,10
SZ,002387,2017-01-03 10:06:15,17.3700,1,10422.0000,6,B,17.3600,17.3500,17.3400,17.3300,17.3200,17.3700,17.4000,17.4100,17.4200,17.4300,202,59,37,16,104,107,10,30,82,10
SZ,002387,2017-01-03 10:06:18,17.3600,1,10416.0000,6,S,17.3600,17.3500,17.3400,17.3300,17.3200,17.3700,17.4000,17.4100,17.4200,17.4300,196,59,37,16,104,107,10,30,82,10
SZ,002387,2017-01-03 10:06:24,17.3600,2,6944.0000,4,S,17.3600,17.3500,17.3400,17.3300,17.3200,17.3700,17.4000,17.4100,17.4200,17.4300,192,59,37,16,104,107,10,30,82,10
SZ,002387,2017-01-03 10:06:27,17.3700,1,33003.0000,19,B,17.3600,17.3500,17.3400,17.3300,17.3200,17.3700,17.4000,17.4100,17.4200,17.4300,192,59,37,16,104,88,10,30,80,10
SZ,002387,2017-01-03 10:06:30,17.3700,1,1737.0000,1,B,17.3600,17.3500,17.3400,17.3300,17.3200,17.3700,17.4000,17.4100,17.4200,17.4300,192,59,37,16,104,87,11,30,80,10
SZ,002387,2017-01-03 10:06:39,17.3700,1,6948.0000,4,B,17.3600,17.3500,17.3400,17.3300,17.3200,17.3700,17.4000,17.4100,17.4200,17.4300,192,59,37,16,99,83,11,30,80,10
SZ,002387,2017-01-03 10:06:42,17.3600,1,5208.0000,3,S,17.3600,17.3500,17.3400,17.3300,17.3200,17.3700,17.4000,17.4100,17.4200,17.4300,189,60,37,16,99,83,11,30,80,10
SZ,002387,2017-01-03 10:06:48,17.3600,1,3472.0000,2,S,17.3600,17.3500,17.3400,17.3300,17.3200,17.3700,17.3800,17.4000,17.4100,17.4200,187,62,37,19,99,83,3,11,30,80
SZ,002387,2017-01-03 10:07:00,17.3600,1,1736.0000,1,S,17.3600,17.3500,17.3400,17.3300,17.3200,17.3700,17.3800,17.4000,17.4100,17.4200,186,62,37,19,99,83,3,11,30,73
SZ,002387,2017-01-03 10:07:06,17.3700,1,45162.0000,26,B,17.3600,17.3500,17.3400,17.3300,17.3200,17.3700,17.3800,17.4000,17.4100,17.4200,197,70,37,19,99,57,3,11,30,73
SZ,002387,2017-01-03 10:07:12,17.3600,4,114587.0000,66,S,17.3600,17.3500,17.3400,17.3300,17.3200,17.3700,17.3800,17.4000,17.4100,17.4200,142,71,37,19,99,46,3,11,30,73
SZ,002387,2017-01-03 10:07:24,17.3700,1,19107.0000,11,B,17.3600,17.3500,17.3400,17.3300,17.3200,17.3700,17.3800,17.4000,17.4100,17.4200,147,71,37,19,99,35,3,16,30,73
SZ,002387,2017-01-03 10:07:30,17.3600,1,1736.0000,1,S,17.3600,17.3500,17.3400,17.3300,17.3200,17.3700,17.3800,17.4000,17.4100,17.4200,146,71,37,19,99,35,3,16,30,75
SZ,002387,2017-01-03 10:07:36,17.3600,2,39928.0000,23,S,17.3600,17.3500,17.3400,17.3300,17.3200,17.3700,17.3800,17.4000,17.4100,17.4200,126,71,37,19,99,35,3,16,30,75
SZ,002387,2017-01-03 10:07:39,17.3600,1,15624.0000,9,S,17.3600,17.3500,17.3400,17.3300,17.3200,17.3700,17.3800,17.4000,17.4100,17.4200,117,71,37,19,99,35,3,16,30,75
SZ,002387,2017-01-03 10:07:54,17.3700,1,5211.0000,3,B,17.3600,17.3500,17.3400,17.3300,17.3200,17.3800,17.4000,17.4100,17.4200,17.4300,117,63,37,19,107,3,16,30,75,35
SZ,002387,2017-01-03 10:07:57,17.3800,1,5214.0000,3,B,17.3800,17.3700,17.3600,17.3500,17.3400,17.4000,17.4100,17.4200,17.4300,17.4400,1,20,117,63,37,16,30,75,35,5
SZ,002387,2017-01-03 10:08:03,17.3800,2,5214.0000,3,S,17.3700,17.3600,17.3500,17.3400,17.3300,17.3800,17.4000,17.4100,17.4200,17.4300,25,117,63,37,19,15,16,30,75,35
SZ,002387,2017-01-03 10:08:09,17.3700,1,1737.0000,1,S,17.3700,17.3600,17.3500,17.3400,17.3300,17.3800,17.4000,17.4100,17.4200,17.4300,24,125,63,37,19,15,16,30,75,35
SZ,002387,2017-01-03 10:08:15,17.4000,6,55650.0000,32,B,17.4000,17.3700,17.3600,17.3500,17.3400,17.4100,17.4200,17.4300,17.4400,17.4500,218,24,123,63,37,30,75,35,5,51
SZ,002387,2017-01-03 10:08:24,17.4100,2,8702.0000,5,B,17.4000,17.3700,17.3600,17.3500,17.3400,17.4100,17.4200,17.4300,17.4400,17.4500,215,24,134,64,37,28,75,35,5,51
SZ,002387,2017-01-03 10:08:30,17.4100,4,31338.0000,18,B,17.4000,17.3700,17.3600,17.3500,17.3400,17.4100,17.4200,17.4300,17.4400,17.4500,215,24,134,64,37,10,75,35,5,51
SZ,002387,2017-01-03 10:08:33,17.4100,1,17410.0000,10,B,17.4100,17.4000,17.3700,17.3600,17.3500,17.4200,17.4300,17.4400,17.4500,17.4700,6,215,24,134,64,75,35,5,51,7
SZ,002387,2017-01-03 10:08:36,17.4200,1,5226.0000,3,B,17.4100,17.4000,17.3700,17.3600,17.3500,17.4200,17.4300,17.4400,17.4500,17.4700,6,215,24,134,64,72,35,5,51,7
SZ,002387,2017-01-03 10:09:00,17.4200,2,106262.0000,61,B,17.4100,17.4000,17.3700,17.3600,17.3500,17.4200,17.4300,17.4400,17.4500,17.4700,12,215,5,123,28,12,35,5,49,7
SZ,002387,2017-01-03 10:09:12,17.4200,2,19162.0000,11,B,17.4100,17.4000,17.3700,17.3600,17.3500,17.4200,17.4300,17.4400,17.4500,17.4700,17,215,6,86,28,4,35,5,49,7
SZ,002387,2017-01-03 10:09:15,17.4200,2,6968.0000,4,B,17.4200,17.4100,17.4000,17.3700,17.3600,17.4300,17.4400,17.4500,17.4700,17.4800,13,17,215,6,86,35,5,49,7,40
SZ,002387,2017-01-03 10:09:27,17.4300,5,108029.0000,62,B,17.4100,17.4000,17.3700,17.3600,17.3500,17.4300,17.4400,17.4500,17.4700,17.4800,11,215,6,86,38,10,5,49,7,40
SZ,002387,2017-01-03 10:09:33,17.4300,1,5229.0000,3,B,17.4100,17.4000,17.3700,17.3600,17.3500,17.4300,17.4400,17.4500,17.4700,17.4800,11,215,6,86,38,7,5,49,7,40
SZ,002387,2017-01-03 10:09:42,17.4100,1,10446.0000,6,S,17.4100,17.4000,17.3700,17.3600,17.3500,17.4300,17.4400,17.4500,17.4700,17.4800,5,215,6,86,34,7,5,49,7,40
SZ,002387,2017-01-03 10:09:51,17.4300,1,12201.0000,7,B,17.4300,17.4100,17.4000,17.3700,17.3600,17.4400,17.4500,17.4700,17.4800,17.4900,10,5,215,6,86,5,49,7,40,107
SZ,002387,2017-01-03 10:09:57,17.4300,1,17430.0000,10,S,17.4100,17.4000,17.3700,17.3600,17.3500,17.4300,17.4400,17.4500,17.4700,17.4800,5,215,6,86,34,2,5,49,7,40
SZ,002387,2017-01-03 10:10:06,17.4500,10,87241.0000,50,B,17.4100,17.4000,17.3700,17.3600,17.3500,17.4500,17.4800,17.4900,17.5000,17.5200,12,215,6,93,34,6,40,107,97,24
SZ,002387,2017-01-03 10:10:48,17.4300,1,6972.0000,4,S,17.4200,17.4100,17.4000,17.3700,17.3600,17.4300,17.4400,17.4500,17.4800,17.4900,5,35,215,11,95,1,7,25,40,107
SZ,002387,2017-01-03 10:11:00,17.4300,1,1743.0000,1,B,17.4200,17.4100,17.4000,17.3700,17.3600,17.4400,17.4500,17.4600,17.4700,17.4800,5,12,215,11,95,12,33,2,3,51
SZ,002387,2017-01-03 10:11:27,17.4400,3,17440.0000,10,B,17.4300,17.4200,17.4100,17.4000,17.3700,17.4400,17.4500,17.4600,17.4700,17.4800,15,10,12,215,11,2,88,4,3,51
SZ,002387,2017-01-03 10:11:33,17.4400,3,31375.0000,18,B,17.4200,17.4100,17.4000,17.3700,17.3600,17.4400,17.4500,17.4600,17.4700,17.4800,10,12,215,11,95,1,88,4,3,51
SZ,002387,2017-01-03 10:11:36,17.4400,1,1744.0000,1,B,17.4400,17.4200,17.4100,17.4000,17.3700,17.4500,17.4600,17.4700,17.4800,17.4900,6,10,12,215,11,86,4,3,51,107
SZ,002387,2017-01-03 10:11:39,17.4400,1,10464.0000,6,S,17.4200,17.4100,17.4000,17.3700,17.3600,17.4400,17.4500,17.4600,17.4700,17.4800,10,12,215,11,95,49,86,4,3,51
SZ,002387,2017-01-03 10:11:48,17.4400,1,1744.0000,1,B,17.4300,17.4200,17.4100,17.4000,17.3700,17.4400,17.4500,17.4600,17.4700,17.4800,4,10,12,215,11,48,86,5,3,51
SZ,002387,2017-01-03 10:11:54,17.4300,1,6972.0000,4,S,17.4200,17.4100,17.4000,17.3700,17.3600,17.4300,17.4400,17.4500,17.4600,17.4700,10,12,215,11,95,20,80,86,5,3
SZ,002387,2017-01-03 10:12:12,17.4200,1,3484.0000,2,S,17.4200,17.4100,17.4000,17.3700,17.3600,17.4300,17.4400,17.4500,17.4600,17.4700,8,21,215,11,95,66,80,94,5,3
SZ,002387,2017-01-03 10:12:21,17.4200,1,1742.0000,1,S,17.4200,17.4100,17.4000,17.3700,17.3600,17.4300,17.4400,17.4500,17.4600,17.4700,20,21,215,11,95,66,80,94,5,3
SZ,002387,2017-01-03 10:12:27,17.4200,3,12198.0000,7,S,17.4200,17.4100,17.4000,17.3700,17.3600,17.4300,17.4400,17.4500,17.4600,17.4700,17,21,215,11,95,62,80,94,5,3
SZ,002387,2017-01-03 10:12:33,17.4200,2,29614.0000,17,S,17.4100,17.4000,17.3700,17.3600,17.3500,17.4200,17.4300,17.4400,17.4500,17.4600,21,215,11,95,34,45,62,80,94,5
SZ,002387,2017-01-03 10:12:36,17.4200,1,3484.0000,2,B,17.4100,17.4000,17.3700,17.3600,17.3500,17.4200,17.4300,17.4400,17.4500,17.4600,21,215,11,95,34,43,62,80,94,5
SZ,002387,2017-01-03 10:12:57,17.4100,3,36561.0000,21,S,17.4000,17.3700,17.3600,17.3500,17.3400,17.4100,17.4200,17.4300,17.4400,17.4500,215,11,95,34,35,23,62,46,80,89
SZ,002387,2017-01-03 10:13:24,17.3600,10,551183.0000,317,S,17.3500,17.3400,17.3300,17.3200,17.3100,17.3600,17.4100,17.4200,17.4300,17.4400,34,35,16,107,150,173,46,46,46,80
SZ,002387,2017-01-03 10:13:33,17.3600,2,13888.0000,8,B,17.3500,17.3400,17.3300,17.3200,17.3100,17.3600,17.4100,17.4200,17.4300,17.4400,34,34,16,107,150,165,46,46,46,80
SZ,002387,2017-01-03 10:13:36,17.3600,1,8680.0000,5,B,17.3500,17.3400,17.3300,17.3200,17.3100,17.3600,17.4100,17.4200,17.4300,17.4400,34,34,16,107,150,160,46,46,46,80
SZ,002387,2017-01-03 10:13:42,17.3500,3,27762.0000,16,S,17.3500,17.3400,17.3300,17.3200,17.3100,17.3600,17.4100,17.4200,17.4300,17.4400,20,34,16,107,150,158,46,46,46,80
SZ,002387,2017-01-03 10:14:09,17.3500,1,8675.0000,5,S,17.3500,17.3400,17.3300,17.3200,17.3100,17.3600,17.4100,17.4200,17.4300,17.4400,37,34,27,107,160,158,30,46,46,80
SZ,002387,2017-01-03 10:14:12,17.3500,8,64195.0000,37,S,17.3400,17.3300,17.3200,17.3100,17.3000,17.3500,17.3600,17.4100,17.4200,17.4300,34,27,107,160,282,126,158,30,46,46
SZ,002387,2017-01-03 10:14:21,17.3500,1,17350.0000,10,B,17.3400,17.3300,17.3200,17.3100,17.3000,17.3500,17.3600,17.4100,17.4200,17.4300,34,36,107,160,282,123,158,30,46,46
SZ,002387,2017-01-03 10:14:24,17.3400,3,34680.0000,20,S,17.3400,17.3300,17.3200,17.3100,17.3000,17.3500,17.3600,17.4100,17.4200,17.4300,14,36,107,160,282,123,158,30,46,46
SZ,002387,2017-01-03 10:14:33,17.3400,1,3468.0000,2,S,17.3400,17.3300,17.3200,17.3100,17.3000,17.3500,17.3600,17.4100,17.4200,17.4300,12,46,107,160,282,123,158,30,46,46
SZ,002387,2017-01-03 10:14:45,17.3500,1,34700.0000,20,B,17.3400,17.3300,17.3200,17.3100,17.3000,17.3500,17.3600,17.4100,17.4200,17.4300,84,42,107,162,303,103,158,30,46,46
SZ,002387,2017-01-03 10:14:48,17.3500,1,17350.0000,10,B,17.3400,17.3300,17.3200,17.3100,17.3000,17.3500,17.3600,17.4100,17.4200,17.4300,84,42,107,162,303,93,158,30,46,46
SZ,002387,2017-01-03 10:15:00,17.3500,1,8675.0000,5,B,17.3400,17.3300,17.3200,17.3100,17.3000,17.3500,17.3600,17.4100,17.4200,17.4300,94,42,113,157,302,88,158,30,46,46
SZ,002387,2017-01-03 10:15:03,17.3500,2,152680.0000,88,B,17.3400,17.3300,17.3200,17.3100,17.3000,17.3600,17.4100,17.4200,17.4300,17.4400,94,42,113,157,302,158,30,46,46,48
SZ,002387,2017-01-03 10:15:06,17.3400,7,173400.0000,100,S,17.3500,17.3300,17.3200,17.3100,17.3000,17.3600,17.4100,17.4200,17.4300,17.4400,2,42,113,157,304,158,30,43,46,48
SZ,002387,2017-01-03 10:15:09,17.3500,1,1735.0000,1,S,17.3500,17.3300,17.3200,17.3100,17.3000,17.3600,17.4100,17.4200,17.4300,17.4400,58,42,113,157,304,158,30,43,46,48
SZ,002387,2017-01-03 10:15:21,17.3600,2,208320.0000,120,B,17.3500,17.3400,17.3300,17.3200,17.3100,17.3600,17.4100,17.4200,17.4300,17.4400,115,20,62,113,157,38,30,43,46,48
SZ,002387,2017-01-03 10:15:33,17.3600,1,5208.0000,3,B,17.3500,17.3400,17.3300,17.3200,17.3100,17.3600,17.4100,17.4200,17.4300,17.4400,115,25,62,113,157,35,30,43,46,48
SZ,002387,2017-01-03 10:15:42,17.3600,1,20832.0000,12,B,17.3500,17.3400,17.3300,17.3200,17.3100,17.3600,17.4100,17.4200,17.4300,17.4400,115,25,62,117,157,23,30,43,46,48
SZ,002387,2017-01-03 10:15:54,17.3600,2,46872.0000,27,B,17.3600,17.3500,17.3400,17.3300,17.3200,17.4100,17.4200,17.4300,17.4400,17.4500,3,115,25,70,117,30,43,46,48,111
SZ,002387,2017-01-03 10:16:30,17.4100,5,85309.0000,49,B,17.3600,17.3500,17.3400,17.3300,17.3200,17.4200,17.4300,17.4400,17.4500,17.4600,21,115,25,70,109,43,46,48,128,3
SZ,002387,2017-01-03 10:16:42,17.4100,1,3482.0000,2,B,17.3600,17.3500,17.3400,17.3300,17.3200,17.4100,17.4200,17.4300,17.4400,17.4500,63,115,25,70,109,6,43,46,48,128
SZ,002387,2017-01-03 10:16:57,17.4100,1,6964.0000,4,B,17.3600,17.3500,17.3400,17.3300,17.3200,17.4100,17.4200,17.4300,17.4400,17.4500,57,115,25,70,105,24,43,46,48,128
SZ,002387,2017-01-03 10:17:00,17.3600,1,3472.0000,2,S,17.3600,17.3500,17.3400,17.3300,17.3200,17.4100,17.4200,17.4300,17.4400,17.4500,55,115,25,70,105,24,43,46,48,128
SZ,002387,2017-01-03 10:17:09,17.4100,4,31253.0000,18,B,17.3600,17.3500,17.3400,17.3300,17.3200,17.4100,17.4200,17.4300,17.4400,17.4500,54,115,25,70,105,104,43,46,48,128
SZ,002387,2017-01-03 10:17:33,17.4000,1,5220.0000,3,B,17.3600,17.3500,17.3400,17.3300,17.3200,17.4000,17.4100,17.4200,17.4300,17.4400,73,115,25,95,105,12,109,43,46,48
SZ,002387,2017-01-03 10:17:54,17.4000,1,5220.0000,3,B,17.3600,17.3500,17.3400,17.3300,17.3200,17.4000,17.4100,17.4200,17.4300,17.4400,74,119,25,95,105,16,112,43,46,48
SZ,002387,2017-01-03 10:17:57,17.4000,2,19140.0000,11,B,17.3600,17.3500,17.3400,17.3300,17.3200,17.4000,17.4100,17.4200,17.4300,17.4400,74,119,25,95,105,5,112,43,46,48
SZ,002387,2017-01-03 10:18:45,17.3800,1,105.0000,0,B,17.3800,17.3600,17.3500,17.3400,17.3300,17.4000,17.4100,17.4200,17.4300,17.4400,9,63,129,27,100,86,111,43,46,48
SZ,002387,2017-01-03 10:18:48,17.3800,1,5214.0000,3,S,17.3800,17.3600,17.3500,17.3400,17.3300,17.4000,17.4100,17.4200,17.4300,17.4400,6,63,129,27,100,89,111,43,66,48
SZ,002387,2017-01-03 10:18:54,17.3800,1,12061.0000,7,S,17.3600,17.3500,17.3400,17.3300,17.3200,17.3800,17.4000,17.4100,17.4200,17.4300,63,129,27,100,105,63,89,111,43,66
SZ,002387,2017-01-03 10:18:57,17.3800,1,8690.0000,5,B,17.3600,17.3500,17.3400,17.3300,17.3200,17.3800,17.4000,17.4100,17.4200,17.4300,63,129,27,100,105,58,89,111,43,66
SZ,002387,2017-01-03 10:19:00,17.3800,1,8690.0000,5,B,17.3600,17.3500,17.3400,17.3300,17.3200,17.3800,17.4000,17.4100,17.4200,17.4300,63,129,27,100,105,53,89,111,43,66
SZ,002387,2017-01-03 10:19:09,17.3800,1,92219.0000,53,B,17.3800,17.3600,17.3500,17.3400,17.3300,17.4000,17.4100,17.4200,17.4300,17.4400,8,63,130,27,95,89,106,43,66,48
SZ,002387,2017-01-03 10:19:15,17.3800,2,8690.0000,5,S,17.3800,17.3600,17.3500,17.3400,17.3300,17.3900,17.4000,17.4100,17.4200,17.4300,3,63,130,27,95,135,86,106,43,66
SZ,002387,2017-01-03 10:19:33,17.3800,4,22489.0000,13,S,17.3600,17.3500,17.3400,17.3300,17.3200,17.3800,17.3900,17.4000,17.4100,17.4200,48,130,27,95,105,1,145,86,106,43
SZ,002387,2017-01-03 10:19:36,17.3600,9,83328.0000,48,S,17.3500,17.3400,17.3300,17.3200,17.3100,17.3600,17.3800,17.3900,17.4000,17.4100,130,27,95,105,160,101,1,145,86,106
SZ,002387,2017-01-03 10:19:42,17.3600,3,19089.0000,11,B,17.3500,17.3400,17.3300,17.3200,17.3100,17.3600,17.3800,17.3900,17.4000,17.4100,123,27,95,105,160,97,1,145,86,106
SZ,002387,2017-01-03 10:20:06,17.3500,1,8675.0000,5,S,17.3500,17.3400,17.3300,17.3200,17.3100,17.3900,17.4000,17.4100,17.4200,17.4300,138,27,95,105,160,145,86,106,43,66
SZ,002387,2017-01-03 10:20:24,17.3500,3,168294.0000,97,S,17.3500,17.3400,17.3300,17.3200,17.3100,17.3800,17.3900,17.4000,17.4100,17.4200,43,27,95,105,160,11,145,86,106,43
SZ,002387,2017-01-03 10:20:30,17.3800,1,19120.0000,11,B,17.3500,17.3400,17.3300,17.3200,17.3100,17.3900,17.4000,17.4100,17.4200,17.4300,43,27,95,105,160,145,86,106,43,66
SZ,002387,2017-01-03 10:20:45,17.3800,2,12164.0000,7,S,17.3800,17.3500,17.3400,17.3300,17.3200,17.3900,17.4000,17.4100,17.4200,17.4300,4,53,28,97,105,150,86,106,43,66
SZ,002387,2017-01-03 10:20:51,17.3900,2,26086.0000,15,B,17.3600,17.3500,17.3400,17.3300,17.3200,17.3900,17.4000,17.4100,17.4200,17.4300,9,53,28,97,105,135,86,106,43,66
SZ,002387,2017-01-03 10:20:57,17.3900,1,43474.0000,25,B,17.3600,17.3500,17.3400,17.3300,17.3200,17.3900,17.4000,17.4100,17.4200,17.4300,9,53,28,104,105,110,86,106,43,66
SZ,002387,2017-01-03 10:21:18,17.3600,2,17360.0000,10,S,17.3600,17.3500,17.3400,17.3300,17.3200,17.3900,17.4000,17.4100,17.4200,17.4300,69,73,28,104,106,118,86,106,43,66
SZ,002387,2017-01-03 10:21:27,17.3800,1,6952.0000,4,B,17.3600,17.3500,17.3400,17.3300,17.3200,17.3800,17.3900,17.4000,17.4100,17.4200,69,73,28,124,106,14,118,86,106,43
SZ,002387,2017-01-03 10:21:30,17.3600,1,17360.0000,10,S,17.3600,17.3500,17.3400,17.3300,17.3200,17.3800,17.3900,17.4000,17.4100,17.4200,59,73,28,124,106,14,118,86,106,43
SZ,002387,2017-01-03 10:21:45,17.3600,1,1736.0000,1,S,17.3600,17.3500,17.3400,17.3300,17.3200,17.3800,17.3900,17.4000,17.4100,17.4200,61,73,28,174,116,24,118,86,106,43
SZ,002387,2017-01-03 10:21:51,17.3600,1,1736.0000,1,S,17.3600,17.3500,17.3400,17.3300,17.3200,17.3800,17.3900,17.4000,17.4100,17.4200,40,73,33,174,116,24,118,286,106,43
SZ,002387,2017-01-03 10:21:54,17.3800,1,5216.0000,3,B,17.3600,17.3500,17.3400,17.3300,17.3200,17.3800,17.3900,17.4000,17.4100,17.4200,46,73,33,174,116,21,118,286,106,43
SZ,002387,2017-01-03 10:22:45,17.3600,1,8680.0000,5,S,17.3600,17.3500,17.3400,17.3300,17.3200,17.3800,17.3900,17.4000,17.4100,17.4200,42,173,33,174,116,49,118,286,106,43
SZ,002387,2017-01-03 10:22:57,17.3800,1,1736.0000,1,B,17.3600,17.3500,17.3400,17.3300,17.3200,17.3800,17.3900,17.4000,17.4100,17.4200,42,173,33,174,116,38,118,286,106,43
SZ,002387,2017-01-03 10:23:33,17.3800,1,6952.0000,4,B,17.3700,17.3600,17.3500,17.3400,17.3300,17.3800,17.3900,17.4000,17.4100,17.4200,50,42,173,40,174,37,118,286,106,43
SZ,002387,2017-01-03 10:23:48,17.3800,1,6952.0000,4,B,17.3700,17.3600,17.3500,17.3400,17.3300,17.3800,17.3900,17.4000,17.4100,17.4200,50,42,173,40,174,33,118,286,106,43
SZ,002387,2017-01-03 10:23:57,17.3700,1,86852.0000,50,S,17.3600,17.3500,17.3400,17.3300,17.3200,17.3700,17.3800,17.3900,17.4000,17.4100,42,173,40,174,116,58,33,114,286,106
SZ,002387,2017-01-03 10:24:15,17.3700,1,17368.0000,10,B,17.3600,17.3500,17.3400,17.3300,17.3200,17.3700,17.3800,17.3900,17.4000,17.4100,42,183,40,174,116,48,33,114,286,106
SZ,002387,2017-01-03 10:24:36,17.3700,1,5212.0000,3,B,17.3600,17.3500,17.3400,17.3300,17.3200,17.3700,17.3800,17.3900,17.4000,17.4100,42,183,40,174,116,47,30,114,286,106
SZ,002387,2017-01-03 10:25:03,17.3700,2,20844.0000,12,B,17.3600,17.3500,17.3400,17.3300,17.3200,17.3700,17.3800,17.3900,17.4000,17.4100,42,183,40,174,116,35,24,114,286,103
SZ,002387,2017-01-03 10:25:18,17.3600,1,1736.0000,1,S,17.3600,17.3500,17.3400,17.3300,17.3200,17.3700,17.3800,17.3900,17.4000,17.4100,41,183,40,174,116,35,24,114,286,103
SZ,002387,2017-01-03 10:25:24,17.3600,1,43400.0000,25,S,17.3600,17.3500,17.3400,17.3300,17.3200,17.3700,17.3800,17.3900,17.4000,17.4100,140,183,20,174,116,35,74,114,286,103
SZ,002387,2017-01-03 10:25:30,17.3700,1,3474.0000,2,B,17.3600,17.3500,17.3400,17.3300,17.3200,17.3700,17.3800,17.3900,17.4000,17.4100,140,183,20,174,116,33,74,114,286,103
SZ,002387,2017-01-03 10:25:36,17.3600,5,59024.0000,34,S,17.3600,17.3500,17.3400,17.3300,17.3200,17.3700,17.3800,17.3900,17.4000,17.4100,106,183,20,174,116,33,74,114,286,103
SZ,002387,2017-01-03 10:25:39,17.3600,1,13888.0000,8,S,17.3600,17.3500,17.3400,17.3300,17.3200,17.3700,17.3800,17.3900,17.4000,17.4100,98,183,20,174,116,33,74,114,286,103
SZ,002387,2017-01-03 10:25:48,17.3700,1,17370.0000,10,B,17.3600,17.3500,17.3400,17.3300,17.3200,17.3700,17.3800,17.3900,17.4000,17.4100,101,183,23,174,116,23,74,114,286,103
SZ,002387,2017-01-03 10:25:57,17.3700,1,6948.0000,4,B,17.3600,17.3500,17.3400,17.3300,17.3200,17.3700,17.3800,17.3900,17.4000,17.4100,101,183,23,174,116,19,74,114,286,103
SZ,002387,2017-01-03 10:26:00,17.3600,1,15624.0000,9,S,17.3600,17.3500,17.3400,17.3300,17.3200,17.3700,17.3800,17.3900,17.4000,17.4100,92,183,23,174,116,19,74,114,286,103
SZ,002387,2017-01-03 10:26:09,17.3600,1,1840.0000,1,S,17.3600,17.3500,17.3400,17.3300,17.3200,17.3700,17.3800,17.3900,17.4000,17.4100,90,183,33,174,116,19,74,114,286,103
SZ,002387,2017-01-03 10:26:36,17.3600,1,3472.0000,2,S,17.3600,17.3500,17.3400,17.3300,17.3200,17.3700,17.3800,17.3900,17.4000,17.4100,98,183,43,179,116,19,74,114,286,103
SZ,002387,2017-01-03 10:26:39,17.3600,2,15624.0000,9,S,17.3600,17.3500,17.3400,17.3300,17.3200,17.3700,17.3800,17.3900,17.4000,17.4100,89,183,43,179,116,19,74,114,286,103
SZ,002387,2017-01-03 10:26:51,17.3600,1,1736.0000,1,S,17.3600,17.3500,17.3400,17.3300,17.3200,17.3700,17.3800,17.3900,17.4000,17.4100,88,183,43,179,116,19,74,114,286,103
SZ,002387,2017-01-03 10:27:00,17.3600,1,19096.0000,11,S,17.3600,17.3500,17.3400,17.3300,17.3200,17.3700,17.3800,17.3900,17.4000,17.4100,77,185,43,179,116,19,74,114,286,103
SZ,002387,2017-01-03 10:27:03,17.3700,1,19108.0000,11,B,17.3600,17.3500,17.3400,17.3300,17.3200,17.3700,17.3800,17.3900,17.4000,17.4100,77,185,43,179,116,8,74,114,286,103
SZ,002387,2017-01-03 10:27:06,17.3600,1,17360.0000,10,S,17.3600,17.3500,17.3400,17.3300,17.3200,17.3700,17.3800,17.3900,17.4000,17.4100,68,185,43,179,116,15,69,114,286,22
SZ,002387,2017-01-03 10:27:24,17.3700,5,36476.0000,21,B,17.3600,17.3500,17.3400,17.3300,17.3200,17.3700,17.3800,17.3900,17.4000,17.4100,69,185,43,179,116,76,69,110,286,22
SZ,002387,2017-01-03 10:27:33,17.3600,1,1736.0000,1,S,17.3600,17.3500,17.3400,17.3300,17.3200,17.3700,17.3800,17.3900,17.4000,17.4100,83,185,43,179,116,76,69,110,286,22
SZ,002387,2017-01-03 10:27:51,17.3600,1,5208.0000,3,S,17.3600,17.3500,17.3400,17.3300,17.3200,17.3700,17.3800,17.3900,17.4000,17.4100,86,185,43,179,116,76,69,110,286,22
SZ,002387,2017-01-03 10:27:57,17.3600,1,3472.0000,2,S,17.3600,17.3500,17.3400,17.3300,17.3200,17.3700,17.3800,17.3900,17.4000,17.4100,84,185,43,179,116,76,74,110,286,22
SZ,002387,2017-01-03 10:28:00,17.3700,1,1736.0000,1,B,17.3600,17.3500,17.3400,17.3300,17.3200,17.3700,17.3800,17.3900,17.4000,17.4100,84,185,43,179,116,75,74,110,286,22
SZ,002387,2017-01-03 10:28:06,17.3700,1,86850.0000,50,B,17.3600,17.3500,17.3400,17.3300,17.3200,17.3700,17.3800,17.3900,17.4000,17.4100,88,187,43,179,116,25,74,110,286,22
SZ,002387,2017-01-03 10:28:09,17.3600,1,3472.0000,2,S,17.3600,17.3500,17.3400,17.3300,17.3200,17.3700,17.3800,17.3900,17.4000,17.4100,86,187,43,179,116,25,74,110,286,22
SZ,002387,2017-01-03 10:28:12,17.3700,2,6946.0000,4,B,17.3600,17.3500,17.3400,17.3300,17.3200,17.3700,17.3800,17.3900,17.4000,17.4100,83,187,43,184,116,24,74,110,286,22
SZ,002387,2017-01-03 10:28:18,17.3700,1,17368.0000,10,B,17.3600,17.3500,17.3400,17.3300,17.3200,17.3700,17.3800,17.3900,17.4000,17.4100,84,187,43,184,116,14,69,110,286,22
SZ,002387,2017-01-03 10:28:30,17.3700,1,17372.0000,10,B,17.3600,17.3500,17.3400,17.3300,17.3200,17.3700,17.3800,17.3900,17.4000,17.4100,95,187,43,184,116,10,69,110,286,22
SZ,002387,2017-01-03 10:28:42,17.3700,4,27784.0000,16,B,17.3600,17.3500,17.3400,17.3300,17.3200,17.3800,17.3900,17.4000,17.4100,17.4200,86,187,43,175,116,69,113,286,22,60
SZ,002387,2017-01-03 10:28:57,17.3600,1,1736.0000,1,S,17.3600,17.3500,17.3400,17.3300,17.3200,17.3800,17.3900,17.4000,17.4100,17.4200,83,187,43,175,116,69,113,286,22,60
SZ,002387,2017-01-03 10:29:42,17.3600,1,50344.0000,29,S,17.3600,17.3500,17.3400,17.3300,17.3200,17.3800,17.3900,17.4000,17.4100,17.4200,79,191,43,182,116,69,113,286,22,60
SZ,002387,2017-01-03 10:30:09,17.3600,1,8680.0000,5,S,17.3600,17.3500,17.3400,17.3300,17.3200,17.3700,17.3800,17.3900,17.4000,17.4100,109,193,43,182,116,44,71,113,286,1
SZ,002387,2017-01-03 10:30:12,17.3700,1,3476.0000,2,B,17.3600,17.3500,17.3400,17.3300,17.3200,17.3700,17.3800,17.3900,17.4000,17.4100,109,191,43,182,116,42,71,113,286,1
SZ,002387,2017-01-03 10:30:18,17.3600,1,1736.0000,1,S,17.3700,17.3600,17.3500,17.3400,17.3300,17.3800,17.3900,17.4000,17.4100,17.4200,1,108,191,43,182,71,113,286,1,60
SZ,002387,2017-01-03 10:30:27,17.3700,2,8684.0000,5,S,17.3600,17.3500,17.3400,17.3300,17.3200,17.3700,17.3800,17.3900,17.4000,17.4100,106,191,43,184,116,16,71,113,286,1
SZ,002387,2017-01-03 10:30:36,17.3700,1,3474.0000,2,B,17.3600,17.3500,17.3400,17.3300,17.3200,17.3700,17.3800,17.3900,17.4000,17.4100,114,196,63,184,116,14,71,113,286,1
SZ,002387,2017-01-03 10:30:39,17.3700,1,24318.0000,14,B,17.3700,17.3600,17.3500,17.3400,17.3300,17.3800,17.3900,17.4000,17.4100,17.4200,22,114,196,63,184,71,113,286,1,60
SZ,002387,2017-01-03 10:30:54,17.3700,1,10422.0000,6,S,17.3700,17.3600,17.3500,17.3400,17.3300,17.3800,17.3900,17.4000,17.4100,17.4200,16,116,202,63,184,71,113,286,1,60
SZ,002387,2017-01-03 10:30:57,17.3700,2,17372.0000,10,S,17.3700,17.3600,17.3500,17.3400,17.3300,17.3800,17.3900,17.4000,17.4100,17.4200,59,117,202,63,184,69,113,286,1,60
SZ,002387,2017-01-03 10:31:06,17.3700,4,43440.0000,25,S,17.3700,17.3600,17.3500,17.3400,17.3300,17.3800,17.3900,17.4000,17.4100,17.4200,49,117,202,63,184,52,113,286,1,60
SZ,002387,2017-01-03 10:31:21,17.3700,2,99010.0000,57,S,17.3600,17.3500,17.3400,17.3300,17.3200,17.3700,17.3800,17.3900,17.4000,17.4100,109,202,63,179,116,123,62,113,286,1
SZ,002387,2017-01-03 10:31:27,17.3700,1,8684.0000,5,B,17.3600,17.3500,17.3400,17.3300,17.3200,17.3700,17.3800,17.3900,17.4000,17.4100,109,202,62,179,116,118,62,113,286,1
SZ,002387,2017-01-03 10:31:30,17.3700,1,3474.0000,2,B,17.3600,17.3500,17.3400,17.3300,17.3200,17.3700,17.3800,17.3900,17.4000,17.4100,109,202,62,179,116,116,62,113,286,1
SZ,002387,2017-01-03 10:31:39,17.3700,3,33000.0000,19,B,17.3600,17.3500,17.3400,17.3300,17.3200,17.3700,17.3800,17.3900,17.4000,17.4100,106,202,62,179,116,98,62,113,286,4
SZ,002387,2017-01-03 10:31:45,17.3700,1,5210.0000,3,B,17.3600,17.3500,17.3400,17.3300,17.3200,17.3700,17.3800,17.3900,17.4000,17.4100,107,202,62,179,116,95,62,113,286,4
SZ,002387,2017-01-03 10:31:48,17.3700,2,12158.0000,7,B,17.3600,17.3500,17.3400,17.3300,17.3200,17.3700,17.3800,17.3900,17.4000,17.4100,105,202,62,179,116,90,62,113,286,4
SZ,002387,2017-01-03 10:31:51,17.3600,1,3472.0000,2,S,17.3600,17.3500,17.3400,17.3300,17.3200,17.3700,17.3800,17.3900,17.4000,17.4100,103,202,62,179,116,90,62,113,286,4
SZ,002387,2017-01-03 10:32:03,17.3700,1,3474.0000,2,B,17.3600,17.3500,17.3400,17.3300,17.3200,17.3700,17.3800,17.3900,17.4000,17.4100,103,202,62,179,116,102,62,113,286,4
SZ,002387,2017-01-03 10:32:09,17.3700,1,46900.0000,27,B,17.3600,17.3500,17.3400,17.3300,17.3200,17.3700,17.3800,17.3900,17.4000,17.4100,103,208,162,154,116,75,62,113,86,4
SZ,002387,2017-01-03 10:32:39,17.3600,1,8680.0000,5,S,17.3600,17.3500,17.3400,17.3300,17.3200,17.3700,17.3800,17.3900,17.4000,17.4100,149,208,152,154,116,103,62,113,86,4
SZ,002387,2017-01-03 10:32:45,17.3700,1,8684.0000,5,B,17.3600,17.3500,17.3400,17.3300,17.3200,17.3700,17.3800,17.3900,17.4000,17.4100,159,208,152,154,116,112,62,113,86,4
SZ,002387,2017-01-03 10:33:15,17.3700,1,15632.0000,9,B,17.3600,17.3500,17.3400,17.3300,17.3200,17.3700,17.3800,17.3900,17.4000,17.4100,173,210,152,148,116,47,62,113,86,4
SZ,002387,2017-01-03 10:33:24,17.3700,1,1738.0000,1,B,17.3600,17.3500,17.3400,17.3300,17.3200,17.3700,17.3800,17.3900,17.4000,17.4100,173,210,152,148,116,46,62,113,86,4
SZ,002387,2017-01-03 10:33:36,17.3600,1,1736.0000,1,S,17.3600,17.3500,17.3400,17.3300,17.3200,17.3700,17.3800,17.3900,17.4000,17.4100,172,210,152,148,116,46,62,113,86,4
SZ,002387,2017-01-03 10:33:42,17.3600,1,1736.0000,1,S,17.3600,17.3500,17.3400,17.3300,17.3200,17.3700,17.3800,17.3900,17.4000,17.4100,165,210,152,148,116,46,62,113,86,4
SZ,002387,2017-01-03 10:33:45,17.3700,1,52110.0000,30,B,17.3600,17.3500,17.3400,17.3300,17.3200,17.3700,17.3800,17.3900,17.4000,17.4100,165,206,152,148,116,16,62,113,86,4
SZ,002387,2017-01-03 10:33:57,17.3700,1,10422.0000,6,B,17.3600,17.3500,17.3400,17.3300,17.3200,17.3700,17.3800,17.3900,17.4000,17.4100,165,206,152,148,116,10,62,113,86,4
SZ,002387,2017-01-03 10:34:00,17.3700,1,8686.0000,5,B,17.3600,17.3500,17.3400,17.3300,17.3200,17.3700,17.3800,17.3900,17.4000,17.4100,170,206,152,148,116,5,62,113,86,4
SZ,002387,2017-01-03 10:34:09,17.3600,2,24304.0000,14,S,17.3600,17.3500,17.3400,17.3300,17.3200,17.3700,17.3800,17.3900,17.4000,17.4100,156,206,152,148,116,5,62,113,86,4
SZ,002387,2017-01-03 10:34:15,17.3700,1,3472.0000,2,B,17.3600,17.3500,17.3400,17.3300,17.3200,17.3700,17.3800,17.3900,17.4000,17.4100,160,216,152,148,116,3,62,113,86,4
SZ,002387,2017-01-03 10:34:21,17.3700,1,5212.0000,3,B,17.3700,17.3600,17.3500,17.3400,17.3300,17.3800,17.3900,17.4000,17.4100,17.4200,8,150,216,152,148,62,113,86,4,60
SZ,002387,2017-01-03 10:34:27,17.3700,1,6948.0000,4,S,17.3700,17.3600,17.3500,17.3400,17.3300,17.3800,17.3900,17.4000,17.4100,17.4200,4,150,216,152,148,62,113,86,4,60
SZ,002387,2017-01-03 10:34:30,17.3700,1,3474.0000,2,S,17.3700,17.3600,17.3500,17.3400,17.3300,17.3800,17.3900,17.4000,17.4100,17.4200,8,154,216,152,148,62,113,86,4,60
SZ,002387,2017-01-03 10:34:45,17.3800,1,1738.0000,1,B,17.3700,17.3600,17.3500,17.3400,17.3300,17.3800,17.3900,17.4000,17.4100,17.4200,15,150,220,156,148,61,113,86,4,60
SZ,002387,2017-01-03 10:34:48,17.3800,2,5214.0000,3,B,17.3700,17.3600,17.3500,17.3400,17.3300,17.3800,17.3900,17.4000,17.4100,17.4200,15,150,220,156,148,58,113,86,4,60
SZ,002387,2017-01-03 10:34:51,17.3700,5,29530.0000,17,S,17.3600,17.3500,17.3400,17.3300,17.3200,17.3700,17.3800,17.3900,17.4000,17.4100,153,220,156,148,116,25,58,113,86,4
SZ,002387,2017-01-03 10:34:57,17.3700,1,6948.0000,4,B,17.3600,17.3500,17.3400,17.3300,17.3200,17.3700,17.3800,17.3900,17.4000,17.4100,153,214,156,148,116,21,58,113,86,4
SZ,002387,2017-01-03 10:35:03,17.3700,1,8684.0000,5,B,17.3600,17.3500,17.3400,17.3300,17.3200,17.3700,17.3800,17.3900,17.4000,17.4100,153,214,156,148,116,16,58,113,86,4
SZ,002387,2017-01-03 10:35:21,17.3700,1,27792.0000,16,B,17.3600,17.3500,17.3400,17.3300,17.3200,17.3800,17.3900,17.4000,17.4100,17.4200,159,214,156,148,116,58,113,86,4,60
SZ,002387,2017-01-03 10:35:48,17.3700,1,8684.0000,5,S,17.3700,17.3600,17.3500,17.3400,17.3300,17.3800,17.3900,17.4000,17.4100,17.4200,1,159,214,156,156,58,113,86,4,60
SZ,002387,2017-01-03 10:35:57,17.3800,1,45188.0000,26,B,17.3700,17.3600,17.3500,17.3400,17.3300,17.3800,17.3900,17.4000,17.4100,17.4200,1,159,210,156,156,32,113,86,4,60
SZ,002387,2017-01-03 10:36:21,17.3700,1,1738.0000,1,S,17.3700,17.3600,17.3500,17.3400,17.3300,17.3800,17.3900,17.4000,17.4100,17.4200,20,154,110,156,156,37,113,86,4,60
SZ,002387,2017-01-03 10:37:06,17.3800,6,227674.0000,131,B,17.3800,17.3700,17.3600,17.3500,17.3400,17.3900,17.4000,17.4100,17.4200,17.4300,49,41,148,110,156,113,86,4,60,60
SZ,002387,2017-01-03 10:37:33,17.3900,1,1740.0000,1,B,17.3800,17.3700,17.3600,17.3500,17.3400,17.3900,17.4000,17.4100,17.4200,17.4300,54,41,144,110,156,17,86,4,60,60
SZ,002387,2017-01-03 10:37:42,17.3900,1,5216.0000,3,B,17.3800,17.3700,17.3600,17.3500,17.3400,17.3900,17.4000,17.4100,17.4200,17.4300,54,17,144,110,156,14,86,4,60,60
SZ,002387,2017-01-03 10:37:48,17.3900,5,24346.0000,14,B,17.3900,17.3800,17.3700,17.3600,17.3500,17.4000,17.4100,17.4200,17.4300,17.4400,13,54,17,144,110,86,4,60,60,51
SZ,002387,2017-01-03 10:38:03,17.4000,2,118320.0000,68,B,17.3900,17.3800,17.3700,17.3600,17.3500,17.4000,17.4100,17.4200,17.4300,17.4400,13,54,17,143,137,18,4,60,60,51
SZ,002387,2017-01-03 10:38:06,17.4000,1,3480.0000,2,B,17.3900,17.3800,17.3700,17.3600,17.3500,17.4000,17.4100,17.4200,17.4300,17.4400,13,54,17,143,137,16,4,60,60,51
SZ,002387,2017-01-03 10:38:18,17.4000,1,27840.0000,16,B,17.4000,17.3900,17.3800,17.3700,17.3600,17.4100,17.4200,17.4300,17.4400,17.4500,24,13,54,10,143,4,60,60,51,133
SZ,002387,2017-01-03 10:38:21,17.4000,1,6960.0000,4,S,17.4000,17.3900,17.3800,17.3700,17.3600,17.4100,17.4200,17.4300,17.4400,17.4500,20,13,54,17,143,4,60,60,51,133
SZ,002387,2017-01-03 10:38:30,17.4100,2,6964.0000,4,B,17.4100,17.4000,17.3900,17.3800,17.3700,17.4200,17.4300,17.4400,17.4500,17.4600,6,44,13,54,27,60,60,51,133,3
SZ,002387,2017-01-03 10:38:57,17.4200,3,40066.0000,23,B,17.4100,17.4000,17.3900,17.3800,17.3700,17.4200,17.4300,17.4400,17.4500,17.4600,6,26,13,54,27,37,60,51,133,3
SZ,002387,2017-01-03 10:39:06,17.4100,1,10446.0000,6,S,17.4000,17.3900,17.3800,17.3700,17.3600,17.4100,17.4200,17.4300,17.4400,17.4500,31,13,54,27,159,1,37,60,51,133
SZ,002387,2017-01-03 10:39:18,17.4200,2,3482.0000,2,B,17.4100,17.4000,17.3900,17.3800,17.3700,17.4200,17.4300,17.4400,17.4500,17.4600,3,31,13,54,27,40,60,51,133,3
SZ,002387,2017-01-03 10:39:27,17.4200,1,6968.0000,4,B,17.4100,17.4000,17.3900,17.3800,17.3700,17.4200,17.4300,17.4400,17.4500,17.4600,8,29,13,54,27,36,60,51,133,3
SZ,002387,2017-01-03 10:39:42,17.4200,1,5228.0000,3,B,17.4100,17.4000,17.3900,17.3800,17.3700,17.4200,17.4300,17.4400,17.4500,17.4600,6,29,13,54,27,176,60,51,133,3
SZ,002387,2017-01-03 10:39:57,17.4100,1,8704.0000,5,S,17.4000,17.3900,17.3800,17.3700,17.3600,17.4200,17.4300,17.4400,17.4500,17.4600,29,63,54,27,105,182,60,79,133,3
SZ,002387,2017-01-03 10:40:03,17.4200,1,5226.0000,3,B,17.4000,17.3900,17.3800,17.3700,17.3600,17.4200,17.4300,17.4400,17.4500,17.4600,29,63,54,27,105,179,60,79,133,3
SZ,002387,2017-01-03 10:40:12,17.4200,3,17420.0000,10,B,17.4000,17.3900,17.3800,17.3700,17.3600,17.4200,17.4300,17.4400,17.4500,17.4600,29,63,54,27,105,170,60,79,133,3
SZ,002387,2017-01-03 10:40:15,17.4000,1,1740.0000,1,S,17.4000,17.3900,17.3800,17.3700,17.3600,17.4200,17.4300,17.4400,17.4500,17.4600,28,63,54,27,105,170,60,79,133,3
SZ,002387,2017-01-03 10:40:18,17.4000,1,1740.0000,1,S,17.4000,17.3900,17.3800,17.3700,17.3600,17.4200,17.4300,17.4400,17.4500,17.4600,27,63,54,27,105,170,60,79,133,3
SZ,002387,2017-01-03 10:40:21,17.4200,1,3484.0000,2,B,17.4000,17.3900,17.3800,17.3700,17.3600,17.4100,17.4200,17.4300,17.4400,17.4500,28,63,54,27,105,6,162,60,79,133
SZ,002387,2017-01-03 10:40:45,17.4100,1,10446.0000,6,B,17.4100,17.4000,17.3900,17.3800,17.3700,17.4200,17.4300,17.4400,17.4500,17.4600,2,51,63,54,127,162,60,205,133,3
SZ,002387,2017-01-03 10:40:48,17.4100,2,5224.0000,3,S,17.4100,17.4000,17.3900,17.3800,17.3700,17.4200,17.4300,17.4400,17.4500,17.4600,11,51,63,54,127,160,60,205,133,3
SZ,002387,2017-01-03 10:41:00,17.4100,2,3484.0000,2,S,17.4100,17.4000,17.3900,17.3800,17.3700,17.4200,17.4300,17.4400,17.4500,17.4600,12,51,63,54,127,160,60,205,153,3
SZ,002387,2017-01-03 10:41:09,17.4100,2,20892.0000,12,S,17.4000,17.3900,17.3800,17.3700,17.3600,17.4100,17.4200,17.4300,17.4400,17.4500,54,63,67,127,82,188,160,60,205,153
SZ,002387,2017-01-03 10:41:12,17.4100,1,113164.0000,65,B,17.4000,17.3900,17.3800,17.3700,17.3600,17.4100,17.4200,17.4300,17.4400,17.4500,54,63,67,127,82,123,150,60,205,153
SZ,002387,2017-01-03 10:41:24,17.4100,2,69632.0000,40,B,17.4000,17.3900,17.3800,17.3700,17.3600,17.4100,17.4200,17.4300,17.4400,17.4500,46,63,67,127,82,104,150,60,205,153
SZ,002387,2017-01-03 10:41:27,17.4000,1,17400.0000,10,S,17.4000,17.3900,17.3800,17.3700,17.3600,17.4100,17.4200,17.4300,17.4400,17.4500,36,63,67,127,82,104,150,60,205,153
SZ,002387,2017-01-03 10:41:36,17.4000,2,15660.0000,9,S,17.4000,17.3900,17.3800,17.3700,17.3600,17.4100,17.4200,17.4300,17.4400,17.4500,28,63,67,127,82,104,150,60,205,153
SZ,002387,2017-01-03 10:41:39,17.4100,1,83568.0000,48,B,17.4000,17.3900,17.3800,17.3700,17.3600,17.4100,17.4200,17.4300,17.4400,17.4500,28,63,67,127,82,56,150,60,205,153
SZ,002387,2017-01-03 10:41:51,17.4100,2,87050.0000,50,B,17.4000,17.3900,17.3800,17.3700,17.3600,17.4100,17.4200,17.4300,17.4400,17.4500,28,63,67,127,82,6,120,60,205,153
SZ,002387,2017-01-03 10:42:03,17.4100,1,3482.0000,2,B,17.4000,17.3900,17.3800,17.3700,17.3600,17.4100,17.4200,17.4300,17.4400,17.4500,28,63,67,127,82,19,120,60,205,153
SZ,002387,2017-01-03 10:42:06,17.4100,2,10446.0000,6,B,17.4000,17.3900,17.3800,17.3700,17.3600,17.4100,17.4200,17.4300,17.4400,17.4500,28,63,67,127,82,13,117,60,205,153
SZ,002387,2017-01-03 10:42:27,17.4000,2,5220.0000,3,S,17.4000,17.3900,17.3800,17.3700,17.3600,17.4100,17.4200,17.4300,17.4400,17.4500,25,63,157,127,82,14,117,60,205,153
SZ,002387,2017-01-03 10:42:30,17.4100,1,6964.0000,4,B,17.4000,17.3900,17.3800,17.3700,17.3600,17.4100,17.4200,17.4300,17.4400,17.4500,25,63,157,127,82,10,117,60,205,153
SZ,002387,2017-01-03 10:42:42,17.4100,1,3482.0000,2,B,17.4000,17.3900,17.3800,17.3700,17.3600,17.4100,17.4200,17.4300,17.4400,17.4500,25,63,157,127,119,8,117,60,205,153
SZ,002387,2017-01-03 10:42:54,17.4100,2,13928.0000,8,B,17.4100,17.4000,17.3900,17.3800,17.3700,17.4200,17.4300,17.4400,17.4500,17.4600,1,25,63,143,127,117,60,205,153,3
SZ,002387,2017-01-03 10:42:57,17.4000,2,3480.0000,2,S,17.4000,17.3900,17.3800,17.3700,17.3600,17.4200,17.4300,17.4400,17.4500,17.4600,24,63,143,127,119,117,60,205,153,3
SZ,002387,2017-01-03 10:43:15,17.4200,1,1744.0000,1,B,17.4100,17.4000,17.3900,17.3800,17.3700,17.4200,17.4300,17.4400,17.4500,17.4600,10,24,63,143,127,116,60,205,166,6
SZ,002387,2017-01-03 10:43:21,17.4100,1,13928.0000,8,S,17.4100,17.4000,17.3900,17.3800,17.3700,17.4200,17.4300,17.4400,17.4500,17.4600,2,24,63,143,127,116,60,205,166,6
SZ,002387,2017-01-03 10:43:33,17.4100,2,10448.0000,6,S,17.4000,17.3900,17.3800,17.3700,17.3600,17.4100,17.4200,17.4300,17.4400,17.4500,24,63,143,127,119,28,112,60,205,166
SZ,002387,2017-01-03 10:43:42,17.4100,1,8706.0000,5,B,17.4000,17.3900,17.3800,17.3700,17.3600,17.4100,17.4200,17.4300,17.4400,17.4500,24,66,143,127,119,23,112,60,205,146
SZ,002387,2017-01-03 10:43:57,17.4100,2,8706.0000,5,B,17.4000,17.3900,17.3800,17.3700,17.3600,17.4100,17.4200,17.4300,17.4400,17.4500,24,66,143,127,119,38,112,60,205,146
SZ,002387,2017-01-03 10:44:06,17.4000,1,10440.0000,6,S,17.4000,17.3900,17.3800,17.3700,17.3600,17.4100,17.4200,17.4300,17.4400,17.4500,20,66,143,127,119,38,112,60,205,146
SZ,002387,2017-01-03 10:44:45,17.4100,1,5222.0000,3,B,17.4000,17.3900,17.3800,17.3700,17.3600,17.4100,17.4200,17.4300,17.4400,17.4500,32,66,143,127,119,37,112,60,205,146
SZ,002387,2017-01-03 10:45:09,17.4100,4,104460.0000,60,B,17.4000,17.3900,17.3800,17.3700,17.3600,17.4100,17.4200,17.4300,17.4400,17.4500,45,66,143,127,114,7,112,60,205,146
SZ,002387,2017-01-03 10:45:24,17.4100,1,12186.0000,7,B,17.4100,17.4000,17.3900,17.3800,17.3700,17.4200,17.4300,17.4400,17.4500,17.4600,73,45,66,143,127,112,60,205,134,6
SZ,002387,2017-01-03 10:45:33,17.4200,2,19164.0000,11,B,17.4100,17.4000,17.3900,17.3800,17.3700,17.4200,17.4300,17.4400,17.4500,17.4600,84,45,66,143,127,101,60,205,134,6
SZ,002387,2017-01-03 10:45:42,17.4100,3,24372.0000,14,S,17.4100,17.4000,17.3900,17.3800,17.3700,17.4200,17.4300,17.4400,17.4500,17.4600,74,45,66,143,127,101,60,205,134,6
SZ,002387,2017-01-03 10:45:51,17.4100,2,13936.0000,8,S,17.4100,17.4000,17.3900,17.3800,17.3700,17.4200,17.4300,17.4400,17.4500,17.4600,73,45,66,143,127,94,60,205,134,6
SZ,002387,2017-01-03 10:45:54,17.4200,1,47034.0000,27,B,17.4100,17.4000,17.3900,17.3800,17.3700,17.4200,17.4300,17.4400,17.4500,17.4600,73,45,66,143,127,67,60,205,134,6
SZ,002387,2017-01-03 10:46:09,17.4200,1,34840.0000,20,B,17.4100,17.4000,17.3900,17.3800,17.3700,17.4200,17.4300,17.4400,17.4500,17.4600,15,45,66,143,127,47,60,205,134,6
SZ,002387,2017-01-03 10:46:27,17.4200,1,12194.0000,7,B,17.4100,17.4000,17.3900,17.3800,17.3700,17.4200,17.4300,17.4400,17.4500,17.4600,15,45,66,143,127,40,40,205,134,6
SZ,002387,2017-01-03 10:46:30,17.4200,1,67938.0000,39,B,17.4100,17.4000,17.3900,17.3800,17.3700,17.4200,17.4300,17.4400,17.4500,17.4600,15,45,66,143,127,1,40,205,134,6
SZ,002387,2017-01-03 10:46:36,17.4100,1,17410.0000,10,S,17.4100,17.4000,17.3900,17.3800,17.3700,17.4200,17.4400,17.4500,17.4600,17.4800,5,45,66,143,127,1,205,134,6,72
SZ,002387,2017-01-03 10:46:42,17.4100,3,17410.0000,10,S,17.4100,17.4000,17.3900,17.3800,17.3700,17.4200,17.4400,17.4500,17.4600,17.4800,95,45,66,143,127,1,205,134,6,72
SZ,002387,2017-01-03 10:46:51,17.4200,1,1742.0000,1,B,17.4200,17.4100,17.4000,17.3900,17.3800,17.4300,17.4400,17.4500,17.4600,17.4800,1,95,45,66,143,6,205,134,6,72
SZ,002387,2017-01-03 10:46:57,17.4100,2,34820.0000,20,S,17.4100,17.4000,17.3900,17.3800,17.3700,17.4300,17.4400,17.4500,17.4600,17.4800,76,45,66,143,127,12,205,134,6,72
SZ,002387,2017-01-03 10:47:06,17.4100,1,17412.0000,10,S,17.4100,17.4000,17.3900,17.3800,17.3700,17.4200,17.4300,17.4400,17.4500,17.4600,167,45,66,143,127,5,12,205,134,6
SZ,002387,2017-01-03 10:47:27,17.4200,2,87100.0000,50,B,17.4100,17.4000,17.3900,17.3800,17.3700,17.4200,17.4300,17.4400,17.4500,17.4600,201,45,71,143,127,50,12,205,134,6
SZ,002387,2017-01-03 10:47:36,17.4100,2,64416.0000,37,S,17.4100,17.4000,17.3900,17.3800,17.3700,17.4200,17.4300,17.4400,17.4500,17.4600,164,45,71,143,127,50,17,205,134,6
SZ,002387,2017-01-03 10:48:00,17.4100,3,238516.0000,137,S,17.4100,17.4000,17.3900,17.3800,17.3700,17.4200,17.4300,17.4400,17.4500,17.4600,27,71,171,143,147,50,17,205,134,6
SZ,002387,2017-01-03 10:48:12,17.4100,1,17412.0000,10,S,17.4100,17.4000,17.3900,17.3800,17.3700,17.4200,17.4300,17.4400,17.4500,17.4600,17,71,171,143,147,50,17,205,134,6
SZ,002387,2017-01-03 10:48:24,17.4100,1,29596.0000,17,S,17.4000,17.3900,17.3800,17.3700,17.3600,17.4100,17.4200,17.4300,17.4400,17.4500,71,171,143,147,124,23,50,17,205,134
SZ,002387,2017-01-03 10:48:27,17.4100,1,6964.0000,4,B,17.4000,17.3900,17.3800,17.3700,17.3600,17.4100,17.4200,17.4300,17.4400,17.4500,71,177,143,147,124,19,50,17,205,134
SZ,002387,2017-01-03 10:48:45,17.4000,1,1740.0000,1,S,17.4000,17.3900,17.3800,17.3700,17.3600,17.4100,17.4200,17.4300,17.4400,17.4500,44,177,143,147,124,19,64,17,205,134
SZ,002387,2017-01-03 10:49:03,17.4100,2,76604.0000,44,B,17.4100,17.4000,17.3900,17.3800,17.3700,17.4200,17.4300,17.4400,17.4500,17.4600,27,48,177,143,147,14,12,205,134,6
SZ,002387,2017-01-03 10:49:18,17.4100,1,43524.0000,25,S,17.4100,17.4000,17.3900,17.3800,17.3700,17.4200,17.4300,17.4400,17.4500,17.4600,2,44,181,143,147,14,12,205,134,6
SZ,002387,2017-01-03 10:49:27,17.4200,1,6968.0000,4,B,17.4100,17.4000,17.3900,17.3800,17.3700,17.4200,17.4300,17.4400,17.4500,17.4600,2,44,181,143,147,10,12,205,134,6
SZ,002387,2017-01-03 10:49:39,17.4200,1,17420.0000,10,B,17.4200,17.4100,17.4000,17.3900,17.3800,17.4300,17.4400,17.4500,17.4600,17.4800,1,2,44,181,143,20,205,134,6,72
SZ,002387,2017-01-03 10:50:09,17.4100,2,5224.0000,3,S,17.4000,17.3900,17.3800,17.3700,17.3600,17.4100,17.4300,17.4400,17.4500,17.4600,47,181,143,147,124,2,49,205,134,6
SZ,002387,2017-01-03 10:50:18,17.4100,1,3482.0000,2,B,17.4100,17.4000,17.3900,17.3800,17.3700,17.4300,17.4400,17.4500,17.4600,17.4800,4,47,181,143,147,49,205,134,6,72
SZ,002387,2017-01-03 10:50:21,17.4100,1,6964.0000,4,S,17.4000,17.3900,17.3800,17.3700,17.3600,17.4100,17.4300,17.4400,17.4500,17.4600,47,181,143,147,124,14,49,205,134,6
SZ,002387,2017-01-03 10:50:27,17.4100,1,8706.0000,5,B,17.4000,17.3900,17.3800,17.3700,17.3600,17.4100,17.4300,17.4400,17.4500,17.4600,47,181,143,146,124,9,49,157,134,6
SZ,002387,2017-01-03 10:50:30,17.4000,1,1740.0000,1,S,17.4000,17.3900,17.3800,17.3700,17.3600,17.4100,17.4300,17.4400,17.4500,17.4600,46,181,143,146,124,9,49,157,134,6
SZ,002387,2017-01-03 10:51:09,17.4100,1,8704.0000,5,B,17.4000,17.3900,17.3800,17.3700,17.3600,17.4100,17.4300,17.4400,17.4500,17.4600,46,181,143,146,124,4,49,157,131,6
SZ,002387,2017-01-03 10:51:21,17.4000,5,34800.0000,20,S,17.4000,17.3900,17.3800,17.3700,17.3600,17.4100,17.4300,17.4400,17.4500,17.4600,26,181,143,146,124,4,52,157,131,6
SZ,002387,2017-01-03 10:51:27,17.4000,3,31320.0000,18,S,17.4000,17.3900,17.3800,17.3700,17.3600,17.4100,17.4200,17.4300,17.4400,17.4500,9,181,143,146,124,3,26,52,157,131
SZ,002387,2017-01-03 10:51:39,17.4000,2,15660.0000,9,S,17.3900,17.3800,17.3700,17.3600,17.3500,17.4000,17.4100,17.4200,17.4300,17.4400,181,143,146,116,168,41,3,26,52,157
SZ,002387,2017-01-03 10:51:45,17.4000,2,29580.0000,17,B,17.3900,17.3800,17.3700,17.3600,17.3500,17.4000,17.4100,17.4200,17.4300,17.4400,181,143,146,116,168,35,3,26,52,157
SZ,002387,2017-01-03 10:51:57,17.4000,1,1740.0000,1,B,17.3900,17.3800,17.3700,17.3600,17.3500,17.4000,17.4100,17.4200,17.4300,17.4400,181,143,126,116,168,34,3,26,52,157
SZ,002387,2017-01-03 10:52:03,17.4000,1,17400.0000,10,B,17.3900,17.3800,17.3700,17.3600,17.3500,17.4000,17.4100,17.4200,17.4300,17.4400,181,143,126,116,168,36,3,26,60,157
SZ,002387,2017-01-03 10:52:45,17.4000,3,45240.0000,26,B,17.3900,17.3800,17.3700,17.3600,17.3500,17.4000,17.4100,17.4200,17.4300,17.4400,199,144,132,116,168,10,33,26,54,165
SZ,002387,2017-01-03 10:52:54,17.3900,2,17392.0000,10,S,17.3900,17.3800,17.3700,17.3600,17.3500,17.4000,17.4100,17.4200,17.4300,17.4400,189,144,132,116,168,20,33,26,54,165
SZ,002387,2017-01-03 10:52:57,17.4000,1,6960.0000,4,B,17.3900,17.3800,17.3700,17.3600,17.3500,17.4000,17.4100,17.4200,17.4300,17.4400,189,144,132,116,168,16,33,26,54,165
SZ,002387,2017-01-03 10:53:09,17.4000,2,19140.0000,11,B,17.3900,17.3800,17.3700,17.3600,17.3500,17.4000,17.4100,17.4200,17.4300,17.4400,189,144,132,116,168,5,33,26,54,165
SZ,002387,2017-01-03 10:53:12,17.3900,1,5216.0000,3,S,17.3900,17.3800,17.3700,17.3600,17.3500,17.4000,17.4100,17.4200,17.4300,17.4400,186,144,132,116,168,5,33,26,54,165
SZ,002387,2017-01-03 10:53:21,17.3900,1,3478.0000,2,S,17.3900,17.3800,17.3700,17.3600,17.3500,17.4000,17.4100,17.4200,17.4300,17.4400,184,144,132,116,177,5,33,26,54,165
SZ,002387,2017-01-03 10:53:24,17.3900,1,31302.0000,18,S,17.3900,17.3800,17.3700,17.3600,17.3500,17.4000,17.4100,17.4200,17.4300,17.4400,166,144,132,116,177,5,33,26,54,165
SZ,002387,2017-01-03 10:53:33,17.3900,1,5216.0000,3,S,17.3900,17.3800,17.3700,17.3600,17.3500,17.4000,17.4100,17.4200,17.4300,17.4400,163,144,132,116,177,5,33,26,50,165
SZ,002387,2017-01-03 10:53:39,17.3900,4,76516.0000,44,S,17.3900,17.3800,17.3700,17.3600,17.3500,17.4000,17.4100,17.4200,17.4300,17.4400,119,144,132,116,177,5,33,26,50,165
SZ,002387,2017-01-03 10:54:12,17.4000,1,8700.0000,5,B,17.3900,17.3800,17.3700,17.3600,17.3500,17.4100,17.4200,17.4300,17.4400,17.4500,119,144,142,116,177,33,26,50,39,131
SZ,002387,2017-01-03 10:54:18,17.3900,1,3480.0000,2,S,17.3900,17.3800,17.3700,17.3600,17.3500,17.4100,17.4200,17.4300,17.4400,17.4500,117,144,142,116,177,33,26,50,39,131
SZ,002387,2017-01-03 10:54:36,17.3900,2,34790.0000,20,S,17.3900,17.3800,17.3700,17.3600,17.3500,17.4100,17.4200,17.4300,17.4400,17.4500,111,144,142,116,177,33,26,50,39,131
SZ,002387,2017-01-03 10:54:42,17.3900,1,8694.0000,5,S,17.3900,17.3800,17.3700,17.3600,17.3500,17.4100,17.4200,17.4300,17.4400,17.4500,103,144,142,116,177,33,26,50,39,131
SZ,002387,2017-01-03 10:55:21,17.4000,2,12180.0000,7,S,17.4000,17.3900,17.3800,17.3700,17.3600,17.4100,17.4200,17.4300,17.4400,17.4500,3,103,144,142,116,33,30,50,39,131
SZ,002387,2017-01-03 10:55:39,17.4000,1,5220.0000,3,S,17.3900,17.3800,17.3700,17.3600,17.3500,17.4000,17.4100,17.4200,17.4300,17.4400,103,144,142,116,177,91,33,30,50,39
SZ,002387,2017-01-03 10:56:00,17.4000,2,92212.0000,53,B,17.3900,17.3800,17.3700,17.3600,17.3500,17.4000,17.4100,17.4200,17.4300,17.4400,93,144,142,116,177,48,33,30,50,39
SZ,002387,2017-01-03 10:56:18,17.3900,1,1738.0000,1,S,17.3900,17.3800,17.3700,17.3600,17.3500,17.4000,17.4100,17.4200,17.4300,17.4400,92,144,142,116,177,59,33,30,50,39
SZ,002387,2017-01-03 10:56:30,17.3900,1,3478.0000,2,S,17.3900,17.3800,17.3700,17.3600,17.3500,17.4000,17.4100,17.4200,17.4300,17.4400,90,144,142,116,177,59,33,30,50,39
SZ,002387,2017-01-03 10:56:33,17.3900,1,104340.0000,60,S,17.3900,17.3800,17.3700,17.3600,17.3500,17.4000,17.4100,17.4200,17.4300,17.4400,30,144,142,116,177,59,33,30,50,39
SZ,002387,2017-01-03 10:56:51,17.3900,3,19128.0000,11,S,17.3900,17.3800,17.3700,17.3600,17.3500,17.4000,17.4100,17.4200,17.4300,17.4400,19,144,142,116,177,10,33,30,50,39
