市场代码,证券代码,时间,最新价,成交笔数,成交额,成交量,方向,买一价,买二价,买三价,买四价,买五价,卖一价,卖二价,卖三价,卖四价,卖五价,买一量,买二量,买三量,买四量,买五量,卖一量,卖二量,卖三量,卖四量,卖五量
SZ,002322,2017-01-03 09:25:03,23.8400,15,274160.0000,115,B,23.6300,23.6000,23.5500,23.5200,23.5100,23.8400,23.8500,23.8600,23.9600,24.0000,3,10,40,1,8,87,44,3,1,50
SZ,002322,2017-01-03 09:30:03,23.8000,26,420252.0000,178,S,23.6400,23.6300,23.6200,23.6100,23.6000,23.8000,23.8200,23.8300,23.8400,23.8500,8,21,10,12,148,27,7,72,92,44
SZ,002322,2017-01-03 09:30:06,23.6400,1,4728.0000,2,S,23.6400,23.6300,23.6200,23.6100,23.6000,23.8000,23.8200,23.8300,23.8400,23.8500,6,21,10,12,148,27,7,72,92,44
SZ,002322,2017-01-03 09:30:24,23.8000,1,47600.0000,20,B,23.6400,23.6300,23.6200,23.6100,23.6000,23.8000,23.8200,23.8300,23.8400,23.8500,16,21,10,13,149,7,7,68,97,44
SZ,002322,2017-01-03 09:30:27,23.8000,3,16660.0000,7,B,23.8000,23.6400,23.6300,23.6200,23.6100,23.8200,23.8300,23.8400,23.8500,23.8600,22,16,21,10,13,7,68,97,44,8
SZ,002322,2017-01-03 09:30:33,23.8000,1,9520.0000,4,S,23.8000,23.6400,23.6300,23.6200,23.6100,23.8200,23.8300,23.8400,23.8500,23.8600,23,16,21,10,13,7,65,97,44,8
SZ,002322,2017-01-03 09:30:36,23.8000,2,11900.0000,5,S,23.8000,23.6500,23.6400,23.6300,23.6200,23.8200,23.8300,23.8400,23.8500,23.8600,23,50,16,21,10,7,65,97,44,8
SZ,002322,2017-01-03 09:30:39,23.8300,3,23823.0000,10,B,23.8000,23.6500,23.6400,23.6300,23.6200,23.8300,23.8400,23.8500,23.8600,23.9600,23,50,16,21,10,62,92,44,8,17
SZ,002322,2017-01-03 09:30:45,23.8000,1,11900.0000,5,S,23.8000,23.6500,23.6400,23.6300,23.6200,23.8300,23.8400,23.8500,23.8600,23.9600,18,50,16,21,10,62,92,44,8,17
SZ,002322,2017-01-03 09:30:51,23.8000,3,42840.0000,18,S,23.6600,23.6500,23.6400,23.6300,23.6200,23.8000,23.8300,23.8400,23.8500,23.8600,1,50,16,21,10,4,62,5,44,8
SZ,002322,2017-01-03 09:31:00,23.8000,1,4760.0000,2,B,23.6600,23.6500,23.6400,23.6300,23.6200,23.8000,23.8300,23.8400,23.8500,23.8600,1,50,16,21,10,5,62,5,44,8
SZ,002322,2017-01-03 09:31:06,23.6400,6,186834.0000,79,S,23.6300,23.6200,23.6100,23.6000,23.5800,23.6400,23.8000,23.8300,23.8400,23.8500,21,10,33,154,34,1,5,62,2,44
SZ,002322,2017-01-03 09:31:09,23.6400,1,2364.0000,1,B,23.6400,23.6300,23.6200,23.6100,23.6000,23.8000,23.8300,23.8400,23.8500,23.8600,5,40,20,33,154,7,62,2,44,8
SZ,002322,2017-01-03 09:31:36,23.6600,2,33124.0000,14,S,23.6600,23.6500,23.6400,23.6300,23.6200,23.7900,23.8000,23.8300,23.8400,23.8500,41,13,29,50,20,2,48,62,2,44
SZ,002322,2017-01-03 09:31:39,23.6600,3,68622.0000,29,S,23.6700,23.6600,23.6500,23.6400,23.6300,23.7900,23.8000,23.8300,23.8400,23.8500,10,20,13,29,50,2,48,62,2,44
SZ,002322,2017-01-03 09:31:48,23.6200,20,316810.0000,134,S,23.6600,23.6400,23.6200,23.6100,23.6000,23.7900,23.8000,23.8300,23.8400,23.8500,5,20,8,33,154,2,48,62,2,44
SZ,002322,2017-01-03 09:31:54,23.6700,2,9468.0000,4,B,23.6600,23.6400,23.6200,23.6100,23.6000,23.6700,23.7900,23.8000,23.8300,23.8400,15,20,8,43,154,16,6,48,62,2
SZ,002322,2017-01-03 09:31:57,23.6700,2,23670.0000,10,B,23.6600,23.6500,23.6400,23.6200,23.6100,23.6700,23.7900,23.8000,23.8300,23.8400,15,15,20,8,43,6,6,48,62,2
SZ,002322,2017-01-03 09:32:03,23.6700,1,14202.0000,6,B,23.6700,23.6600,23.6500,23.6400,23.6200,23.7900,23.8000,23.8300,23.8400,23.8500,15,15,15,20,8,6,48,62,2,44
SZ,002322,2017-01-03 09:32:06,23.6700,1,4734.0000,2,S,23.6700,23.6600,23.6500,23.6400,23.6200,23.7900,23.8000,23.8300,23.8400,23.8500,13,15,15,20,8,6,48,62,2,44
SZ,002322,2017-01-03 09:32:12,23.6700,3,40239.0000,17,S,23.6600,23.6500,23.6400,23.6200,23.6100,23.6700,23.7900,23.8000,23.8300,23.8400,15,15,20,8,43,18,6,48,62,2
SZ,002322,2017-01-03 09:32:15,23.6700,2,30771.0000,13,B,23.6600,23.6500,23.6400,23.6200,23.6100,23.6700,23.7900,23.8000,23.8300,23.8400,15,15,20,8,43,5,6,48,62,2
SZ,002322,2017-01-03 09:32:18,23.6700,3,11835.0000,5,B,23.6600,23.6500,23.6400,23.6200,23.6100,23.7900,23.8000,23.8300,23.8400,23.8500,20,15,20,8,43,6,48,62,2,37
SZ,002322,2017-01-03 09:32:30,23.6800,1,4736.0000,2,S,23.6800,23.6700,23.6600,23.6500,23.6400,23.7900,23.8000,23.8300,23.8400,23.8500,3,16,43,35,20,6,67,62,2,38
SZ,002322,2017-01-03 09:32:36,23.7900,1,4758.0000,2,B,23.6800,23.6700,23.6600,23.6500,23.6400,23.7900,23.8000,23.8300,23.8400,23.8500,3,70,43,35,22,4,67,62,2,38
SZ,002322,2017-01-03 09:32:48,23.6900,1,11845.0000,5,S,23.6800,23.6700,23.6600,23.6500,23.6400,23.6900,23.7900,23.8000,23.8300,23.8400,13,71,33,35,22,5,4,67,62,2
SZ,002322,2017-01-03 09:32:54,23.6900,3,23690.0000,10,B,23.6800,23.6700,23.6600,23.6500,23.6400,23.6900,23.7900,23.8000,23.8300,23.8400,13,71,33,35,22,4,4,67,62,2
SZ,002322,2017-01-03 09:33:00,23.6900,1,9476.0000,4,B,23.6900,23.6800,23.6700,23.6600,23.6500,23.7900,23.8000,23.8300,23.8400,23.8500,56,13,71,33,35,4,35,62,2,38
SZ,002322,2017-01-03 09:33:09,23.6900,1,18952.0000,8,S,23.6900,23.6800,23.6700,23.6600,23.6500,23.7900,23.8000,23.8300,23.8400,23.8500,63,28,71,33,35,4,35,62,2,38
SZ,002322,2017-01-03 09:33:21,23.7900,2,21411.0000,9,B,23.7900,23.7000,23.6900,23.6800,23.6700,23.8000,23.8300,23.8400,23.8500,23.8600,61,5,417,47,71,35,62,2,38,8
SZ,002322,2017-01-03 09:33:24,23.7900,1,9516.0000,4,S,23.7900,23.7000,23.6900,23.6800,23.6700,23.8000,23.8300,23.8400,23.8500,23.8600,74,15,417,47,71,35,62,2,38,8
SZ,002322,2017-01-03 09:33:27,23.7900,1,2379.0000,1,S,23.7900,23.7000,23.6900,23.6800,23.6700,23.8000,23.8300,23.8400,23.8500,23.8600,78,25,369,47,71,35,62,2,38,8
SZ,002322,2017-01-03 09:33:30,23.7900,1,11895.0000,5,S,23.7900,23.7000,23.6900,23.6800,23.6700,23.8000,23.8300,23.8400,23.8500,23.8600,83,25,369,47,71,35,62,2,38,8
SZ,002322,2017-01-03 09:33:33,23.7900,1,16653.0000,7,S,23.7900,23.7000,23.6900,23.6800,23.6700,23.8000,23.8300,23.8400,23.8500,23.8600,80,25,369,47,71,35,62,2,38,8
SZ,002322,2017-01-03 09:33:36,23.8000,1,2380.0000,1,B,23.7900,23.7000,23.6900,23.6800,23.6700,23.8000,23.8300,23.8400,23.8500,23.8600,80,25,369,47,71,30,62,2,38,8
SZ,002322,2017-01-03 09:33:39,23.7900,8,130893.0000,55,S,23.7900,23.7000,23.6900,23.6800,23.6700,23.8300,23.8400,23.8500,23.8600,23.9500,73,25,369,47,71,62,2,38,8,1
SZ,002322,2017-01-03 09:33:42,23.7900,2,118950.0000,50,S,23.7900,23.7000,23.6900,23.6800,23.6700,23.8300,23.8400,23.8500,23.8600,23.9500,23,31,369,47,71,62,2,38,8,1
SZ,002322,2017-01-03 09:33:51,23.8300,4,52412.0000,22,B,23.7900,23.7000,23.6900,23.6800,23.6700,23.8300,23.8400,23.8500,23.8600,23.9500,48,31,359,28,71,48,2,38,8,1
SZ,002322,2017-01-03 09:33:57,23.8300,1,23830.0000,10,B,23.7900,23.7000,23.6900,23.6800,23.6700,23.8300,23.8400,23.8500,23.8600,23.9500,58,31,59,28,71,38,2,38,8,6
SZ,002322,2017-01-03 09:34:03,23.8300,1,23830.0000,10,B,23.8000,23.7900,23.7000,23.6900,23.6800,23.8300,23.8400,23.8500,23.8600,23.9500,10,58,31,59,28,28,2,38,8,6
SZ,002322,2017-01-03 09:34:12,23.8000,1,2380.0000,1,S,23.8000,23.7900,23.7000,23.6900,23.6800,23.8300,23.8400,23.8500,23.8600,23.9500,11,57,31,28,28,28,2,41,8,9
SZ,002322,2017-01-03 09:34:27,23.8500,13,197877.0000,83,B,23.8500,23.8000,23.7900,23.7800,23.7000,23.8600,23.9000,23.9500,23.9600,23.9800,117,11,47,10,31,8,10,11,9,5
SZ,002322,2017-01-03 09:34:30,23.8500,1,2385.0000,1,S,23.8500,23.8300,23.8000,23.7900,23.7800,23.8600,23.9000,23.9500,23.9600,23.9800,116,11,11,47,10,8,10,11,9,5
SZ,002322,2017-01-03 09:34:39,23.8600,2,7158.0000,3,B,23.8500,23.8300,23.8000,23.7900,23.7800,23.8600,23.9000,23.9500,23.9600,23.9800,116,11,11,47,10,5,10,11,9,5
SZ,002322,2017-01-03 09:34:42,23.8600,2,16697.0000,7,B,23.8500,23.8300,23.8000,23.7900,23.7800,23.8600,23.9000,23.9500,23.9600,23.9800,111,11,11,47,10,3,10,11,9,5
SZ,002322,2017-01-03 09:34:45,23.8500,2,11925.0000,5,S,23.8500,23.8300,23.8000,23.7900,23.7800,23.8600,23.9000,23.9500,23.9600,23.9800,106,11,11,47,10,3,10,11,9,5
SZ,002322,2017-01-03 09:34:51,23.8600,1,7158.0000,3,B,23.8600,23.8500,23.8300,23.8000,23.7900,23.8900,23.9000,23.9500,23.9600,23.9800,2,106,11,42,47,10,10,11,9,5
SZ,002322,2017-01-03 09:34:54,23.8600,1,4772.0000,2,S,23.8500,23.8300,23.8000,23.7900,23.7800,23.8600,23.8900,23.9000,23.9500,23.9600,106,11,42,47,10,4,10,10,11,9
SZ,002322,2017-01-03 09:34:57,23.8600,1,9544.0000,4,B,23.8600,23.8500,23.8300,23.8000,23.7900,23.8900,23.9000,23.9500,23.9600,23.9800,12,106,11,42,47,10,10,11,9,5
SZ,002322,2017-01-03 09:35:00,23.8900,1,11945.0000,5,B,23.8600,23.8500,23.8400,23.8300,23.8000,23.8900,23.9000,23.9500,23.9600,23.9800,17,106,1,11,42,5,10,11,9,5
SZ,002322,2017-01-03 09:35:03,23.8900,1,11945.0000,5,B,23.8900,23.8600,23.8500,23.8400,23.8300,23.9000,23.9500,23.9600,23.9800,23.9900,8,17,106,1,11,10,11,9,5,8
SZ,002322,2017-01-03 09:35:06,23.8900,1,2389.0000,1,S,23.8900,23.8600,23.8500,23.8400,23.8300,23.9000,23.9500,23.9600,23.9800,23.9900,18,192,106,1,11,10,11,9,5,8
SZ,002322,2017-01-03 09:35:12,23.9000,1,23900.0000,10,B,23.9000,23.8900,23.8600,23.8500,23.8400,23.9500,23.9600,23.9800,23.9900,24.0000,43,98,192,106,1,11,9,5,8,79
SZ,002322,2017-01-03 09:35:18,23.9500,2,11975.0000,5,B,23.9000,23.8900,23.8600,23.8500,23.8400,23.9500,23.9600,23.9800,23.9900,24.0000,44,98,17,106,1,6,9,5,8,79
SZ,002322,2017-01-03 09:35:27,23.9500,2,4790.0000,2,B,23.9100,23.9000,23.8900,23.8600,23.8500,23.9500,23.9600,23.9800,23.9900,24.0000,20,44,88,17,106,12,9,1,13,79
SZ,002322,2017-01-03 09:35:30,23.9500,15,263840.0000,110,B,23.9100,23.9000,23.8900,23.8600,23.8500,24.0000,24.0800,24.1600,24.1800,24.1900,20,44,88,17,106,13,6,5,24,4
SZ,002322,2017-01-03 09:35:33,24.0000,4,23994.0000,10,B,23.9100,23.9000,23.8900,23.8600,23.8500,24.0000,24.0800,24.1600,24.1800,24.1900,20,44,88,17,106,6,6,5,24,4
SZ,002322,2017-01-03 09:35:42,24.0000,2,16800.0000,7,B,24.0000,23.9500,23.9400,23.9100,23.9000,24.0800,24.1300,24.1600,24.1800,24.1900,55,11,10,20,1,6,1,5,24,4
SZ,002322,2017-01-03 09:35:51,24.0100,2,48020.0000,20,S,24.0400,24.0000,23.9500,23.9400,23.9100,24.0700,24.0800,24.1300,24.1500,24.1600,2,84,11,10,20,10,6,1,4,34
SZ,002322,2017-01-03 09:35:54,24.0800,6,45726.0000,19,B,24.0800,24.0000,23.9500,23.9400,23.9100,24.1300,24.1500,24.1600,24.1700,24.1800,36,82,11,10,20,1,4,34,1,24
SZ,002322,2017-01-03 09:36:03,24.1200,2,89100.0000,37,B,24.0100,24.0000,23.9500,23.9400,23.9100,24.1200,24.1300,24.1500,24.1600,24.1700,2,69,11,10,20,4,1,5,34,1
SZ,002322,2017-01-03 09:36:09,24.1000,3,108452.0000,45,S,24.0100,24.0000,23.9500,23.9400,23.9100,24.1200,24.1300,24.1500,24.1600,24.1700,2,69,11,10,20,3,1,11,34,1
SZ,002322,2017-01-03 09:36:12,24.0800,1,4816.0000,2,S,24.0100,24.0000,23.9500,23.9400,23.9100,24.0800,24.1000,24.1200,24.1300,24.1500,2,69,11,10,21,28,3,10,4,11
SZ,002322,2017-01-03 09:36:15,24.0800,2,38528.0000,16,B,24.0100,24.0000,23.9500,23.9100,23.9000,24.0800,24.1000,24.1200,24.1300,24.1500,2,69,11,21,2,12,3,15,4,11
SZ,002322,2017-01-03 09:36:18,24.1200,5,36132.0000,15,B,24.0800,24.0100,24.0000,23.9500,23.9100,24.1200,24.1300,24.1500,24.1600,24.1700,5,2,89,11,21,12,4,21,34,21
SZ,002322,2017-01-03 09:36:21,24.1000,2,245816.0000,102,S,24.0800,24.0100,24.0000,23.9500,23.9100,24.1200,24.1300,24.1500,24.1600,24.1700,4,2,89,11,21,12,4,21,34,21
SZ,002322,2017-01-03 09:36:24,24.0100,4,16842.0000,7,S,24.0000,23.9500,23.9100,23.9000,23.8900,24.1000,24.1200,24.1300,24.1500,24.1600,89,11,21,2,88,1,20,4,21,34
SZ,002322,2017-01-03 09:36:27,24.0000,4,16848.0000,7,S,24.0000,23.9500,23.9100,23.9000,23.8900,24.1000,24.1200,24.1300,24.1500,24.1600,87,11,21,2,88,9,25,4,21,34
SZ,002322,2017-01-03 09:36:39,24.0700,2,21628.0000,9,B,24.0000,23.9500,23.9100,23.9000,23.8900,24.0200,24.0700,24.0800,24.1000,24.1100,145,11,21,2,88,10,2,10,85,45
SZ,002322,2017-01-03 09:36:42,24.0000,2,24000.0000,10,S,24.0000,23.9500,23.9100,23.9000,23.8900,24.0200,24.0700,24.0800,24.1000,24.1100,145,11,21,2,88,10,4,11,79,15
SZ,002322,2017-01-03 09:36:48,24.0000,2,24000.0000,10,S,24.0000,23.9500,23.9100,23.9000,23.8900,24.0200,24.0700,24.0800,24.0900,24.1000,140,11,21,2,88,13,8,11,1,79
SZ,002322,2017-01-03 09:36:51,24.0200,4,19212.0000,8,B,24.0000,23.9500,23.9100,23.9000,23.8900,24.0200,24.0700,24.0800,24.0900,24.1000,138,11,21,2,88,17,8,11,1,79
SZ,002322,2017-01-03 09:36:54,24.0200,3,36030.0000,15,B,24.0100,24.0000,23.9500,23.9100,23.9000,24.0200,24.0700,24.0800,24.0900,24.1000,21,153,11,21,2,2,10,16,1,79
SZ,002322,2017-01-03 09:36:57,24.0200,1,4804.0000,2,B,24.0200,24.0100,24.0000,23.9500,23.9100,24.0700,24.0800,24.0900,24.1000,24.1100,8,21,153,11,21,10,16,1,79,15
SZ,002322,2017-01-03 09:37:00,24.1000,11,240937.0000,100,B,24.0200,24.0100,24.0000,23.9500,23.9100,24.1000,24.1100,24.1200,24.1300,24.1500,15,21,153,11,21,6,15,26,8,12
SZ,002322,2017-01-03 09:37:03,24.0000,16,480051.0000,200,S,24.0200,23.9500,23.9100,23.9000,23.8900,24.0600,24.1000,24.1100,24.1200,24.1300,5,11,21,4,88,6,6,15,26,5
SZ,002322,2017-01-03 09:37:06,24.0600,1,14436.0000,6,B,24.0900,24.0200,23.9500,23.9100,23.9000,24.1000,24.1100,24.1200,24.1300,24.1500,9,5,11,21,4,6,15,26,5,12
SZ,002322,2017-01-03 09:37:09,24.0900,1,4818.0000,2,S,24.0900,24.0200,23.9500,23.9100,23.9000,24.1000,24.1100,24.1200,24.1300,24.1500,7,5,11,21,4,20,15,26,5,12
SZ,002322,2017-01-03 09:37:12,24.0000,3,33673.0000,14,S,23.9500,23.9100,23.9000,23.8900,23.8700,24.0000,24.0200,24.0400,24.0900,24.1000,11,21,4,88,2,3,4,2,6,30
SZ,002322,2017-01-03 09:37:15,24.0000,1,2400.0000,1,B,23.9500,23.9100,23.9000,23.8900,23.8700,24.0000,24.0200,24.0400,24.0900,24.1000,11,21,4,88,2,5,4,2,6,30
SZ,002322,2017-01-03 09:37:21,23.9500,1,2395.0000,1,S,23.9500,23.9100,23.9000,23.8900,23.8700,24.0000,24.0200,24.0400,24.0900,24.1000,10,21,4,88,2,5,4,2,9,34
SZ,002322,2017-01-03 09:37:24,24.0000,2,12000.0000,5,B,24.0000,23.9500,23.9100,23.9000,23.8900,24.0200,24.0400,24.0900,24.1000,24.1100,1,10,21,4,88,1,2,14,35,19
SZ,002322,2017-01-03 09:37:30,24.1000,12,208443.0000,87,B,24.1000,24.0000,23.9600,23.9500,23.9100,24.1100,24.1200,24.1300,24.1500,24.1600,13,1,5,10,21,19,26,5,12,6
SZ,002322,2017-01-03 09:37:33,24.1000,2,32535.0000,13,S,24.0000,23.9600,23.9500,23.9100,23.9000,24.0200,24.1000,24.1100,24.1200,24.1300,1,5,15,21,4,5,5,19,26,5
SZ,002322,2017-01-03 09:37:36,23.9600,3,14386.0000,6,S,23.9600,23.9500,23.9100,23.9000,23.8900,24.0200,24.1000,24.1100,24.1200,24.1300,1,15,21,4,88,4,55,19,26,5
SZ,002322,2017-01-03 09:37:45,24.0000,1,4800.0000,2,S,24.0000,23.9600,23.9500,23.9100,23.9000,24.0200,24.0800,24.1000,24.1100,24.1200,14,1,15,21,4,4,2,59,19,95
SZ,002322,2017-01-03 09:37:51,24.0200,1,9608.0000,4,B,24.0700,24.0000,23.9600,23.9500,23.9100,24.0800,24.1000,24.1100,24.1200,24.1300,26,14,1,15,21,4,59,19,95,5
SZ,002322,2017-01-03 09:37:54,24.0900,4,79493.0000,33,B,24.0700,24.0000,23.9600,23.9500,23.9100,24.0900,24.1000,24.1100,24.1200,24.1300,26,14,1,15,21,235,59,19,95,5
SZ,002322,2017-01-03 09:37:57,24.0700,1,43326.0000,18,S,24.0700,24.0000,23.9500,23.9100,23.9000,24.0900,24.1000,24.1100,24.1200,24.1300,8,14,19,21,4,235,66,19,95,5
SZ,002322,2017-01-03 09:38:00,24.0000,2,24056.0000,10,S,24.0000,23.9500,23.9100,23.9000,23.8900,24.0700,24.0900,24.1000,24.1100,24.1200,12,19,21,4,88,67,235,70,19,95
SZ,002322,2017-01-03 09:38:03,24.0000,3,33604.0000,14,S,23.9500,23.9100,23.9000,23.8900,23.8700,24.0000,24.0700,24.0900,24.1000,24.1100,19,21,4,88,7,6,73,235,70,19
SZ,002322,2017-01-03 09:38:09,24.0000,2,7190.0000,3,B,23.9500,23.9100,23.9000,23.8900,23.8700,24.0000,24.0600,24.0700,24.0800,24.0900,17,21,4,88,7,10,3,92,42,235
SZ,002322,2017-01-03 09:38:18,24.0000,1,4800.0000,2,B,23.9500,23.9100,23.9000,23.8900,23.8700,24.0000,24.0600,24.0700,24.0800,24.0900,17,21,3,88,7,9,3,92,42,235
SZ,002322,2017-01-03 09:38:21,23.9500,1,11975.0000,5,S,23.9500,23.9100,23.9000,23.8900,23.8700,24.0000,24.0600,24.0700,24.0800,24.0900,12,21,3,88,7,9,3,92,42,235
SZ,002322,2017-01-03 09:38:27,23.9500,1,4790.0000,2,S,23.9500,23.9100,23.9000,23.8900,23.8700,24.0000,24.0600,24.0700,24.0800,24.0900,10,21,3,88,7,18,18,92,43,230
SZ,002322,2017-01-03 09:38:36,23.9500,9,64740.0000,27,S,23.9500,23.9100,23.9000,23.8900,23.8700,24.0000,24.0600,24.0700,24.0800,24.0900,5,21,13,88,7,8,18,97,1,230
SZ,002322,2017-01-03 09:38:39,24.0000,1,4800.0000,2,B,23.9500,23.9100,23.9000,23.8900,23.8700,24.0000,24.0600,24.0700,24.0800,24.0900,5,21,13,88,7,6,18,97,2,230
SZ,002322,2017-01-03 09:38:42,23.9000,6,93256.0000,39,S,23.8900,23.8700,23.8600,23.8500,23.8400,23.9000,24.0000,24.0600,24.0700,24.0800,88,7,5,106,1,11,6,18,97,2
SZ,002322,2017-01-03 09:38:45,23.9000,1,4780.0000,2,B,23.8900,23.8700,23.8600,23.8500,23.8400,23.9000,23.9500,24.0000,24.0600,24.0700,88,7,5,106,1,9,20,6,18,97
SZ,002322,2017-01-03 09:38:48,23.9500,2,23905.0000,10,B,23.8900,23.8700,23.8600,23.8500,23.8400,23.9500,24.0000,24.0600,24.0700,24.0800,88,7,5,106,1,33,6,18,97,6
SZ,002322,2017-01-03 09:38:51,23.8900,4,26285.0000,11,S,23.8900,23.8700,23.8600,23.8500,23.8400,23.9500,24.0000,24.0200,24.0600,24.0700,80,7,5,106,1,32,6,2,26,97
SZ,002322,2017-01-03 09:39:06,23.9500,5,43092.0000,18,B,23.9000,23.8900,23.8800,23.8700,23.8600,23.9500,24.0000,24.0200,24.0600,24.0700,50,80,2,7,5,18,6,2,28,72
SZ,002322,2017-01-03 09:39:15,23.9500,2,11975.0000,5,B,23.9000,23.8900,23.8800,23.8700,23.8600,23.9500,24.0000,24.0200,24.0600,24.0700,86,255,2,107,5,13,9,2,28,72
SZ,002322,2017-01-03 09:39:21,24.0000,6,76735.0000,32,B,24.0000,23.9500,23.9100,23.9000,23.8900,24.0200,24.0600,24.0700,24.0800,24.0900,123,7,1,86,255,2,28,72,6,230
SZ,002322,2017-01-03 09:39:33,24.0200,1,4804.0000,2,B,24.0200,24.0000,23.9500,23.9100,23.9000,24.0600,24.0700,24.0800,24.0900,24.1000,8,123,9,16,86,10,72,6,230,362
SZ,002322,2017-01-03 09:39:36,24.0000,4,86440.0000,36,S,24.0200,24.0000,23.9500,23.9100,23.9000,24.0600,24.0700,24.0800,24.0900,24.1000,20,99,9,16,87,6,72,6,230,362
SZ,002322,2017-01-03 09:39:42,24.0600,2,14436.0000,6,B,24.0600,24.0200,24.0100,24.0000,23.9500,24.0700,24.0800,24.0900,24.1000,24.1100,3,20,16,99,9,72,6,230,362,4
SZ,002322,2017-01-03 09:39:45,24.0600,1,7218.0000,3,S,24.0200,24.0100,24.0000,23.9500,23.9100,24.0600,24.0700,24.0800,24.0900,24.1000,20,16,99,9,16,2,72,6,230,362
SZ,002322,2017-01-03 09:39:48,24.0200,3,55344.0000,23,S,24.0300,24.0200,24.0100,24.0000,23.9500,24.0700,24.0800,24.0900,24.1000,24.1100,5,17,16,99,9,54,6,230,362,4
SZ,002322,2017-01-03 09:39:51,24.0700,1,2407.0000,1,B,24.0600,24.0300,24.0200,24.0100,24.0000,24.0700,24.0800,24.0900,24.1000,24.1100,13,5,17,16,99,53,6,230,362,4
SZ,002322,2017-01-03 09:39:54,24.0600,1,7218.0000,3,S,24.0600,24.0300,24.0200,24.0100,24.0000,24.0700,24.0800,24.0900,24.1000,24.1100,49,5,17,16,99,53,6,230,372,4
SZ,002322,2017-01-03 09:39:57,24.0700,2,14437.0000,6,B,24.0600,24.0300,24.0200,24.0100,24.0000,24.0700,24.0800,24.0900,24.1000,24.1100,44,62,17,16,99,52,6,230,393,4
SZ,002322,2017-01-03 09:40:03,24.0600,3,74586.0000,31,S,24.0600,24.0300,24.0200,24.0100,24.0000,24.0700,24.0800,24.0900,24.1000,24.1100,19,62,17,16,102,52,6,230,393,4
SZ,002322,2017-01-03 09:40:06,24.0600,6,64974.0000,27,S,24.0600,24.0300,24.0200,24.0100,24.0000,24.0700,24.0800,24.0900,24.1000,24.1100,10,62,17,16,102,40,6,230,393,4
SZ,002322,2017-01-03 09:40:09,24.0600,7,144411.0000,60,S,24.0600,24.0300,24.0200,24.0100,24.0000,24.0800,24.0900,24.1000,24.1100,24.1200,1,62,17,16,102,6,230,371,4,879
SZ,002322,2017-01-03 09:40:12,24.0200,4,192226.0000,80,S,24.0100,24.0000,23.9500,23.9100,23.9000,24.0200,24.0600,24.0800,24.0900,24.1000,16,102,9,16,57,72,20,12,230,371
SZ,002322,2017-01-03 09:40:15,24.0200,1,7206.0000,3,B,24.0100,24.0000,23.9500,23.9100,23.9000,24.0200,24.0600,24.0800,24.0900,24.1000,16,104,9,16,57,69,30,17,230,371
SZ,002322,2017-01-03 09:40:18,24.0200,1,21618.0000,9,B,24.0100,24.0000,23.9500,23.9100,23.9000,24.0200,24.0600,24.0800,24.0900,24.1000,16,104,9,16,57,60,38,22,230,371
SZ,002322,2017-01-03 09:40:24,24.0100,1,24010.0000,10,S,24.0100,24.0000,23.9500,23.9100,23.9000,24.0200,24.0600,24.0800,24.0900,24.1000,6,104,9,16,57,60,38,27,230,371
SZ,002322,2017-01-03 09:40:27,24.0100,4,48020.0000,20,S,24.0100,24.0000,23.9500,23.9100,23.9000,24.0200,24.0600,24.0800,24.0900,24.1000,37,104,9,16,57,60,38,37,230,381
SZ,002322,2017-01-03 09:40:30,24.0000,8,494587.0000,206,S,23.9500,23.9100,23.9000,23.8900,23.8800,24.0000,24.0600,24.0800,24.0900,24.1000,9,16,57,90,2,44,33,37,230,381
SZ,002322,2017-01-03 09:40:33,24.0000,2,62400.0000,26,B,23.9500,23.9100,23.9000,23.8900,23.8800,24.0000,24.0100,24.0200,24.0600,24.0800,9,30,57,90,2,18,1,30,48,37
SZ,002322,2017-01-03 09:40:48,24.0200,3,110456.0000,46,B,23.9500,23.9200,23.9100,23.9000,23.8900,24.0200,24.0600,24.0800,24.0900,24.1000,9,8,30,57,90,2,48,46,230,381
SZ,002322,2017-01-03 09:40:54,23.9500,2,14370.0000,6,S,23.9500,23.9200,23.9100,23.9000,23.8900,24.0200,24.0600,24.0800,24.0900,24.1000,3,8,30,57,90,2,48,46,230,381
SZ,002322,2017-01-03 09:41:03,23.9500,4,28780.0000,12,S,23.9300,23.9200,23.9100,23.9000,23.8900,23.9500,24.0000,24.0200,24.0500,24.0600,11,8,30,57,90,9,13,2,35,48
SZ,002322,2017-01-03 09:41:09,23.9500,3,28740.0000,12,B,23.9300,23.9200,23.9100,23.9000,23.8900,23.9500,24.0000,24.0200,24.0500,24.0600,11,8,30,57,90,27,13,2,35,48
SZ,002322,2017-01-03 09:41:12,24.0000,5,115030.0000,48,B,24.0000,23.9300,23.9200,23.9100,23.9000,24.0200,24.0500,24.0600,24.0800,24.0900,126,11,8,30,57,2,35,48,51,230
SZ,002322,2017-01-03 09:41:15,24.0000,1,21600.0000,9,S,24.0000,23.9300,23.9200,23.9100,23.9000,24.0200,24.0500,24.0600,24.0800,24.0900,117,11,8,30,57,2,43,48,51,230
SZ,002322,2017-01-03 09:41:21,24.0000,2,228000.0000,95,S,24.0000,23.9300,23.9200,23.9100,23.9000,24.0200,24.0500,24.0600,24.0800,24.0900,22,11,8,30,57,2,35,58,51,230
SZ,002322,2017-01-03 09:41:24,24.0200,1,4804.0000,2,B,24.0200,24.0000,23.9300,23.9200,23.9100,24.0500,24.0600,24.0800,24.0900,24.1000,38,27,11,8,30,35,58,56,230,381
SZ,002322,2017-01-03 09:41:27,24.0000,4,156076.0000,65,S,23.9500,23.9300,23.9200,23.9100,23.9000,24.0000,24.0500,24.0600,24.0800,24.0900,2,23,8,30,57,66,35,58,56,230
SZ,002322,2017-01-03 09:41:39,24.0000,2,115200.0000,48,B,23.9500,23.9300,23.9200,23.9100,23.9000,24.0000,24.0200,24.0500,24.0600,24.0800,7,23,9,30,57,18,3,35,48,64
SZ,002322,2017-01-03 09:41:42,24.0000,3,55200.0000,23,B,24.0000,23.9500,23.9300,23.9200,23.9100,24.0200,24.0500,24.0600,24.0800,24.0900,13,7,23,9,30,3,35,48,64,230
SZ,002322,2017-01-03 09:41:48,24.0000,1,31200.0000,13,S,23.9500,23.9300,23.9200,23.9100,23.9000,24.0000,24.0200,24.0500,24.0600,24.0800,7,23,9,30,57,30,3,35,48,64
SZ,002322,2017-01-03 09:41:57,24.0000,2,28800.0000,12,B,23.9600,23.9500,23.9300,23.9200,23.9100,24.0000,24.0200,24.0500,24.0600,24.0800,4,7,12,9,30,28,4,35,48,64
SZ,002322,2017-01-03 09:42:00,24.0000,1,4800.0000,2,B,23.9600,23.9500,23.9300,23.9200,23.9100,24.0000,24.0200,24.0500,24.0600,24.0800,4,7,12,9,35,26,4,35,48,74
SZ,002322,2017-01-03 09:42:06,23.9600,4,83960.0000,35,S,23.9600,23.9500,23.9300,23.9200,23.9100,24.0000,24.0200,24.0500,24.0600,24.0800,11,7,12,9,35,1,4,35,48,78
SZ,002322,2017-01-03 09:42:15,24.0000,3,9594.0000,4,B,23.9600,23.9500,23.9300,23.9200,23.9100,24.0000,24.0200,24.0500,24.0600,24.0800,11,7,12,9,35,30,4,35,48,73
SZ,002322,2017-01-03 09:42:24,23.9600,1,7188.0000,3,S,23.9600,23.9500,23.9300,23.9200,23.9100,23.9700,23.9800,24.0000,24.0200,24.0500,19,7,12,9,35,1,2,36,4,35
SZ,002322,2017-01-03 09:42:27,23.9600,1,7188.0000,3,S,23.9600,23.9500,23.9300,23.9200,23.9100,23.9700,23.9800,24.0000,24.0200,24.0500,21,7,12,9,35,1,2,36,4,35
SZ,002322,2017-01-03 09:42:30,23.9700,1,2397.0000,1,B,23.9700,23.9600,23.9500,23.9300,23.9200,23.9800,24.0000,24.0200,24.0500,24.0600,4,21,7,12,9,2,36,4,35,46
SZ,002322,2017-01-03 09:42:42,23.9800,1,4796.0000,2,B,23.9800,23.9700,23.9600,23.9500,23.9300,24.0000,24.0200,24.0500,24.0600,24.0800,8,4,21,17,12,39,4,35,46,73
SZ,002322,2017-01-03 09:42:45,24.0000,2,55200.0000,23,B,23.9800,23.9700,23.9600,23.9500,23.9300,24.0000,24.0200,24.0500,24.0600,24.0800,8,4,21,17,12,16,4,35,46,73
SZ,002322,2017-01-03 09:42:57,23.9800,3,9598.0000,4,S,23.9800,23.9700,23.9600,23.9500,23.9300,24.0000,24.0200,24.0500,24.0600,24.0800,12,4,22,17,12,14,4,35,44,73
SZ,002322,2017-01-03 09:43:03,24.0000,3,24000.0000,10,B,23.9800,23.9700,23.9600,23.9500,23.9300,24.0000,24.0200,24.0500,24.0600,24.0800,12,4,22,17,12,51,4,35,44,73
SZ,002322,2017-01-03 09:43:06,24.0000,3,12000.0000,5,B,23.9800,23.9700,23.9600,23.9500,23.9300,24.0000,24.0200,24.0500,24.0600,24.0800,12,4,22,17,12,46,4,35,44,73
SZ,002322,2017-01-03 09:43:09,24.0000,1,26400.0000,11,B,23.9800,23.9700,23.9600,23.9500,23.9300,24.0000,24.0200,24.0500,24.0600,24.0800,12,4,22,17,12,43,4,35,44,73
SZ,002322,2017-01-03 09:43:21,23.9800,1,11990.0000,5,S,23.9800,23.9700,23.9600,23.9500,23.9200,24.0000,24.0100,24.0200,24.0400,24.0500,7,4,22,15,9,47,50,4,2,35
SZ,002322,2017-01-03 09:43:27,24.0000,1,38400.0000,16,B,23.9800,23.9700,23.9600,23.9500,23.9200,24.0000,24.0200,24.0400,24.0500,24.0600,7,4,17,16,9,31,4,2,35,44
SZ,002322,2017-01-03 09:43:30,23.9800,2,9592.0000,4,S,23.9800,23.9700,23.9600,23.9500,23.9200,24.0000,24.0200,24.0400,24.0500,24.0600,3,4,17,16,9,31,4,2,35,44
SZ,002322,2017-01-03 09:43:33,24.0000,3,74400.0000,31,B,24.0000,23.9800,23.9700,23.9600,23.9500,24.0200,24.0400,24.0500,24.0600,24.0800,4,16,4,17,16,4,2,35,44,78
SZ,002322,2017-01-03 09:43:36,24.0000,1,9600.0000,4,S,23.9800,23.9700,23.9600,23.9500,23.9200,24.0000,24.0200,24.0400,24.0500,24.0600,16,4,17,16,9,1,4,2,35,44
SZ,002322,2017-01-03 09:43:45,24.0000,1,2400.0000,1,B,23.9800,23.9700,23.9600,23.9500,23.9200,24.0200,24.0400,24.0500,24.0600,24.0700,18,4,6,16,9,4,2,35,44,3
SZ,002322,2017-01-03 09:43:48,23.9800,2,11990.0000,5,S,23.9800,23.9700,23.9600,23.9500,23.9200,24.0200,24.0400,24.0500,24.0600,24.0700,23,4,1,16,9,4,2,35,44,3
SZ,002322,2017-01-03 09:43:57,23.9800,1,23980.0000,10,S,23.9900,23.9800,23.9700,23.9600,23.9500,24.0000,24.0200,24.0300,24.0400,24.0500,9,13,4,1,16,19,4,4,2,35
SZ,002322,2017-01-03 09:44:00,24.0000,1,4800.0000,2,B,23.9900,23.9800,23.9700,23.9600,23.9500,24.0000,24.0200,24.0300,24.0400,24.0500,9,13,4,1,16,17,4,4,2,35
SZ,002322,2017-01-03 09:44:09,24.0000,2,26400.0000,11,B,23.9900,23.9800,23.9700,23.9600,23.9500,24.0000,24.0200,24.0300,24.0400,24.0500,20,13,4,11,16,6,4,4,2,37
SZ,002322,2017-01-03 09:44:12,24.0000,2,38400.0000,16,B,24.0000,23.9900,23.9800,23.9700,23.9600,24.0200,24.0300,24.0400,24.0500,24.0600,56,20,23,4,11,4,4,2,37,44
SZ,002322,2017-01-03 09:44:15,24.0000,1,7200.0000,3,S,24.0000,23.9900,23.9800,23.9700,23.9600,24.0200,24.0300,24.0400,24.0500,24.0600,53,20,23,4,11,4,4,2,37,44
SZ,002322,2017-01-03 09:44:24,24.0000,2,60000.0000,25,S,24.0000,23.9900,23.9800,23.9700,23.9600,24.0100,24.0200,24.0300,24.0400,24.0500,46,9,23,4,11,1,34,4,2,37
SZ,002322,2017-01-03 09:44:27,24.0000,8,76844.0000,32,S,24.0000,23.9900,23.9800,23.9700,23.9600,24.0200,24.0300,24.0400,24.0500,24.0600,39,9,23,4,11,15,4,2,37,44
SZ,002322,2017-01-03 09:44:30,24.0000,4,72000.0000,30,S,24.0000,23.9900,23.9800,23.9700,23.9600,24.0200,24.0300,24.0400,24.0500,24.0600,9,9,23,4,11,15,4,2,37,44
SZ,002322,2017-01-03 09:44:33,24.0200,1,24020.0000,10,B,24.0000,23.9900,23.9800,23.9700,23.9600,24.0200,24.0300,24.0400,24.0500,24.0600,9,9,23,4,11,5,4,2,37,44
SZ,002322,2017-01-03 09:44:39,24.0200,1,12010.0000,5,B,24.0200,24.0100,24.0000,23.9900,23.9800,24.0300,24.0400,24.0500,24.0600,24.0700,5,20,8,9,23,4,2,37,44,3
SZ,002322,2017-01-03 09:44:45,24.0100,2,48025.0000,20,S,24.0100,24.0000,23.9900,23.9800,23.9700,24.0300,24.0400,24.0500,24.0600,24.0700,5,6,9,21,4,4,2,37,44,3
SZ,002322,2017-01-03 09:44:54,24.0100,2,12009.0000,5,S,24.0100,24.0000,23.9900,23.9800,23.9700,24.0300,24.0400,24.0500,24.0600,24.0700,5,9,10,21,4,2,2,37,44,3
SZ,002322,2017-01-03 09:45:00,24.0300,1,4806.0000,2,B,24.0100,24.0000,23.9900,23.9800,23.9700,24.0200,24.0400,24.0500,24.0600,24.0700,7,9,12,21,4,15,2,35,44,3
SZ,002322,2017-01-03 09:45:03,24.0500,4,57673.0000,24,B,24.0100,24.0000,23.9900,23.9800,23.9700,24.0500,24.0600,24.0700,24.0800,24.0900,7,9,12,21,4,28,44,3,68,230
SZ,002322,2017-01-03 09:45:12,24.0500,1,4810.0000,2,B,24.0100,24.0000,23.9900,23.9800,23.9700,24.0500,24.0600,24.0700,24.0800,24.0900,7,19,12,21,4,26,44,3,68,230
SZ,002322,2017-01-03 09:45:15,24.0500,2,4810.0000,2,B,24.0100,24.0000,23.9900,23.9800,23.9700,24.0500,24.0600,24.0700,24.0800,24.0900,7,19,12,21,4,24,44,3,68,230
SZ,002322,2017-01-03 09:45:21,24.0000,4,19204.0000,8,S,24.0000,23.9900,23.9800,23.9700,23.9600,24.0100,24.0400,24.0500,24.0600,24.0700,25,3,21,4,11,1,5,24,44,3
SZ,002322,2017-01-03 09:45:27,24.0400,4,24033.0000,10,B,24.0000,23.9900,23.9800,23.9700,23.9600,24.0400,24.0500,24.0600,24.0700,24.0800,40,3,21,4,11,7,24,44,3,68
SZ,002322,2017-01-03 09:45:30,24.0600,3,76954.0000,32,B,24.0300,24.0000,23.9900,23.9800,23.9700,24.0600,24.0700,24.0800,24.0900,24.1000,3,40,3,21,4,43,3,68,230,868
SZ,002322,2017-01-03 09:45:33,24.0300,1,2403.0000,1,S,24.0300,24.0000,23.9900,23.9800,23.9700,24.0600,24.0700,24.0800,24.0900,24.1000,2,40,3,21,4,43,3,68,230,868
SZ,002322,2017-01-03 09:45:36,24.0000,2,7206.0000,3,S,24.0300,24.0000,23.9900,23.9800,23.9700,24.0400,24.0600,24.0700,24.0800,24.0900,2,39,3,21,4,1,43,3,68,230
SZ,002322,2017-01-03 09:45:42,24.0300,1,4806.0000,2,S,24.0000,23.9900,23.9800,23.9700,23.9600,24.0400,24.0500,24.0600,24.0700,24.0800,39,3,21,4,11,1,2,43,3,68
SZ,002322,2017-01-03 09:45:51,24.0000,2,14400.0000,6,S,24.0100,24.0000,23.9900,23.9800,23.9700,24.0400,24.0500,24.0600,24.0700,24.0800,114,33,3,21,4,1,5,43,3,96
SZ,002322,2017-01-03 09:45:57,24.0500,4,21644.0000,9,B,24.0500,24.0100,24.0000,23.9900,23.9800,24.0600,24.0700,24.0800,24.0900,24.1000,1,114,33,3,21,43,3,96,646,452
SZ,002322,2017-01-03 09:46:00,24.0500,1,2405.0000,1,S,24.0100,24.0000,23.9900,23.9800,23.9700,24.0400,24.0600,24.0700,24.0800,24.0900,114,53,3,21,4,1,43,3,96,646
SZ,002322,2017-01-03 09:46:06,24.0400,2,7212.0000,3,B,24.0100,24.0000,23.9900,23.9800,23.9700,24.0500,24.0600,24.0700,24.0800,24.0900,114,53,3,21,4,1,43,53,96,646
SZ,002322,2017-01-03 09:46:21,24.0200,1,7206.0000,3,S,24.0200,24.0100,24.0000,23.9900,23.9800,24.0500,24.0600,24.0700,24.0800,24.0900,37,114,53,1,21,19,58,53,96,646
SZ,002322,2017-01-03 09:46:30,24.0500,3,26449.0000,11,B,24.0300,24.0200,24.0000,23.9900,23.9800,24.0500,24.0600,24.0700,24.0800,24.0900,9,37,54,1,21,11,58,53,96,646
SZ,002322,2017-01-03 09:46:36,24.0500,1,4810.0000,2,B,24.0300,24.0200,24.0000,23.9900,23.9800,24.0500,24.0600,24.0700,24.0800,24.0900,9,37,54,1,21,13,58,53,98,646
SZ,002322,2017-01-03 09:46:45,24.0400,4,33646.0000,14,B,24.0200,24.0000,23.9900,23.9800,23.9700,24.0400,24.0500,24.0600,24.0700,24.0800,37,54,1,21,4,1,17,58,53,98
SZ,002322,2017-01-03 09:46:48,24.0400,3,12016.0000,5,B,24.0400,24.0200,24.0000,23.9900,23.9800,24.0500,24.0600,24.0700,24.0800,24.0900,10,37,54,1,21,17,58,53,98,646
SZ,002322,2017-01-03 09:46:51,24.0500,1,2405.0000,1,B,24.0400,24.0200,24.0000,23.9900,23.9800,24.0500,24.0600,24.0700,24.0800,24.0900,10,37,54,1,21,20,58,53,98,646
SZ,002322,2017-01-03 09:46:54,24.0400,1,12020.0000,5,S,24.0400,24.0200,24.0000,23.9900,23.9800,24.0500,24.0600,24.0700,24.0800,24.0900,5,37,54,1,20,20,58,53,98,646
SZ,002322,2017-01-03 09:46:57,24.0000,8,230494.0000,96,S,23.9900,23.9800,23.9700,23.9600,23.9500,24.0000,24.0200,24.0500,24.0600,24.0700,1,20,4,11,16,104,50,20,58,53
SZ,002322,2017-01-03 09:47:00,24.0200,2,273620.0000,114,B,23.9900,23.9800,23.9700,23.9600,23.9500,24.0200,24.0500,24.0600,24.0700,24.0800,1,20,4,11,16,40,25,58,53,108
SZ,002322,2017-01-03 09:47:06,23.9900,1,2399.0000,1,S,23.9800,23.9700,23.9600,23.9500,23.9200,23.9900,24.0200,24.0500,24.0600,24.0700,20,4,11,16,8,9,40,25,58,53
SZ,002322,2017-01-03 09:47:15,23.9900,2,45581.0000,19,B,24.0000,23.9800,23.9700,23.9600,23.9500,24.0200,24.0500,24.0600,24.0700,24.0800,1,20,4,11,16,40,25,58,53,102
SZ,002322,2017-01-03 09:47:18,24.0200,1,31226.0000,13,B,24.0000,23.9900,23.9800,23.9700,23.9600,24.0200,24.0500,24.0600,24.0700,24.0800,1,13,20,4,11,27,25,58,53,102
SZ,002322,2017-01-03 09:47:21,24.0000,1,2400.0000,1,S,23.9900,23.9800,23.9700,23.9600,23.9500,24.0000,24.0200,24.0500,24.0600,24.0700,13,20,4,11,16,3,27,25,58,53
SZ,002322,2017-01-03 09:47:24,24.0000,2,7200.0000,3,B,24.0000,23.9900,23.9800,23.9700,23.9600,24.0200,24.0500,24.0600,24.0700,24.0800,1,13,20,4,11,27,25,58,59,102
SZ,002322,2017-01-03 09:47:30,24.0200,2,4802.0000,2,B,23.9900,23.9800,23.9700,23.9600,23.9500,24.0200,24.0500,24.0600,24.0700,24.0800,15,25,4,11,16,26,25,61,59,102
SZ,002322,2017-01-03 09:47:39,24.0000,2,67200.0000,28,B,24.0000,23.9900,23.9800,23.9700,23.9600,24.0200,24.0500,24.0600,24.0700,24.0800,1,15,25,4,11,31,26,61,59,102
SZ,002322,2017-01-03 09:47:48,24.0200,7,132013.0000,55,B,23.9800,23.9700,23.9600,23.9500,23.9200,24.0200,24.0500,24.0600,24.0700,24.0800,37,4,11,16,8,25,26,61,59,102
SZ,002322,2017-01-03 09:48:12,23.9900,3,28803.0000,12,B,23.9900,23.9800,23.9700,23.9600,23.9500,24.0200,24.0300,24.0500,24.0600,24.0700,1,57,4,1,16,20,6,26,61,61
SZ,002322,2017-01-03 09:48:24,23.9900,1,2399.0000,1,S,23.9900,23.9800,23.9700,23.9600,23.9500,24.0200,24.0300,24.0500,24.0600,24.0700,3,57,45,1,16,20,6,26,61,61
SZ,002322,2017-01-03 09:48:39,23.9800,3,23985.0000,10,S,23.9800,23.9700,23.9600,23.9500,23.9200,23.9900,24.0200,24.0300,24.0500,24.0600,52,4,1,16,8,5,20,6,26,61
SZ,002322,2017-01-03 09:48:42,23.9900,1,11995.0000,5,B,23.9800,23.9700,23.9600,23.9500,23.9200,24.0200,24.0300,24.0500,24.0600,24.0700,52,4,1,16,8,20,6,26,61,61
SZ,002322,2017-01-03 09:48:51,24.0200,1,4804.0000,2,B,24.0000,23.9800,23.9700,23.9600,23.9500,24.0200,24.0300,24.0500,24.0600,24.0700,2,52,4,1,16,18,6,26,61,61
SZ,002322,2017-01-03 09:48:54,24.0000,1,2400.0000,1,S,24.0000,23.9800,23.9700,23.9600,23.9500,24.0200,24.0300,24.0500,24.0600,24.0700,1,52,4,1,16,18,6,26,61,61
SZ,002322,2017-01-03 09:48:57,24.0200,4,28824.0000,12,B,24.0000,23.9900,23.9800,23.9700,23.9600,24.0100,24.0200,24.0300,24.0500,24.0600,1,41,52,4,1,5,6,6,26,61
SZ,002322,2017-01-03 09:49:00,23.9900,2,21592.0000,9,S,23.9900,23.9800,23.9700,23.9600,23.9500,24.0100,24.0200,24.0300,24.0500,24.0600,33,52,4,1,16,5,6,6,26,61
SZ,002322,2017-01-03 09:49:06,24.0200,2,24015.0000,10,B,23.9900,23.9800,23.9700,23.9600,23.9500,24.0200,24.0300,24.0500,24.0600,24.0700,33,52,4,1,15,1,6,31,61,61
SZ,002322,2017-01-03 09:49:30,24.0000,2,19200.0000,8,B,24.0000,23.9900,23.9800,23.9700,23.9600,24.0100,24.0200,24.0300,24.0400,24.0500,75,37,52,4,1,74,18,6,1,33
SZ,002322,2017-01-03 09:49:45,24.0000,1,7200.0000,3,S,24.0000,23.9900,23.9800,23.9700,23.9600,24.0100,24.0200,24.0300,24.0400,24.0500,86,37,52,4,1,74,18,11,1,38
SZ,002322,2017-01-03 09:49:48,24.0000,1,48000.0000,20,S,24.0000,23.9900,23.9800,23.9700,23.9600,24.0100,24.0200,24.0300,24.0400,24.0500,66,37,52,4,1,74,18,11,1,38
SZ,002322,2017-01-03 09:49:57,23.9800,10,388666.0000,162,S,23.9700,23.9600,23.9500,23.9200,23.9100,23.9800,24.0100,24.0200,24.0300,24.0400,4,1,15,8,21,75,67,18,11,1
SZ,002322,2017-01-03 09:50:03,23.9800,1,7194.0000,3,B,23.9700,23.9600,23.9500,23.9200,23.9100,23.9800,24.0000,24.0100,24.0200,24.0300,4,1,15,16,21,72,58,67,18,11
SZ,002322,2017-01-03 09:50:09,23.9800,1,7194.0000,3,B,23.9700,23.9600,23.9500,23.9200,23.9100,23.9800,24.0000,24.0100,24.0200,24.0300,4,1,15,16,21,69,63,67,18,11
SZ,002322,2017-01-03 09:50:15,23.9800,1,23980.0000,10,B,23.9700,23.9600,23.9500,23.9200,23.9100,23.9800,24.0000,24.0100,24.0200,24.0300,4,1,15,16,21,59,63,67,18,11
SZ,002322,2017-01-03 09:50:21,23.9700,2,50354.0000,21,B,23.9600,23.9500,23.9200,23.9100,23.9000,23.9700,23.9800,24.0000,24.0100,24.0200,1,15,16,21,36,6,42,63,67,18
SZ,002322,2017-01-03 09:50:24,23.9700,1,7191.0000,3,B,23.9600,23.9500,23.9200,23.9100,23.9000,23.9700,23.9800,24.0000,24.0100,24.0200,1,15,16,21,36,3,42,63,67,18
SZ,002322,2017-01-03 09:50:30,23.9500,2,4791.0000,2,S,23.9500,23.9200,23.9100,23.9000,23.8700,23.9600,23.9700,23.9800,24.0000,24.0100,14,16,21,36,7,39,6,42,63,67
SZ,002322,2017-01-03 09:50:33,23.9600,1,83860.0000,35,B,23.9500,23.9200,23.9100,23.9000,23.8700,23.9600,23.9700,23.9800,24.0000,24.0100,14,16,21,36,7,4,6,42,63,67
SZ,002322,2017-01-03 09:50:42,23.9500,3,14370.0000,6,S,23.9500,23.9200,23.9100,23.9000,23.8700,23.9600,23.9700,23.9800,24.0000,24.0100,8,16,21,36,7,4,26,42,63,67
SZ,002322,2017-01-03 09:50:45,23.9500,2,4790.0000,2,S,23.9500,23.9200,23.9100,23.9000,23.8700,23.9600,23.9700,23.9800,24.0000,24.0100,6,16,21,36,7,4,26,42,63,67
SZ,002322,2017-01-03 09:51:03,23.9500,1,4790.0000,2,S,23.9500,23.9200,23.9100,23.9000,23.8700,23.9600,23.9700,23.9800,24.0000,24.0100,16,16,21,36,7,4,26,42,63,67
SZ,002322,2017-01-03 09:51:09,23.9500,2,38320.0000,16,S,23.9200,23.9100,23.9000,23.8700,23.8600,23.9500,23.9600,23.9700,23.9800,24.0000,16,21,36,7,25,24,4,26,42,63
SZ,002322,2017-01-03 09:51:18,23.9200,2,38272.0000,16,S,23.9100,23.9000,23.8700,23.8600,23.8500,23.9200,23.9500,23.9600,23.9700,23.9800,21,41,7,25,136,36,24,4,26,42
SZ,002322,2017-01-03 09:51:21,23.9100,4,50211.0000,21,S,23.9000,23.8700,23.8600,23.8500,23.8400,23.9100,23.9200,23.9500,23.9600,23.9700,41,7,25,136,1,29,36,24,4,26
SZ,002322,2017-01-03 09:51:24,23.9000,5,97990.0000,41,S,23.8700,23.8600,23.8500,23.8400,23.8300,23.9000,23.9100,23.9200,23.9500,23.9600,7,25,136,1,11,7,29,36,24,4
SZ,002322,2017-01-03 09:51:27,23.8700,2,11935.0000,5,S,23.8700,23.8600,23.8500,23.8400,23.8300,23.9000,23.9100,23.9200,23.9500,23.9600,2,25,136,1,11,7,38,36,24,6
SZ,002322,2017-01-03 09:51:33,23.8500,4,66809.0000,28,S,23.8500,23.8400,23.8300,23.8000,23.7900,23.9000,23.9100,23.9200,23.9500,23.9600,135,1,11,49,20,7,38,36,29,6
SZ,002322,2017-01-03 09:51:36,23.9000,1,14340.0000,6,B,23.8600,23.8500,23.8400,23.8300,23.8000,23.9000,23.9100,23.9200,23.9500,23.9600,10,135,1,11,49,1,29,36,29,6
SZ,002322,2017-01-03 09:51:42,23.8600,1,21474.0000,9,S,23.8600,23.8500,23.8400,23.8300,23.8000,23.8700,23.9000,23.9100,23.9200,23.9500,2,105,1,11,49,21,1,29,36,29
SZ,002322,2017-01-03 09:51:51,23.8700,4,31028.0000,13,B,23.8600,23.8500,23.8400,23.8300,23.8000,23.8700,23.9000,23.9100,23.9200,23.9500,37,105,1,11,49,21,1,29,36,29
SZ,002322,2017-01-03 09:51:54,23.8600,1,4772.0000,2,S,23.8600,23.8500,23.8400,23.8300,23.8000,23.8700,23.9000,23.9100,23.9200,23.9500,35,105,1,11,49,21,1,29,36,29
SZ,002322,2017-01-03 09:51:57,23.8500,7,202826.0000,85,S,23.8500,23.8400,23.8300,23.8000,23.7900,23.8700,23.9000,23.9100,23.9200,23.9500,103,1,11,49,20,3,1,29,36,24
SZ,002322,2017-01-03 09:52:00,23.8500,1,2385.0000,1,S,23.8500,23.8400,23.8300,23.8000,23.7900,23.8600,23.8700,23.9000,23.9100,23.9200,108,1,11,49,20,19,3,1,29,36
SZ,002322,2017-01-03 09:52:03,23.8500,2,4771.0000,2,S,23.8500,23.8400,23.8300,23.8000,23.7900,23.8600,23.8700,23.9000,23.9100,23.9200,107,1,11,49,20,23,3,1,29,36
SZ,002322,2017-01-03 09:52:06,23.8500,1,19080.0000,8,S,23.8500,23.8400,23.8300,23.8000,23.7900,23.8600,23.8700,23.9000,23.9100,23.9200,99,1,11,49,20,23,3,1,29,36
SZ,002322,2017-01-03 09:52:12,23.8500,2,47700.0000,20,S,23.8500,23.8400,23.8300,23.8000,23.7900,23.8600,23.8700,23.9000,23.9100,23.9200,79,1,11,49,20,34,3,1,29,36
SZ,002322,2017-01-03 09:52:15,23.8500,5,50105.0000,21,S,23.8500,23.8400,23.8300,23.8000,23.7900,23.8600,23.8700,23.9000,23.9100,23.9200,124,1,26,49,20,14,3,1,29,36
SZ,002322,2017-01-03 09:52:18,23.8500,1,4770.0000,2,S,23.8500,23.8400,23.8300,23.8000,23.7900,23.8600,23.8700,23.9000,23.9100,23.9200,122,1,26,49,20,14,3,1,29,36
SZ,002322,2017-01-03 09:52:21,23.8600,3,57254.0000,24,B,23.8600,23.8500,23.8400,23.8300,23.8000,23.8700,23.9000,23.9100,23.9200,23.9600,36,112,1,26,49,3,1,29,36,6
SZ,002322,2017-01-03 09:52:24,23.8600,1,2386.0000,1,S,23.8600,23.8500,23.8400,23.8300,23.8000,23.8700,23.9000,23.9100,23.9200,23.9600,75,112,1,26,49,3,1,29,36,6
SZ,002322,2017-01-03 09:52:33,23.8600,1,57264.0000,24,S,23.8600,23.8500,23.8400,23.8300,23.8000,23.8700,23.9000,23.9100,23.9200,23.9500,66,116,1,26,49,3,1,29,36,5
SZ,002322,2017-01-03 09:52:39,23.8700,1,7161.0000,3,B,23.8700,23.8600,23.8500,23.8400,23.8300,23.9000,23.9100,23.9200,23.9500,23.9600,2,66,116,1,11,1,29,36,5,6
SZ,002322,2017-01-03 09:52:48,23.8700,1,4774.0000,2,S,23.8700,23.8600,23.8500,23.8400,23.8300,23.9000,23.9100,23.9200,23.9500,23.9600,4,62,116,1,11,1,29,36,9,6
SZ,002322,2017-01-03 09:52:51,23.8600,4,14320.0000,6,S,23.8600,23.8500,23.8400,23.8300,23.8000,23.9000,23.9100,23.9200,23.9500,23.9600,60,116,1,11,49,1,29,36,9,6
SZ,002322,2017-01-03 09:52:57,23.8700,1,11935.0000,5,B,23.8600,23.8500,23.8400,23.8300,23.8000,23.8700,23.9000,23.9100,23.9200,23.9500,60,116,1,11,49,168,1,29,36,9
SZ,002322,2017-01-03 09:53:03,23.8700,2,95480.0000,40,B,23.8600,23.8500,23.8400,23.8300,23.8000,23.8700,23.9000,23.9100,23.9200,23.9500,114,116,1,11,49,128,1,29,36,9
SZ,002322,2017-01-03 09:53:06,23.8700,2,7160.0000,3,B,23.8600,23.8500,23.8400,23.8300,23.8000,23.8700,23.9000,23.9100,23.9200,23.9500,113,116,1,11,49,126,1,29,36,9
SZ,002322,2017-01-03 09:53:09,23.8700,1,47740.0000,20,B,23.8600,23.8500,23.8400,23.8300,23.8000,23.8700,23.9000,23.9100,23.9200,23.9500,113,118,1,11,49,106,1,29,36,9
SZ,002322,2017-01-03 09:53:12,23.8600,1,7158.0000,3,S,23.8600,23.8500,23.8400,23.8300,23.8000,23.8700,23.9000,23.9100,23.9200,23.9500,110,118,1,11,49,106,1,29,36,9
SZ,002322,2017-01-03 09:53:15,23.8700,1,9548.0000,4,B,23.8600,23.8500,23.8400,23.8300,23.8000,23.8700,23.9000,23.9100,23.9200,23.9500,110,118,1,11,49,102,1,29,36,9
SZ,002322,2017-01-03 09:53:21,23.8600,3,47730.0000,20,S,23.8600,23.8500,23.8400,23.8300,23.8000,23.8700,23.9000,23.9100,23.9200,23.9500,100,118,1,11,49,92,1,29,36,9
SZ,002322,2017-01-03 09:53:24,23.8600,4,121709.0000,51,S,23.8600,23.8500,23.8400,23.8300,23.8000,23.8700,23.9000,23.9100,23.9200,23.9500,72,118,1,11,59,69,1,29,36,9
SZ,002322,2017-01-03 09:53:36,23.8600,1,4772.0000,2,S,23.8600,23.8500,23.8400,23.8300,23.8000,23.8700,23.9000,23.9100,23.9200,23.9500,170,118,1,11,65,69,1,29,36,9
SZ,002322,2017-01-03 09:53:42,23.8600,1,11930.0000,5,S,23.8600,23.8500,23.8400,23.8300,23.8000,23.8700,23.9000,23.9100,23.9200,23.9500,165,118,1,31,65,69,1,29,36,9
SZ,002322,2017-01-03 09:53:51,23.8600,4,90673.0000,38,S,23.8600,23.8500,23.8400,23.8300,23.8000,23.8700,23.9000,23.9100,23.9200,23.9500,151,118,1,31,59,64,1,29,36,9
SZ,002322,2017-01-03 09:53:54,23.8600,1,23860.0000,10,S,23.8600,23.8500,23.8400,23.8300,23.8000,23.8700,23.9000,23.9100,23.9200,23.9500,141,118,1,31,59,64,1,29,36,9
SZ,002322,2017-01-03 09:54:00,23.8600,1,23860.0000,10,S,23.8600,23.8500,23.8400,23.8300,23.8000,23.8700,23.9000,23.9100,23.9200,23.9500,131,118,1,31,59,64,1,29,36,9
SZ,002322,2017-01-03 09:54:03,23.8700,1,14322.0000,6,B,23.8600,23.8500,23.8400,23.8300,23.8000,23.8700,23.9000,23.9100,23.9200,23.9500,131,118,1,31,59,58,1,29,36,9
SZ,002322,2017-01-03 09:54:09,23.8600,3,71580.0000,30,S,23.8600,23.8500,23.8400,23.8300,23.8000,23.8700,23.9000,23.9100,23.9200,23.9500,101,118,1,31,59,58,1,29,36,9
SZ,002322,2017-01-03 09:54:15,23.8700,1,47740.0000,20,B,23.8600,23.8500,23.8400,23.8300,23.8000,23.8700,23.9000,23.9100,23.9200,23.9500,102,118,1,31,59,38,1,29,36,9
SZ,002322,2017-01-03 09:54:18,23.8600,1,23860.0000,10,S,23.8600,23.8500,23.8400,23.8300,23.8000,23.8700,23.9000,23.9100,23.9200,23.9500,92,118,1,31,59,38,1,29,36,9
SZ,002322,2017-01-03 09:54:24,23.8700,1,90706.0000,38,B,23.8700,23.8600,23.8500,23.8400,23.8300,23.9000,23.9100,23.9200,23.9500,23.9600,23,97,118,1,31,6,29,36,9,2
SZ,002322,2017-01-03 09:55:03,23.9000,3,23422.0000,10,B,23.9000,23.8800,23.8700,23.8600,23.8500,23.9100,23.9200,23.9500,23.9600,23.9700,2,5,112,137,118,29,36,9,2,6
SZ,002322,2017-01-03 09:55:06,23.8700,3,40591.0000,17,S,23.8700,23.8600,23.8500,23.8400,23.8300,23.9100,23.9200,23.9500,23.9600,23.9700,107,137,118,1,31,29,36,9,2,6
SZ,002322,2017-01-03 09:55:15,23.9000,2,26290.0000,11,B,23.9000,23.8700,23.8600,23.8500,23.8400,23.9100,23.9200,23.9500,23.9600,23.9700,14,107,142,118,1,29,36,9,2,6
SZ,002322,2017-01-03 09:55:39,23.9000,1,33460.0000,14,S,23.8700,23.8600,23.8500,23.8400,23.8300,23.9000,23.9100,23.9200,23.9500,23.9700,105,106,118,1,31,10,29,36,9,6
SZ,002322,2017-01-03 09:55:48,23.9000,2,35850.0000,15,B,23.9000,23.8800,23.8700,23.8600,23.8500,23.9100,23.9200,23.9500,23.9700,23.9800,7,11,105,106,118,29,36,4,6,42
SZ,002322,2017-01-03 09:55:51,23.9100,2,35860.0000,15,B,23.9000,23.8800,23.8700,23.8600,23.8500,23.9100,23.9200,23.9500,23.9700,23.9800,2,11,105,106,118,19,36,4,6,42
SZ,002322,2017-01-03 09:55:57,23.8600,15,535076.0000,224,S,23.8500,23.8400,23.8300,23.8000,23.7900,23.8600,23.9100,23.9200,23.9500,23.9600,118,1,31,59,35,25,19,36,4,1
SZ,002322,2017-01-03 09:56:00,23.8600,1,11930.0000,5,B,23.8500,23.8400,23.8300,23.8000,23.7900,23.8600,23.9000,23.9100,23.9200,23.9500,118,1,31,59,35,20,3,19,36,4
SZ,002322,2017-01-03 09:56:09,23.8600,2,49629.0000,21,B,23.8600,23.8500,23.8400,23.8300,23.8000,23.9000,23.9100,23.9200,23.9500,23.9600,54,135,1,31,59,49,19,36,4,1
SZ,002322,2017-01-03 09:56:15,23.8600,3,121694.0000,51,S,23.8600,23.8500,23.8400,23.8300,23.8000,23.9000,23.9100,23.9200,23.9500,23.9600,7,135,1,31,59,49,19,36,4,1
SZ,002322,2017-01-03 09:56:18,23.8800,1,9552.0000,4,B,23.8600,23.8500,23.8400,23.8300,23.8000,23.8800,23.9000,23.9100,23.9200,23.9500,17,135,1,31,59,8,49,19,36,4
SZ,002322,2017-01-03 09:56:33,23.8600,1,7158.0000,3,S,23.8600,23.8500,23.8400,23.8300,23.8000,23.8800,23.9000,23.9100,23.9200,23.9500,24,135,1,31,59,50,49,19,36,4
SZ,002322,2017-01-03 09:56:42,23.8700,2,7161.0000,3,B,23.8600,23.8500,23.8400,23.8300,23.8100,23.8800,23.9000,23.9100,23.9200,23.9500,24,135,1,31,5,50,46,19,36,4
SZ,002322,2017-01-03 09:56:51,23.8600,3,55355.0000,23,S,23.8500,23.8400,23.8300,23.8100,23.8000,23.8600,23.8700,23.8800,23.9000,23.9100,135,1,31,5,59,56,5,50,46,19
SZ,002322,2017-01-03 09:57:03,23.8600,3,81099.0000,34,B,23.8500,23.8400,23.8300,23.8100,23.8000,23.8600,23.8700,23.8800,23.9000,23.9100,110,1,31,5,59,52,5,50,46,5
SZ,002322,2017-01-03 09:57:06,23.8500,9,236115.0000,99,S,23.8500,23.8400,23.8300,23.8100,23.8000,23.8600,23.8700,23.8800,23.9000,23.9100,11,1,31,5,59,62,5,50,46,5
SZ,002322,2017-01-03 09:57:12,23.8500,1,26235.0000,11,S,23.8400,23.8300,23.8100,23.8000,23.7900,23.8500,23.8600,23.8700,23.8800,23.9000,1,31,5,59,35,2,62,5,50,40
SZ,002322,2017-01-03 09:57:15,23.8500,1,2385.0000,1,B,23.8400,23.8300,23.8100,23.8000,23.7900,23.8500,23.8600,23.8700,23.8800,23.9000,1,31,5,59,35,37,57,5,50,40
SZ,002322,2017-01-03 09:57:18,23.8500,2,11925.0000,5,B,23.8400,23.8300,23.8100,23.8000,23.7900,23.8500,23.8600,23.8700,23.8800,23.9000,1,31,5,59,35,38,57,5,50,40
SZ,002322,2017-01-03 09:57:27,23.8300,3,28597.0000,12,S,23.8300,23.8100,23.8000,23.7900,23.7800,23.8500,23.8600,23.8700,23.8800,23.9000,20,5,59,35,4,38,57,5,50,40
SZ,002322,2017-01-03 09:57:36,23.8300,2,30979.0000,13,S,23.8300,23.8100,23.8000,23.7900,23.7800,23.8500,23.8600,23.8700,23.8800,23.9000,7,5,59,35,4,38,47,5,50,40
SZ,002322,2017-01-03 09:57:39,23.8500,4,88203.0000,37,B,23.8100,23.8000,23.7900,23.7800,23.7700,23.8500,23.8600,23.8700,23.8800,23.9000,10,59,35,4,50,22,47,5,50,40
SZ,002322,2017-01-03 09:57:42,23.8000,3,35710.0000,15,S,23.8000,23.7900,23.7800,23.7700,23.7000,23.8400,23.8500,23.8600,23.8700,23.8800,54,35,4,50,31,5,22,47,5,50
SZ,002322,2017-01-03 09:57:51,23.8000,3,23800.0000,10,S,23.8000,23.7900,23.7800,23.7700,23.7000,23.8100,23.8300,23.8400,23.8500,23.8600,44,38,4,50,31,20,29,5,22,47
SZ,002322,2017-01-03 09:58:00,23.8000,2,28561.0000,12,S,23.8000,23.7900,23.7800,23.7700,23.7000,23.8100,23.8300,23.8400,23.8500,23.8600,33,38,4,50,31,19,29,15,22,47
SZ,002322,2017-01-03 09:58:03,23.8000,1,2380.0000,1,S,23.8000,23.7900,23.7800,23.7700,23.7000,23.8100,23.8300,23.8400,23.8500,23.8600,32,38,4,50,31,19,29,15,16,47
SZ,002322,2017-01-03 09:58:06,23.8000,1,19040.0000,8,S,23.8000,23.7900,23.7800,23.7700,23.7000,23.8100,23.8300,23.8400,23.8500,23.8600,39,38,4,50,31,19,29,15,16,47
SZ,002322,2017-01-03 09:58:12,23.8000,5,42840.0000,18,S,23.8000,23.7900,23.7800,23.7700,23.7000,23.8100,23.8300,23.8400,23.8500,23.8600,21,38,4,50,26,19,29,5,16,47
SZ,002322,2017-01-03 09:58:15,23.8100,1,4762.0000,2,B,23.8000,23.7900,23.7800,23.7700,23.7000,23.8100,23.8300,23.8400,23.8500,23.8600,21,38,4,50,36,17,29,5,16,47
SZ,002322,2017-01-03 09:58:18,23.8000,3,30940.0000,13,S,23.8000,23.7900,23.7800,23.7700,23.7000,23.8100,23.8300,23.8400,23.8500,23.8600,9,38,4,50,36,17,20,5,21,47
SZ,002322,2017-01-03 09:58:21,23.8100,2,26191.0000,11,B,23.8000,23.7900,23.7800,23.7700,23.7000,23.8100,23.8300,23.8500,23.8600,23.8700,9,38,4,50,36,6,20,21,47,5
SZ,002322,2017-01-03 09:58:24,23.8000,2,21420.0000,9,S,23.7900,23.7800,23.7700,23.7000,23.6900,23.8000,23.8100,23.8300,23.8500,23.8600,38,4,50,36,5,11,6,20,21,47
SZ,002322,2017-01-03 09:58:36,23.8000,2,7140.0000,3,B,23.7900,23.7800,23.7700,23.7000,23.6900,23.8000,23.8100,23.8300,23.8500,23.8600,38,4,50,41,5,8,6,20,21,47
SZ,002322,2017-01-03 09:58:39,23.8000,1,2380.0000,1,B,23.7900,23.7800,23.7700,23.7000,23.6900,23.8000,23.8100,23.8300,23.8500,23.8600,38,4,50,41,5,7,6,20,21,47
SZ,002322,2017-01-03 09:58:48,23.7900,2,47580.0000,20,S,23.7900,23.7800,23.7700,23.7000,23.6900,23.8000,23.8100,23.8300,23.8500,23.8600,18,9,50,41,5,7,6,20,21,47
SZ,002322,2017-01-03 09:58:54,23.7900,1,7137.0000,3,S,23.7900,23.7800,23.7700,23.7000,23.6900,23.8000,23.8100,23.8300,23.8500,23.8600,15,9,50,46,26,7,6,20,21,47
SZ,002322,2017-01-03 09:59:00,23.7900,2,35685.0000,15,S,23.7800,23.7700,23.7000,23.6900,23.6800,23.7900,23.8000,23.8100,23.8300,23.8500,9,50,46,26,23,10,57,6,20,21
SZ,002322,2017-01-03 09:59:06,23.7900,1,23790.0000,10,B,23.7900,23.7800,23.7700,23.7000,23.6900,23.8000,23.8300,23.8500,23.8600,23.8700,60,9,50,46,26,57,20,21,47,5
SZ,002322,2017-01-03 09:59:12,23.7900,1,14274.0000,6,S,23.7900,23.7800,23.7700,23.7000,23.6900,23.8000,23.8300,23.8500,23.8600,23.8700,56,9,50,46,26,57,20,21,47,5
SZ,002322,2017-01-03 09:59:15,23.8000,1,2380.0000,1,B,23.7900,23.7800,23.7700,23.7000,23.6900,23.8000,23.8300,23.8500,23.8600,23.8700,56,19,50,46,26,56,20,22,47,5
SZ,002322,2017-01-03 09:59:18,23.8000,1,14280.0000,6,B,23.7900,23.7800,23.7700,23.7000,23.6900,23.8000,23.8300,23.8500,23.8600,23.8700,56,19,50,46,26,50,20,22,47,5
SZ,002322,2017-01-03 09:59:24,23.7900,2,16653.0000,7,S,23.7900,23.7800,23.7700,23.7000,23.6900,23.8000,23.8300,23.8500,23.8600,23.8700,49,19,50,46,26,70,20,22,47,5
SZ,002322,2017-01-03 09:59:30,23.7900,1,2379.0000,1,S,23.7900,23.7800,23.7700,23.7000,23.6900,23.8000,23.8300,23.8500,23.8600,23.8700,48,19,50,46,26,70,20,22,47,5
SZ,002322,2017-01-03 09:59:33,23.8000,1,23800.0000,10,B,23.7900,23.7800,23.7700,23.7000,23.6900,23.8000,23.8300,23.8500,23.8600,23.8700,52,19,50,49,26,60,20,22,47,5
SZ,002322,2017-01-03 09:59:39,23.7900,1,2379.0000,1,S,23.7900,23.7800,23.7700,23.7000,23.6900,23.8000,23.8300,23.8500,23.8600,23.8700,59,19,50,49,26,60,20,22,47,5
SZ,002322,2017-01-03 09:59:42,23.7900,1,2379.0000,1,S,23.7900,23.7800,23.7700,23.7000,23.6900,23.8000,23.8100,23.8300,23.8500,23.8600,58,19,50,49,26,60,20,20,22,47
SZ,002322,2017-01-03 09:59:54,23.8100,4,178512.0000,75,B,23.8000,23.7900,23.7800,23.7700,23.7000,23.8100,23.8300,23.8500,23.8600,23.8700,52,22,24,50,52,8,20,22,47,5
SZ,002322,2017-01-03 09:59:57,23.8000,1,2380.0000,1,S,23.8000,23.7900,23.7800,23.7700,23.7000,23.8100,23.8300,23.8500,23.8600,23.8700,60,22,24,50,52,8,20,22,47,5
SZ,002322,2017-01-03 10:00:03,23.8000,1,7140.0000,3,S,23.8000,23.7900,23.7800,23.7700,23.7000,23.8100,23.8300,23.8500,23.8600,23.8700,71,22,24,50,52,8,20,22,47,5
SZ,002322,2017-01-03 10:00:06,23.8100,1,14286.0000,6,B,23.8000,23.7900,23.7800,23.7700,23.7000,23.8100,23.8300,23.8500,23.8600,23.8700,71,22,24,50,52,2,20,22,47,5
SZ,002322,2017-01-03 10:00:09,23.8000,1,7140.0000,3,S,23.8000,23.7900,23.7800,23.7700,23.7000,23.8100,23.8300,23.8500,23.8600,23.8700,201,21,24,50,52,2,20,22,47,5
SZ,002322,2017-01-03 10:00:12,23.8100,1,4762.0000,2,B,23.8100,23.8000,23.7900,23.7800,23.7700,23.8300,23.8500,23.8600,23.8700,23.8800,8,201,21,24,50,20,22,47,5,66
SZ,002322,2017-01-03 10:00:15,23.8100,1,7143.0000,3,S,23.8100,23.8000,23.7900,23.7800,23.7700,23.8300,23.8500,23.8600,23.8700,23.8800,5,201,14,24,50,20,22,47,5,66
SZ,002322,2017-01-03 10:00:21,23.8100,1,11905.0000,5,S,23.8000,23.7900,23.7800,23.7700,23.7000,23.8200,23.8300,23.8500,23.8600,23.8700,201,14,24,50,52,3,20,22,47,5
SZ,002322,2017-01-03 10:00:24,23.8200,1,4764.0000,2,B,23.8000,23.7900,23.7800,23.7700,23.7000,23.8200,23.8300,23.8500,23.8600,23.8700,204,14,24,50,52,1,20,22,47,5
SZ,002322,2017-01-03 10:00:27,23.8200,2,26202.0000,11,B,23.8200,23.8000,23.7900,23.7800,23.7700,23.8300,23.8500,23.8600,23.8700,23.8800,9,159,14,24,50,20,22,47,5,66
SZ,002322,2017-01-03 10:00:30,23.8300,2,47660.0000,20,B,23.8300,23.8200,23.8000,23.7900,23.7800,23.8500,23.8600,23.8700,23.8800,23.9000,31,9,157,14,24,22,47,5,66,40
SZ,002322,2017-01-03 10:00:48,23.8500,2,47700.0000,20,B,23.8300,23.8200,23.8000,23.7900,23.7800,23.8500,23.8600,23.8700,23.8800,23.9000,76,14,148,14,24,2,47,5,66,40
SZ,002322,2017-01-03 10:00:54,23.8300,3,19066.0000,8,S,23.8300,23.8200,23.8000,23.7900,23.7800,23.8500,23.8600,23.8700,23.8800,23.9000,69,14,148,6,24,1,47,5,66,40
SZ,002322,2017-01-03 10:00:57,23.8300,1,11915.0000,5,S,23.8300,23.8200,23.8000,23.7900,23.7800,23.8500,23.8600,23.8700,23.8800,23.9000,19,14,148,6,24,1,47,5,66,40
SZ,002322,2017-01-03 10:01:03,23.8500,5,78646.0000,33,B,23.8200,23.8000,23.7900,23.7800,23.7700,23.8500,23.8600,23.8700,23.8800,23.9000,2,157,6,24,50,19,47,5,66,40
SZ,002322,2017-01-03 10:01:06,23.8500,4,95254.0000,40,B,23.8000,23.7900,23.7800,23.7700,23.7000,23.8500,23.8600,23.8700,23.8800,23.9000,129,6,24,50,52,9,47,5,66,40
SZ,002322,2017-01-03 10:01:09,23.8500,2,21465.0000,9,B,23.8500,23.8300,23.8000,23.7900,23.7800,23.8600,23.8700,23.8800,23.9000,23.9100,36,1,129,6,24,47,5,66,40,5
SZ,002322,2017-01-03 10:01:27,23.8500,2,33395.0000,14,S,23.8500,23.8300,23.8000,23.7900,23.7800,23.8600,23.8700,23.8800,23.9000,23.9100,29,1,129,2,24,42,5,66,40,5
SZ,002322,2017-01-03 10:01:42,23.8500,2,33390.0000,14,S,23.8500,23.8300,23.8000,23.7900,23.7800,23.8600,23.8700,23.8800,23.9000,23.9100,27,1,129,2,24,42,5,66,40,5
SZ,002322,2017-01-03 10:01:51,23.8500,6,88245.0000,37,S,23.8300,23.8000,23.7900,23.7800,23.7700,23.8500,23.8600,23.8700,23.8800,23.9000,1,129,3,24,55,2,42,5,66,40
SZ,002322,2017-01-03 10:02:00,23.8500,1,4770.0000,2,B,23.8500,23.8300,23.8000,23.7900,23.7800,23.8600,23.8700,23.8800,23.9000,23.9100,2,1,129,3,24,42,5,66,40,5
SZ,002322,2017-01-03 10:02:03,23.8000,3,71413.0000,30,S,23.8000,23.7900,23.7800,23.7700,23.7000,23.8600,23.8700,23.8800,23.9000,23.9100,102,3,24,55,52,42,5,66,40,5
SZ,002322,2017-01-03 10:02:06,23.8000,1,71400.0000,30,S,23.8500,23.8000,23.7900,23.7800,23.7700,23.8600,23.8700,23.8800,23.9000,23.9100,22,72,3,24,55,42,5,66,40,5
SZ,002322,2017-01-03 10:02:09,23.8500,1,2385.0000,1,S,23.8500,23.8000,23.7900,23.7800,23.7700,23.8600,23.8700,23.8800,23.9000,23.9100,36,72,3,24,55,42,5,66,40,5
SZ,002322,2017-01-03 10:02:27,23.8500,1,14310.0000,6,S,23.8500,23.8000,23.7900,23.7800,23.7700,23.8600,23.8700,23.8800,23.9000,23.9100,38,82,3,24,55,42,5,66,40,5
SZ,002322,2017-01-03 10:02:42,23.8500,2,71550.0000,30,S,23.8500,23.8000,23.7900,23.7800,23.7700,23.8600,23.8700,23.8800,23.9000,23.9100,13,82,3,24,55,42,5,66,40,5
SZ,002322,2017-01-03 10:02:48,23.8500,3,23850.0000,10,S,23.8500,23.8000,23.7900,23.7800,23.7700,23.8600,23.8700,23.8800,23.9000,23.9100,3,82,3,24,55,42,5,66,40,5
SZ,002322,2017-01-03 10:03:03,23.8000,2,71415.0000,30,S,23.8000,23.7900,23.7800,23.7700,23.7300,23.8600,23.8700,23.8800,23.9000,23.9100,65,3,24,55,3,42,5,66,40,5
SZ,002322,2017-01-03 10:03:06,23.8000,1,71400.0000,30,S,23.8000,23.7900,23.7800,23.7700,23.7300,23.8500,23.8600,23.8700,23.8800,23.9000,35,3,24,55,3,2,42,5,66,40
SZ,002322,2017-01-03 10:03:27,23.8500,2,28620.0000,12,B,23.8500,23.8000,23.7900,23.7800,23.7700,23.8600,23.8700,23.8800,23.9000,23.9100,8,71,3,24,55,42,5,66,40,5
SZ,002322,2017-01-03 10:03:48,23.8500,3,33390.0000,14,S,23.8000,23.7900,23.7800,23.7700,23.7600,23.8500,23.8600,23.8700,23.8800,23.9000,71,2,24,5,20,4,42,5,66,40
SZ,002322,2017-01-03 10:04:00,23.8500,4,52370.0000,22,B,23.8000,23.7900,23.7800,23.7700,23.7600,23.8500,23.8600,23.8700,23.8800,23.9000,51,2,24,5,20,2,42,5,66,40
SZ,002322,2017-01-03 10:04:03,23.8000,3,71400.0000,30,S,23.8000,23.7900,23.7800,23.7700,23.7600,23.8500,23.8600,23.8700,23.8800,23.9000,21,2,24,5,20,2,42,5,66,40
SZ,002322,2017-01-03 10:04:06,23.8000,1,49980.0000,21,S,23.7900,23.7800,23.7700,23.7600,23.7300,23.8000,23.8500,23.8600,23.8700,23.8800,2,24,5,20,3,9,2,42,5,66
SZ,002322,2017-01-03 10:04:33,23.8000,1,14280.0000,6,B,23.7900,23.7800,23.7700,23.7600,23.7300,23.8000,23.8500,23.8600,23.8700,23.8800,17,24,5,20,3,29,40,42,5,66
SZ,002322,2017-01-03 10:04:36,23.8000,4,69020.0000,29,B,23.8000,23.7900,23.7800,23.7700,23.7600,23.8500,23.8600,23.8700,23.8800,23.9000,29,17,24,5,20,40,42,5,66,40
SZ,002322,2017-01-03 10:04:57,23.8500,1,23850.0000,10,B,23.8000,23.7900,23.7800,23.7700,23.7600,23.8500,23.8600,23.8700,23.8800,23.9000,50,17,24,5,20,30,42,5,66,40
SZ,002322,2017-01-03 10:05:03,23.8000,3,71400.0000,30,S,23.8000,23.7900,23.7800,23.7700,23.7600,23.8500,23.8600,23.8700,23.8800,23.9000,20,17,24,5,20,30,42,5,66,40
SZ,002322,2017-01-03 10:05:06,23.8000,3,47600.0000,20,S,23.7900,23.7800,23.7700,23.7600,23.7300,23.8000,23.8500,23.8600,23.8700,23.8800,17,24,5,20,3,10,30,42,5,66
SZ,002322,2017-01-03 10:05:12,23.8000,1,2380.0000,1,B,23.7900,23.7800,23.7700,23.7600,23.7300,23.8000,23.8100,23.8500,23.8600,23.8700,17,24,5,20,3,9,5,30,42,5
SZ,002322,2017-01-03 10:05:24,23.8000,1,21420.0000,9,B,23.8000,23.7900,23.7800,23.7700,23.7600,23.8100,23.8500,23.8600,23.8700,23.8800,11,17,24,5,20,5,30,42,5,66
SZ,002322,2017-01-03 10:05:36,23.8000,1,23800.0000,10,S,23.8000,23.7900,23.7800,23.7700,23.7600,23.8100,23.8500,23.8600,23.8700,23.8800,1,27,24,5,20,5,30,42,5,66
SZ,002322,2017-01-03 10:06:03,23.8000,3,26180.0000,11,S,23.7900,23.7800,23.7700,23.7600,23.7300,23.8000,23.8100,23.8500,23.8600,23.8700,27,24,5,20,3,19,5,30,42,5
SZ,002322,2017-01-03 10:06:06,23.8000,1,35700.0000,15,B,23.7900,23.7800,23.7700,23.7600,23.7300,23.8000,23.8100,23.8500,23.8600,23.8700,12,24,5,20,3,34,5,30,42,5
SZ,002322,2017-01-03 10:06:09,23.8000,1,7140.0000,3,B,23.7900,23.7800,23.7700,23.7600,23.7300,23.8000,23.8100,23.8500,23.8600,23.8700,12,24,5,20,3,45,5,30,42,5
SZ,002322,2017-01-03 10:06:12,23.8000,2,47600.0000,20,B,23.7900,23.7800,23.7700,23.7600,23.7300,23.8000,23.8100,23.8500,23.8600,23.8700,12,24,5,20,3,25,5,30,42,5
SZ,002322,2017-01-03 10:06:21,23.7900,2,7137.0000,3,S,23.7900,23.7800,23.7700,23.7600,23.7300,23.8000,23.8100,23.8500,23.8600,23.8700,25,24,5,20,3,25,5,30,42,5
SZ,002322,2017-01-03 10:06:30,23.8000,1,2380.0000,1,B,23.7900,23.7800,23.7700,23.7600,23.7300,23.8000,23.8100,23.8500,23.8600,23.8700,25,24,5,20,3,24,5,30,42,5
SZ,002322,2017-01-03 10:06:36,23.8000,3,57120.0000,24,B,23.8000,23.7900,23.7800,23.7700,23.7600,23.8100,23.8500,23.8600,23.8700,23.8800,26,28,24,5,20,5,30,42,5,66
SZ,002322,2017-01-03 10:06:39,23.8000,1,2380.0000,1,S,23.8000,23.7900,23.7800,23.7700,23.7600,23.8100,23.8500,23.8600,23.8700,23.8800,25,28,24,5,20,5,30,42,5,66
SZ,002322,2017-01-03 10:06:42,23.8000,1,35700.0000,15,S,23.8000,23.7900,23.7800,23.7700,23.7600,23.8100,23.8500,23.8600,23.8700,23.8800,10,28,24,5,20,5,30,42,5,66
SZ,002322,2017-01-03 10:06:48,23.7900,4,90412.0000,38,S,23.7800,23.7700,23.7600,23.7300,23.7000,23.7900,23.8100,23.8500,23.8600,23.8700,24,5,20,3,47,33,5,30,42,5
SZ,002322,2017-01-03 10:06:51,23.7900,1,9516.0000,4,B,23.7800,23.7700,23.7600,23.7300,23.7000,23.7900,23.8100,23.8200,23.8500,23.8600,24,5,20,3,47,29,5,4,30,42
SZ,002322,2017-01-03 10:06:57,23.7800,1,2378.0000,1,S,23.7800,23.7700,23.7600,23.7300,23.7000,23.7900,23.8100,23.8200,23.8500,23.8600,23,5,20,3,47,29,5,4,30,42
SZ,002322,2017-01-03 10:07:18,23.7800,3,23780.0000,10,S,23.7800,23.7700,23.7600,23.7500,23.7300,23.7900,23.8000,23.8100,23.8200,23.8500,18,5,20,32,3,29,60,5,4,30
SZ,002322,2017-01-03 10:07:27,23.7800,4,54694.0000,23,S,23.7700,23.7600,23.7500,23.7300,23.7000,23.7800,23.8000,23.8100,23.8200,23.8500,5,20,32,3,47,19,60,5,4,30
SZ,002322,2017-01-03 10:07:36,23.7700,2,16639.0000,7,S,23.7600,23.7500,23.7300,23.7000,23.6900,23.7700,23.7800,23.8000,23.8100,23.8200,20,32,3,47,9,7,19,60,5,4
SZ,002322,2017-01-03 10:07:45,23.7700,1,11885.0000,5,B,23.7600,23.7500,23.7300,23.7000,23.6900,23.7700,23.7800,23.8000,23.8100,23.8200,20,40,3,47,9,2,19,61,5,4
SZ,002322,2017-01-03 10:07:54,23.7700,1,4754.0000,2,B,23.7700,23.7600,23.7500,23.7300,23.7000,23.7800,23.8000,23.8100,23.8200,23.8500,8,20,40,3,47,29,61,5,4,30
SZ,002322,2017-01-03 10:07:57,23.7700,1,19016.0000,8,S,23.7600,23.7500,23.7300,23.7000,23.6900,23.7700,23.7800,23.8000,23.8100,23.8200,27,40,3,47,9,7,29,61,5,4
SZ,002322,2017-01-03 10:08:03,23.7700,2,11885.0000,5,B,23.7600,23.7500,23.7300,23.7000,23.6900,23.7700,23.7800,23.8000,23.8100,23.8200,27,40,3,47,9,2,29,91,5,4
SZ,002322,2017-01-03 10:08:06,23.7700,1,4754.0000,2,B,23.7600,23.7500,23.7300,23.7000,23.6900,23.7800,23.8000,23.8100,23.8200,23.8500,27,40,3,47,9,29,121,5,4,30
SZ,002322,2017-01-03 10:08:09,23.7600,1,33264.0000,14,S,23.7600,23.7500,23.7300,23.7000,23.6900,23.7800,23.8000,23.8100,23.8200,23.8500,13,40,3,49,9,29,121,5,4,30
SZ,002322,2017-01-03 10:08:21,23.7600,3,26136.0000,11,S,23.7600,23.7500,23.7300,23.7000,23.6900,23.7800,23.8000,23.8100,23.8200,23.8500,52,8,3,49,9,29,121,5,4,30
SZ,002322,2017-01-03 10:08:24,23.7600,3,14256.0000,6,S,23.7600,23.7500,23.7300,23.7000,23.6900,23.7800,23.8000,23.8100,23.8200,23.8500,46,8,3,49,9,29,121,5,4,30
SZ,002322,2017-01-03 10:08:27,23.7600,1,23760.0000,10,S,23.7600,23.7500,23.7300,23.7000,23.6900,23.7800,23.8000,23.8100,23.8200,23.8500,36,8,3,52,9,29,121,5,4,30
SZ,002322,2017-01-03 10:08:30,23.7600,1,11880.0000,5,S,23.7600,23.7500,23.7300,23.7000,23.6900,23.7800,23.8000,23.8100,23.8200,23.8500,47,8,3,52,9,29,121,5,4,30
SZ,002322,2017-01-03 10:08:36,23.7600,1,42768.0000,18,S,23.7600,23.7500,23.7300,23.7000,23.6900,23.7800,23.8000,23.8100,23.8200,23.8500,29,8,3,52,9,29,121,5,4,30
SZ,002322,2017-01-03 10:08:42,23.7600,1,2376.0000,1,S,23.7600,23.7500,23.7300,23.7000,23.6900,23.7800,23.8000,23.8100,23.8200,23.8500,28,8,3,66,9,29,121,5,4,30
SZ,002322,2017-01-03 10:08:45,23.7800,1,2378.0000,1,B,23.7600,23.7500,23.7300,23.7000,23.6900,23.7800,23.8000,23.8100,23.8200,23.8500,28,8,3,66,9,28,121,5,4,30
SZ,002322,2017-01-03 10:08:48,23.7600,1,4752.0000,2,S,23.7600,23.7500,23.7300,23.7000,23.6900,23.7800,23.8000,23.8100,23.8200,23.8500,26,13,3,66,9,28,121,5,4,30
SZ,002322,2017-01-03 10:08:51,23.7600,2,28532.0000,12,S,23.7600,23.7500,23.7300,23.7000,23.6900,23.7800,23.8000,23.8100,23.8200,23.8500,24,13,3,66,9,18,121,5,4,30
SZ,002322,2017-01-03 10:09:15,23.7600,1,4752.0000,2,S,23.7600,23.7500,23.7300,23.7100,23.7000,23.7800,23.8000,23.8100,23.8200,23.8500,22,13,3,69,66,28,181,5,8,30
SZ,002322,2017-01-03 10:09:21,23.7600,2,23760.0000,10,S,23.7700,23.7600,23.7500,23.7300,23.7100,23.7800,23.8000,23.8100,23.8200,23.8500,10,16,13,3,69,28,181,5,8,30
SZ,002322,2017-01-03 10:09:30,23.7800,3,47560.0000,20,B,23.7700,23.7600,23.7500,23.7300,23.7100,23.7800,23.8000,23.8100,23.8200,23.8500,10,16,13,3,69,8,181,5,8,30
SZ,002322,2017-01-03 10:09:36,23.8000,5,226082.0000,95,B,23.7700,23.7600,23.7500,23.7300,23.7100,23.8000,23.8100,23.8200,23.8500,23.8700,15,16,13,3,69,94,5,8,30,5
SZ,002322,2017-01-03 10:09:57,23.8000,2,47600.0000,20,B,23.7800,23.7700,23.7600,23.7500,23.7300,23.8000,23.8100,23.8200,23.8500,23.8700,13,16,16,13,8,74,5,8,30,5
SZ,002322,2017-01-03 10:10:00,23.8000,1,11900.0000,5,B,23.7800,23.7700,23.7600,23.7500,23.7300,23.8000,23.8100,23.8200,23.8500,23.8700,13,16,12,13,8,69,5,8,30,5
SZ,002322,2017-01-03 10:10:06,23.8000,1,2380.0000,1,B,23.7800,23.7700,23.7600,23.7500,23.7300,23.8000,23.8100,23.8200,23.8500,23.8700,13,16,12,13,8,128,5,8,30,5
SZ,002322,2017-01-03 10:10:09,23.8000,5,306544.0000,129,B,23.8000,23.7800,23.7700,23.7600,23.7500,23.8100,23.8200,23.8500,23.8700,23.8800,162,13,16,12,13,5,8,30,5,66
SZ,002322,2017-01-03 10:10:12,23.8000,1,2380.0000,1,S,23.8000,23.7800,23.7700,23.7600,23.7500,23.8100,23.8200,23.8500,23.8700,23.8800,161,18,16,12,13,5,8,30,5,66
SZ,002322,2017-01-03 10:10:15,23.8200,3,30961.0000,13,B,23.8300,23.8000,23.7800,23.7700,23.7600,23.8500,23.8700,23.8800,23.9000,23.9100,1,161,18,16,12,30,5,66,40,5
SZ,002322,2017-01-03 10:10:18,23.8000,2,71403.0000,30,S,23.8000,23.7800,23.7700,23.7600,23.7500,23.8500,23.8700,23.8800,23.9000,23.9100,132,18,15,12,13,30,5,66,40,5
SZ,002322,2017-01-03 10:10:27,23.8000,1,23800.0000,10,S,23.8000,23.7800,23.7700,23.7500,23.7300,23.8500,23.8700,23.8800,23.9000,23.9100,135,18,15,13,8,30,5,66,40,5
SZ,002322,2017-01-03 10:10:57,23.8500,1,71550.0000,30,B,23.8100,23.8000,23.7800,23.7700,23.7500,23.8700,23.8800,23.9000,23.9100,23.9600,22,145,19,25,13,5,66,50,5,1
SZ,002322,2017-01-03 10:11:21,23.8700,1,4774.0000,2,B,23.8200,23.8100,23.8000,23.7800,23.7700,23.8700,23.8800,23.9000,23.9100,23.9600,5,22,270,19,25,3,66,50,5,1
SZ,002322,2017-01-03 10:11:36,23.8800,5,64462.0000,27,B,23.8200,23.8100,23.8000,23.7800,23.7700,23.8800,23.9000,23.9100,23.9600,23.9700,20,22,270,19,25,47,50,5,1,6
SZ,002322,2017-01-03 10:11:42,23.8200,3,42884.0000,18,S,23.8100,23.8000,23.7800,23.7700,23.7500,23.8200,23.8700,23.8800,23.9000,23.9100,22,270,19,25,13,7,10,47,50,5
SZ,002322,2017-01-03 10:11:51,23.8200,1,11912.0000,5,B,23.8100,23.8000,23.7800,23.7700,23.7500,23.8200,23.8700,23.8800,23.9000,23.9100,22,270,21,25,13,2,10,47,50,5
SZ,002322,2017-01-03 10:11:54,23.8700,2,23860.0000,10,B,23.8100,23.8000,23.7800,23.7700,23.7500,23.8700,23.8800,23.9000,23.9100,23.9600,22,270,21,25,13,2,47,50,5,1
SZ,002322,2017-01-03 10:12:33,23.8200,1,4764.0000,2,S,23.8200,23.8100,23.8000,23.7800,23.7700,23.8700,23.8800,23.8900,23.9000,23.9100,28,30,270,24,25,2,48,20,70,5
SZ,002322,2017-01-03 10:12:45,23.8200,1,9528.0000,4,S,23.8200,23.8100,23.8000,23.7800,23.7700,23.8700,23.8800,23.8900,23.9000,23.9100,40,30,270,24,25,2,48,20,70,5
SZ,002322,2017-01-03 10:13:18,23.8200,1,30964.0000,13,S,23.8300,23.8200,23.8100,23.8000,23.7800,23.8700,23.8800,23.8900,23.9000,23.9100,9,28,30,270,24,44,48,20,70,5
SZ,002322,2017-01-03 10:13:21,23.8300,1,9532.0000,4,S,23.8300,23.8200,23.8100,23.8000,23.7800,23.8700,23.8800,23.8900,23.9000,23.9100,10,28,30,270,24,44,48,20,70,5
SZ,002322,2017-01-03 10:14:03,23.8500,1,4772.0000,2,B,23.8300,23.8200,23.8100,23.8000,23.7800,23.8700,23.8800,23.8900,23.9000,23.9100,20,28,52,270,23,90,48,20,70,5
SZ,002322,2017-01-03 10:14:24,23.8500,1,23848.0000,10,B,23.8300,23.8200,23.8100,23.8000,23.7800,23.8500,23.8600,23.8700,23.8800,23.8900,20,28,39,271,23,15,65,150,48,20
SZ,002322,2017-01-03 10:14:33,23.8500,1,28620.0000,12,B,23.8400,23.8300,23.8200,23.8100,23.8000,23.8500,23.8600,23.8700,23.8800,23.8900,13,20,28,39,271,3,65,150,48,20
SZ,002322,2017-01-03 10:14:36,23.8600,2,52490.0000,22,B,23.8400,23.8300,23.8200,23.8100,23.8000,23.8600,23.8700,23.8800,23.8900,23.9000,18,20,28,39,271,46,150,48,20,80
SZ,002322,2017-01-03 10:14:48,23.8400,1,14304.0000,6,S,23.8400,23.8300,23.8200,23.8100,23.8000,23.8600,23.8700,23.8800,23.8900,23.9000,12,20,28,39,271,46,150,48,20,80
SZ,002322,2017-01-03 10:15:06,23.8400,1,4768.0000,2,S,23.8400,23.8300,23.8200,23.8100,23.8000,23.8500,23.8600,23.8700,23.8800,23.8900,15,20,1,39,271,20,50,150,49,20
SZ,002322,2017-01-03 10:15:12,23.8500,1,47700.0000,20,B,23.8500,23.8400,23.8300,23.8200,23.8100,23.8600,23.8700,23.8800,23.8900,23.9000,3,17,20,1,39,64,150,49,20,80
SZ,002322,2017-01-03 10:15:45,23.8500,2,9540.0000,4,S,23.8500,23.8400,23.8300,23.8200,23.8100,23.8600,23.8700,23.8800,23.8900,23.9000,49,17,20,3,45,50,150,49,20,80
SZ,002322,2017-01-03 10:16:06,23.8600,4,119274.0000,50,B,23.8500,23.8400,23.8300,23.8200,23.8100,23.8600,23.8700,23.8800,23.8900,23.9000,24,17,20,3,38,27,150,49,20,80
SZ,002322,2017-01-03 10:16:21,23.8600,1,4772.0000,2,B,23.8500,23.8400,23.8300,23.8200,23.8100,23.8600,23.8700,23.8800,23.8900,23.9000,23,17,20,3,38,25,150,49,20,80
SZ,002322,2017-01-03 10:16:27,23.8600,1,2384.0000,1,B,23.8500,23.8400,23.8300,23.8200,23.8100,23.8600,23.8700,23.8800,23.8900,23.9000,23,17,20,3,38,24,150,49,20,80
SZ,002322,2017-01-03 10:16:30,23.8600,1,4772.0000,2,B,23.8500,23.8400,23.8300,23.8200,23.8100,23.8600,23.8700,23.8800,23.8900,23.9000,38,17,20,3,38,22,150,49,20,80
SZ,002322,2017-01-03 10:16:39,23.8500,1,47700.0000,20,S,23.8500,23.8400,23.8300,23.8200,23.8100,23.8600,23.8700,23.8800,23.8900,23.9000,18,17,20,3,38,22,164,49,20,80
SZ,002322,2017-01-03 10:16:57,23.8600,1,23860.0000,10,B,23.8500,23.8400,23.8300,23.8200,23.8100,23.8600,23.8700,23.8800,23.8900,23.9000,118,17,20,4,38,12,164,49,20,80
SZ,002322,2017-01-03 10:17:06,23.8600,2,23860.0000,10,B,23.8500,23.8400,23.8300,23.8200,23.8100,23.8600,23.8700,23.8800,23.8900,23.9000,118,17,20,4,38,7,164,49,20,80
SZ,002322,2017-01-03 10:17:24,23.8600,3,7160.0000,3,B,23.8500,23.8400,23.8300,23.8200,23.8100,23.8600,23.8700,23.8800,23.8900,23.9000,118,12,15,4,38,4,164,49,20,80
SZ,002322,2017-01-03 10:17:54,23.8700,3,28640.0000,12,B,23.8500,23.8400,23.8300,23.8200,23.8100,23.8700,23.8800,23.8900,23.9000,23.9100,118,10,16,4,38,156,49,20,80,5
SZ,002322,2017-01-03 10:18:06,23.8500,3,23848.0000,10,S,23.8500,23.8400,23.8300,23.8200,23.8100,23.8700,23.8800,23.8900,23.9000,23.9100,108,10,16,4,37,156,49,20,80,5
SZ,002322,2017-01-03 10:18:21,23.8500,1,19080.0000,8,S,23.8500,23.8400,23.8300,23.8200,23.8100,23.8700,23.8800,23.8900,23.9000,23.9100,100,10,16,4,37,156,49,20,80,5
SZ,002322,2017-01-03 10:18:24,23.8700,2,119352.0000,50,B,23.8500,23.8400,23.8300,23.8200,23.8100,23.8700,23.8800,23.8900,23.9000,23.9100,100,10,16,4,37,106,49,20,80,5
SZ,002322,2017-01-03 10:18:27,23.8700,1,23868.0000,10,B,23.8500,23.8400,23.8300,23.8200,23.8100,23.8700,23.8800,23.8900,23.9000,23.9100,100,10,16,4,37,96,49,20,80,5
SZ,002322,2017-01-03 10:18:42,23.8500,1,7156.0000,3,S,23.8500,23.8400,23.8300,23.8200,23.8100,23.8700,23.8800,23.8900,23.9000,23.9100,117,10,16,4,37,82,49,20,80,5
SZ,002322,2017-01-03 10:19:15,23.8500,7,329150.0000,138,S,23.8400,23.8300,23.8200,23.8100,23.8000,23.8500,23.8700,23.8800,23.8900,23.9000,10,16,4,37,257,644,72,49,20,80
SZ,002322,2017-01-03 10:19:18,23.8500,1,23850.0000,10,B,23.8400,23.8300,23.8200,23.8100,23.8000,23.8500,23.8700,23.8800,23.8900,23.9000,10,16,4,37,257,634,72,49,20,80
SZ,002322,2017-01-03 10:19:33,23.8400,2,23840.0000,10,S,23.8300,23.8200,23.8100,23.8000,23.7800,23.8500,23.8700,23.8800,23.8900,23.9000,16,4,37,257,18,634,72,49,20,80
SZ,002322,2017-01-03 10:20:03,23.8100,8,66704.0000,28,S,23.8100,23.8000,23.7800,23.7700,23.7500,23.8500,23.8700,23.8800,23.8900,23.9000,29,257,18,25,10,634,72,49,20,80
SZ,002322,2017-01-03 10:20:18,23.8100,1,2380.0000,1,S,23.8100,23.8000,23.7800,23.7700,23.7500,23.8300,23.8500,23.8700,23.8800,23.8900,28,257,18,25,12,10,634,72,49,20
SZ,002322,2017-01-03 10:20:24,23.8100,1,11906.0000,5,S,23.8100,23.8000,23.7800,23.7700,23.7500,23.8300,23.8500,23.8700,23.8800,23.8900,23,257,18,25,12,10,639,72,49,20
SZ,002322,2017-01-03 10:20:33,23.8300,1,11914.0000,5,B,23.8200,23.8100,23.8000,23.7800,23.7700,23.8300,23.8500,23.8700,23.8800,23.8900,7,37,247,18,25,5,639,72,49,20
SZ,002322,2017-01-03 10:21:12,23.8300,1,11916.0000,5,B,23.8200,23.8100,23.8000,23.7800,23.7700,23.8300,23.8500,23.8700,23.8800,23.8900,13,37,257,18,25,18,639,72,49,20
SZ,002322,2017-01-03 10:21:24,23.8200,1,2382.0000,1,S,23.8200,23.8100,23.8000,23.7800,23.7700,23.8300,23.8500,23.8700,23.8800,23.8900,12,37,257,18,35,18,639,72,49,20
SZ,002322,2017-01-03 10:21:33,23.8200,1,2382.0000,1,S,23.8200,23.8100,23.8000,23.7800,23.7700,23.8300,23.8500,23.8700,23.8800,23.8900,11,37,257,18,35,18,639,72,49,20
SZ,002322,2017-01-03 10:21:42,23.8300,2,23830.0000,10,B,23.8200,23.8100,23.8000,23.7800,23.7700,23.8300,23.8500,23.8700,23.8800,23.8900,6,37,257,18,35,8,639,72,49,20
SZ,002322,2017-01-03 10:21:45,23.8300,1,19064.0000,8,B,23.8300,23.8200,23.8100,23.8000,23.7800,23.8500,23.8700,23.8800,23.8900,23.9000,3,14,37,257,18,639,72,49,20,80
SZ,002322,2017-01-03 10:21:48,23.8300,1,7150.0000,3,S,23.8200,23.8100,23.8000,23.7800,23.7700,23.8300,23.8500,23.8700,23.8800,23.8900,14,37,247,18,35,7,639,72,49,20
SZ,002322,2017-01-03 10:21:54,23.8300,1,11914.0000,5,B,23.8200,23.8100,23.8000,23.7800,23.7700,23.8300,23.8500,23.8700,23.8800,23.8900,14,37,247,18,35,12,639,72,49,20
SZ,002322,2017-01-03 10:21:57,23.8200,3,33348.0000,14,S,23.8100,23.8000,23.7800,23.7700,23.7500,23.8200,23.8300,23.8500,23.8700,23.8800,37,247,18,35,12,5,12,639,72,49
SZ,002322,2017-01-03 10:22:06,23.8100,1,11906.0000,5,S,23.8100,23.8000,23.7800,23.7700,23.7500,23.8200,23.8300,23.8500,23.8700,23.8800,33,247,18,35,12,5,10,639,72,49
SZ,002322,2017-01-03 10:22:09,23.8500,3,92980.0000,39,B,23.8100,23.8000,23.7800,23.7700,23.7500,23.8500,23.8700,23.8800,23.8900,23.9000,33,247,18,35,12,615,72,49,20,80
SZ,002322,2017-01-03 10:22:12,23.8500,1,95400.0000,40,B,23.8100,23.8000,23.7800,23.7700,23.7500,23.8500,23.8700,23.8800,23.8900,23.9000,33,247,18,35,12,575,72,49,20,80
SZ,002322,2017-01-03 10:22:30,23.8200,1,9528.0000,4,S,23.8100,23.8000,23.7800,23.7700,23.7500,23.8500,23.8700,23.8800,23.8900,23.9000,38,247,18,35,12,577,72,49,20,80
SZ,002322,2017-01-03 10:22:54,23.8200,1,4764.0000,2,S,23.8200,23.8100,23.8000,23.7800,23.7700,23.8300,23.8500,23.8700,23.8800,23.8900,6,43,297,18,35,10,577,72,49,20
SZ,002322,2017-01-03 10:23:06,23.8200,2,28592.0000,12,S,23.8200,23.8100,23.8000,23.7800,23.7700,23.8500,23.8700,23.8800,23.8900,23.9000,9,43,297,18,35,577,72,49,20,80
SZ,002322,2017-01-03 10:23:09,23.8500,1,45316.0000,19,B,23.8200,23.8100,23.8000,23.7800,23.7700,23.8500,23.8700,23.8800,23.8900,23.9000,9,43,297,18,35,558,72,49,20,80
SZ,002322,2017-01-03 10:23:27,23.8300,1,2384.0000,1,S,23.8300,23.8200,23.8100,23.8000,23.7800,23.8500,23.8700,23.8800,23.8900,23.9000,7,25,43,297,18,558,72,49,20,80
SZ,002322,2017-01-03 10:23:30,23.8500,2,181260.0000,76,B,23.8300,23.8200,23.8100,23.8000,23.7800,23.8500,23.8700,23.8800,23.8900,23.9000,7,25,43,301,18,482,72,49,20,80
SZ,002322,2017-01-03 10:23:57,23.8300,3,30978.0000,13,S,23.8300,23.8200,23.8100,23.8000,23.7800,23.8500,23.8700,23.8800,23.8900,23.9000,2,25,54,312,18,482,75,49,20,80
SZ,002322,2017-01-03 10:24:00,23.8500,2,23846.0000,10,B,23.8300,23.8200,23.8100,23.8000,23.7800,23.8500,23.8700,23.8800,23.8900,23.9000,2,25,54,312,18,475,75,49,20,80
SZ,002322,2017-01-03 10:24:03,23.8500,1,7156.0000,3,B,23.8300,23.8200,23.8100,23.8000,23.7800,23.8500,23.8700,23.8800,23.8900,23.9000,2,25,54,312,18,472,75,49,20,80
SZ,002322,2017-01-03 10:24:06,23.8500,1,4770.0000,2,B,23.8300,23.8200,23.8100,23.8000,23.7800,23.8500,23.8700,23.8800,23.8900,23.9000,2,25,54,312,18,470,75,49,20,80
SZ,002322,2017-01-03 10:24:15,23.8300,1,4766.0000,2,S,23.8200,23.8100,23.8000,23.7800,23.7700,23.8300,23.8500,23.8700,23.8800,23.8900,25,54,312,18,37,3,472,75,49,20
SZ,002322,2017-01-03 10:24:27,23.8300,1,7148.0000,3,B,23.8300,23.8200,23.8100,23.8000,23.7800,23.8500,23.8700,23.8800,23.8900,23.9000,52,25,54,312,18,472,75,49,20,80
SZ,002322,2017-01-03 10:24:42,23.8400,1,2384.0000,1,B,23.8300,23.8200,23.8100,23.8000,23.7800,23.8400,23.8500,23.8700,23.8800,23.8900,52,25,56,312,18,7,472,75,49,20
SZ,002322,2017-01-03 10:24:51,23.8500,2,71544.0000,30,B,23.8300,23.8200,23.8100,23.8000,23.7800,23.8500,23.8700,23.8800,23.8900,23.9000,52,25,56,312,18,449,75,49,20,80
SZ,002322,2017-01-03 10:24:54,23.8500,1,69164.0000,29,B,23.8300,23.8200,23.8100,23.8000,23.7800,23.8500,23.8700,23.8800,23.8900,23.9000,52,25,56,312,18,420,75,49,20,80
SZ,002322,2017-01-03 10:25:18,23.8500,1,11926.0000,5,B,23.8300,23.8200,23.8100,23.8000,23.7800,23.8500,23.8700,23.8800,23.8900,23.9000,52,25,56,312,18,415,76,49,20,80
SZ,002322,2017-01-03 10:25:39,23.8500,1,9540.0000,4,B,23.8300,23.8200,23.8100,23.8000,23.7800,23.8500,23.8700,23.8800,23.8900,23.9000,151,25,56,312,18,418,76,49,20,80
SZ,002322,2017-01-03 10:25:45,23.8500,1,45314.0000,19,B,23.8300,23.8200,23.8100,23.8000,23.7800,23.8500,23.8700,23.8800,23.8900,23.9000,151,25,56,312,18,399,76,49,20,80
SZ,002322,2017-01-03 10:25:54,23.8300,3,50044.0000,21,S,23.8300,23.8200,23.8100,23.8000,23.7800,23.8500,23.8700,23.8800,23.8900,23.9000,130,25,56,312,18,399,76,49,20,80
SZ,002322,2017-01-03 10:26:00,23.8500,1,9540.0000,4,B,23.8300,23.8200,23.8100,23.8000,23.7800,23.8500,23.8700,23.8800,23.8900,23.9000,130,25,56,312,18,395,76,49,20,80
SZ,002322,2017-01-03 10:26:12,23.8500,2,162180.0000,68,B,23.8400,23.8300,23.8200,23.8100,23.8000,23.8500,23.8700,23.8800,23.8900,23.9000,6,134,25,56,312,327,76,49,20,80
SZ,002322,2017-01-03 10:26:33,23.8400,1,2384.0000,1,S,23.8400,23.8300,23.8200,23.8100,23.8000,23.8500,23.8700,23.8800,23.8900,23.9000,43,134,9,56,312,327,75,49,20,80
SZ,002322,2017-01-03 10:27:12,23.8500,1,720270.0000,302,B,23.8400,23.8300,23.8200,23.8100,23.8000,23.8500,23.8700,23.8800,23.8900,23.9000,43,130,6,56,312,25,75,49,20,80
SZ,002322,2017-01-03 10:27:27,23.8500,6,52470.0000,22,B,23.8400,23.8300,23.8200,23.8100,23.8000,23.8500,23.8700,23.8800,23.8900,23.9000,43,130,6,56,312,3,75,49,20,80
SZ,002322,2017-01-03 10:27:33,23.8400,4,102512.0000,43,S,23.8300,23.8200,23.8100,23.8000,23.7800,23.8400,23.8500,23.8700,23.8800,23.9000,130,6,56,312,18,9,3,75,49,80
SZ,002322,2017-01-03 10:27:36,23.8400,1,7152.0000,3,B,23.8300,23.8200,23.8100,23.8000,23.7800,23.8400,23.8500,23.8700,23.8800,23.9000,130,6,56,312,18,6,3,75,49,80
SZ,002322,2017-01-03 10:27:45,23.8400,1,4768.0000,2,B,23.8300,23.8200,23.8100,23.8000,23.7800,23.8400,23.8500,23.8700,23.8800,23.9000,130,6,56,312,18,4,3,75,49,80
SZ,002322,2017-01-03 10:27:51,23.8400,1,9536.0000,4,B,23.8300,23.8200,23.8100,23.8000,23.7800,23.8500,23.8700,23.8800,23.9000,23.9100,130,6,56,312,18,3,75,49,80,5
SZ,002322,2017-01-03 10:28:06,23.8500,1,7156.0000,3,B,23.8500,23.8400,23.8300,23.8200,23.8100,23.8700,23.8800,23.9000,23.9100,23.9600,2,3,158,6,56,75,49,80,5,11
SZ,002322,2017-01-03 10:28:12,23.8800,7,241112.0000,101,B,23.8500,23.8400,23.8300,23.8200,23.8100,23.8800,23.9000,23.9100,23.9600,23.9700,56,3,158,6,56,23,80,5,11,6
SZ,002322,2017-01-03 10:28:21,23.8800,2,45372.0000,19,B,23.8500,23.8400,23.8300,23.8200,23.8100,23.8800,23.9000,23.9100,23.9600,23.9700,57,5,158,6,56,9,80,5,11,6
SZ,002322,2017-01-03 10:28:45,23.8800,3,9552.0000,4,B,23.8500,23.8400,23.8300,23.8200,23.8100,23.8800,23.9000,23.9100,23.9400,23.9600,68,5,158,6,40,5,40,5,2,11
SZ,002322,2017-01-03 10:28:54,23.8800,1,2388.0000,1,B,23.8600,23.8500,23.8400,23.8300,23.8200,23.8800,23.9000,23.9100,23.9400,23.9600,10,68,5,130,6,4,45,5,2,11
SZ,002322,2017-01-03 10:28:57,23.8800,2,11940.0000,5,B,23.8600,23.8500,23.8400,23.8300,23.8200,23.8800,23.9000,23.9100,23.9400,23.9600,30,68,5,31,6,58,45,5,2,11
SZ,002322,2017-01-03 10:29:06,23.8800,1,23880.0000,10,B,23.8600,23.8500,23.8400,23.8300,23.8200,23.8800,23.9000,23.9100,23.9400,23.9600,30,68,5,31,6,48,45,5,2,11
SZ,002322,2017-01-03 10:29:15,23.8800,1,23880.0000,10,B,23.8600,23.8500,23.8400,23.8300,23.8200,23.8800,23.9000,23.9100,23.9400,23.9600,30,68,5,31,6,38,45,5,2,11
SZ,002322,2017-01-03 10:29:18,23.8800,1,71640.0000,30,B,23.8600,23.8500,23.8400,23.8300,23.8200,23.8800,23.9000,23.9100,23.9400,23.9600,30,68,5,31,6,8,45,5,2,11
SZ,002322,2017-01-03 10:29:30,23.8600,1,23860.0000,10,S,23.8600,23.8500,23.8400,23.8300,23.8200,23.8800,23.9000,23.9100,23.9400,23.9600,40,68,5,31,1,8,45,5,2,11
SZ,002322,2017-01-03 10:29:33,23.9000,3,62124.0000,26,B,23.8600,23.8500,23.8400,23.8300,23.8200,23.9000,23.9100,23.9400,23.9600,23.9700,40,68,5,31,1,27,5,2,11,6
SZ,002322,2017-01-03 10:29:45,23.9000,1,23900.0000,10,B,23.8800,23.8700,23.8600,23.8500,23.8400,23.9000,23.9100,23.9400,23.9600,23.9700,5,3,68,78,5,32,5,2,11,6
SZ,002322,2017-01-03 10:29:51,23.9000,2,28680.0000,12,B,23.8800,23.8700,23.8600,23.8500,23.8400,23.9000,23.9100,23.9400,23.9600,23.9700,5,3,68,78,5,20,5,2,11,6
SZ,002322,2017-01-03 10:29:57,23.9000,1,4780.0000,2,B,23.8800,23.8700,23.8600,23.8500,23.8400,23.9000,23.9100,23.9400,23.9600,23.9700,5,3,68,78,5,18,5,2,11,3
SZ,002322,2017-01-03 10:30:03,23.9000,2,21510.0000,9,B,23.8800,23.8700,23.8600,23.8500,23.8400,23.9000,23.9100,23.9400,23.9600,23.9700,5,3,68,78,5,14,5,2,11,3
SZ,002322,2017-01-03 10:30:12,23.9000,3,33460.0000,14,B,23.8800,23.8700,23.8600,23.8500,23.8400,23.9100,23.9400,23.9600,23.9700,23.9800,6,3,68,78,5,5,2,11,3,20
SZ,002322,2017-01-03 10:30:27,23.9100,1,11954.0000,5,B,23.9100,23.9000,23.8800,23.8700,23.8600,23.9400,23.9600,23.9700,23.9800,24.0000,5,26,6,23,68,2,11,3,20,90
SZ,002322,2017-01-03 10:30:30,23.9000,4,71706.0000,30,S,23.9000,23.8800,23.8700,23.8600,23.8500,23.9400,23.9600,23.9700,23.9800,24.0000,1,6,23,68,67,2,11,3,20,90
SZ,002322,2017-01-03 10:30:42,23.9400,1,4788.0000,2,B,23.9000,23.8800,23.8700,23.8600,23.8500,23.9600,23.9700,23.9800,24.0000,24.0200,1,6,23,68,67,11,3,20,90,15
SZ,002322,2017-01-03 10:30:45,24.0000,13,237506.0000,99,B,23.9000,23.8800,23.8700,23.8600,23.8500,24.0000,24.0200,24.0300,24.0400,24.0500,1,6,23,68,67,25,15,11,1,67
SZ,002322,2017-01-03 10:30:57,24.0000,3,24000.0000,10,B,23.9400,23.9000,23.8800,23.8700,23.8600,24.0000,24.0200,24.0300,24.0400,24.0500,4,61,6,23,48,13,15,11,1,67
SZ,002322,2017-01-03 10:31:00,23.9000,2,11968.0000,5,S,23.9400,23.9000,23.8800,23.8700,23.8600,24.0000,24.0200,24.0300,24.0400,24.0500,20,60,6,23,48,13,15,11,1,67
SZ,002322,2017-01-03 10:31:24,23.9700,1,11984.0000,5,S,23.9400,23.9000,23.8800,23.8700,23.8600,23.9900,24.0000,24.0200,24.0300,24.0400,20,60,6,23,48,3,13,15,11,11
SZ,002322,2017-01-03 10:31:51,23.9700,1,11984.0000,5,B,23.9700,23.9500,23.9400,23.9000,23.8900,23.9800,23.9900,24.0000,24.0200,24.0300,4,20,20,60,2,6,16,149,15,11
SZ,002322,2017-01-03 10:32:06,24.0000,15,244768.0000,102,B,23.9700,23.9500,23.9400,23.9000,23.8900,24.0000,24.0200,24.0300,24.0400,24.0500,4,20,20,60,2,80,15,11,11,67
SZ,002322,2017-01-03 10:32:30,23.9800,2,19184.0000,8,B,23.9700,23.9500,23.9400,23.9000,23.8900,23.9800,23.9900,24.0000,24.0200,24.0300,9,20,20,60,2,4,1,80,15,11
SZ,002322,2017-01-03 10:32:39,23.9500,1,2394.0000,1,S,23.9500,23.9400,23.9000,23.8800,23.8700,23.9700,23.9800,23.9900,24.0000,24.0200,19,20,60,6,23,10,4,1,80,15
SZ,002322,2017-01-03 10:32:42,23.9700,1,9588.0000,4,B,23.9500,23.9400,23.9000,23.8800,23.8700,23.9700,23.9800,23.9900,24.0000,24.0200,19,20,60,6,23,6,4,1,80,15
SZ,002322,2017-01-03 10:32:51,23.9800,3,43134.0000,18,B,23.9500,23.9400,23.9000,23.8800,23.8700,23.9900,24.0000,24.0200,24.0300,24.0400,11,20,60,6,23,4,90,15,11,11
SZ,002322,2017-01-03 10:32:57,24.0000,3,21596.0000,9,B,23.9500,23.9400,23.9000,23.8800,23.8700,24.0000,24.0200,24.0300,24.0400,24.0500,11,20,60,6,23,85,15,11,11,105
SZ,002322,2017-01-03 10:33:06,24.0000,2,35998.0000,15,B,23.9700,23.9500,23.9400,23.9000,23.8800,24.0000,24.0200,24.0300,24.0400,24.0500,10,11,20,64,6,72,15,11,11,105
SZ,002322,2017-01-03 10:33:12,23.9700,1,11986.0000,5,S,23.9700,23.9500,23.9400,23.9000,23.8800,24.0000,24.0200,24.0300,24.0400,24.0500,5,11,20,64,6,72,15,11,11,105
SZ,002322,2017-01-03 10:33:15,24.0000,1,24000.0000,10,B,23.9800,23.9700,23.9500,23.9400,23.9000,24.0000,24.0200,24.0300,24.0400,24.0500,20,5,11,20,64,85,15,11,11,105
SZ,002322,2017-01-03 10:33:24,24.0200,8,218412.0000,91,B,23.9800,23.9700,23.9500,23.9400,23.9000,24.0200,24.0300,24.0400,24.0500,24.0600,20,7,11,20,64,9,11,19,105,61
SZ,002322,2017-01-03 10:33:27,23.9800,1,7192.0000,3,S,23.9800,23.9700,23.9500,23.9400,23.9000,24.0200,24.0300,24.0400,24.0500,24.0600,17,7,11,20,64,19,11,33,105,61
SZ,002322,2017-01-03 10:33:51,24.0000,1,4800.0000,2,B,24.0000,23.9900,23.9800,23.9700,23.9500,24.0200,24.0300,24.0400,24.0500,24.0600,3,10,17,7,11,31,11,53,105,61
SZ,002322,2017-01-03 10:34:00,24.0000,1,7200.0000,3,S,23.9900,23.9800,23.9700,23.9500,23.9400,24.0200,24.0300,24.0400,24.0500,24.0600,10,17,7,11,20,31,11,53,105,61
SZ,002322,2017-01-03 10:34:03,24.0200,3,24020.0000,10,B,24.0000,23.9900,23.9800,23.9700,23.9500,24.0200,24.0300,24.0400,24.0500,24.0600,10,10,17,7,11,21,11,53,105,61
SZ,002322,2017-01-03 10:34:06,24.0000,1,24000.0000,10,S,24.0000,23.9900,23.9800,23.9700,23.9500,24.0200,24.0300,24.0400,24.0500,24.0600,20,10,17,7,11,21,11,53,105,61
SZ,002322,2017-01-03 10:34:18,24.0000,5,158492.0000,66,S,23.9900,23.9800,23.9700,23.9500,23.9000,24.0000,24.0300,24.0400,24.0500,24.0600,10,17,7,11,4,22,11,53,105,61
SZ,002322,2017-01-03 10:34:21,24.0000,1,36000.0000,15,B,23.9900,23.9800,23.9700,23.9500,23.9000,24.0000,24.0300,24.0400,24.0500,24.0600,10,17,7,11,4,7,11,53,105,61
SZ,002322,2017-01-03 10:34:27,24.0000,1,7200.0000,3,B,23.9900,23.9800,23.9700,23.9500,23.9000,24.0000,24.0300,24.0400,24.0500,24.0600,10,17,5,11,4,8,11,53,105,61
SZ,002322,2017-01-03 10:34:30,23.9900,1,2400.0000,1,S,23.9900,23.9800,23.9700,23.9500,23.9000,24.0000,24.0300,24.0400,24.0500,24.0600,9,17,5,11,4,8,11,53,105,61
SZ,002322,2017-01-03 10:34:42,24.0500,14,257180.0000,107,B,23.9900,23.9800,23.9700,23.9500,23.9000,24.0500,24.0600,24.0700,24.0800,24.0900,9,17,5,11,4,80,61,14,101,427
SZ,002322,2017-01-03 10:34:57,23.9900,2,57576.0000,24,S,23.9800,23.9700,23.9500,23.8900,23.8800,23.9900,24.0000,24.0500,24.0600,24.0700,17,5,11,10,1,13,5,80,61,14
SZ,002322,2017-01-03 10:35:00,23.9900,2,23990.0000,10,B,23.9800,23.9700,23.9500,23.8900,23.8800,23.9900,24.0000,24.0500,24.0600,24.0700,17,5,11,10,1,3,5,80,61,14
SZ,002322,2017-01-03 10:35:12,23.9900,2,14394.0000,6,B,23.9900,23.9800,23.9700,23.9500,23.8900,24.0000,24.0400,24.0500,24.0600,24.0700,30,32,5,11,10,5,40,122,61,14
SZ,002322,2017-01-03 10:35:15,23.9900,1,23990.0000,10,S,23.9900,23.9800,23.9700,23.9600,23.9500,24.0000,24.0400,24.0500,24.0600,24.0700,20,32,5,20,11,7,40,122,61,14
SZ,002322,2017-01-03 10:35:57,24.0000,3,38400.0000,16,B,24.0000,23.9900,23.9800,23.9700,23.9600,24.0300,24.0400,24.0500,24.0600,24.0700,70,28,32,5,20,6,51,122,263,14
SZ,002322,2017-01-03 10:36:03,24.0000,1,24000.0000,10,S,24.0000,23.9900,23.9800,23.9700,23.9600,24.0300,24.0400,24.0500,24.0600,24.0700,60,28,32,5,20,6,54,122,263,14
SZ,002322,2017-01-03 10:36:06,24.0000,1,19200.0000,8,S,24.0000,23.9900,23.9800,23.9700,23.9600,24.0300,24.0400,24.0500,24.0600,24.0700,52,28,32,5,20,6,54,122,263,14
SZ,002322,2017-01-03 10:36:09,24.0000,1,124800.0000,52,S,23.9900,23.9800,23.9700,23.9600,23.9500,24.0000,24.0300,24.0400,24.0500,24.0600,28,32,5,20,12,615,6,54,122,263
SZ,002322,2017-01-03 10:36:12,23.9900,2,124798.0000,52,S,23.9900,23.9800,23.9700,23.9600,23.9500,24.0000,24.0300,24.0400,24.0500,24.0600,26,32,5,20,12,565,6,54,142,263
SZ,002322,2017-01-03 10:36:36,23.9900,4,95960.0000,40,S,23.9900,23.9800,23.9700,23.9600,23.9500,24.0000,24.0300,24.0400,24.0500,24.0600,62,32,5,20,1,565,6,53,142,263
SZ,002322,2017-01-03 10:36:42,23.9900,1,7196.0000,3,S,23.9900,23.9800,23.9700,23.9600,23.9500,24.0000,24.0300,24.0400,24.0500,24.0600,59,32,5,20,1,565,6,53,147,263
SZ,002322,2017-01-03 10:36:45,24.0000,1,244800.0000,102,B,23.9900,23.9800,23.9700,23.9600,23.9500,24.0000,24.0300,24.0400,24.0500,24.0600,59,32,5,20,1,463,6,53,147,263
SZ,002322,2017-01-03 10:36:57,23.9900,3,83986.0000,35,S,23.9900,23.9800,23.9700,23.9600,23.9500,24.0000,24.0300,24.0400,24.0500,24.0600,44,32,5,20,1,453,24,53,147,263
SZ,002322,2017-01-03 10:37:00,23.9900,2,55178.0000,23,S,23.9900,23.9800,23.9700,23.9600,23.9500,24.0000,24.0300,24.0400,24.0500,24.0600,21,32,5,20,1,453,24,53,147,263
SZ,002322,2017-01-03 10:37:03,23.9900,2,21590.0000,9,S,23.9900,23.9800,23.9700,23.9600,23.9500,24.0000,24.0300,24.0400,24.0500,24.0600,12,32,5,20,1,473,24,53,147,263
SZ,002322,2017-01-03 10:37:12,23.9800,4,50370.0000,21,S,23.9800,23.9700,23.9600,23.9500,23.9000,24.0000,24.0200,24.0300,24.0400,24.0500,23,5,20,1,15,502,21,24,53,147
SZ,002322,2017-01-03 10:37:24,23.9800,1,9592.0000,4,S,23.9800,23.9700,23.9500,23.9000,23.8900,24.0000,24.0200,24.0300,24.0400,24.0500,19,5,1,15,18,504,79,24,53,147
SZ,002322,2017-01-03 10:37:27,23.9800,1,2398.0000,1,S,23.9800,23.9700,23.9500,23.9000,23.8900,24.0000,24.0200,24.0300,24.0400,24.0500,18,5,1,15,18,504,79,24,53,147
SZ,002322,2017-01-03 10:37:30,23.9800,1,4796.0000,2,S,23.9800,23.9700,23.9500,23.9000,23.8900,23.9900,24.0000,24.0200,24.0300,24.0400,16,5,1,15,18,1,504,79,24,53
SZ,002322,2017-01-03 10:37:39,23.9800,1,2398.0000,1,S,23.9800,23.9700,23.9500,23.9000,23.8900,23.9900,24.0000,24.0200,24.0300,24.0400,15,5,1,15,18,72,514,58,24,50
SZ,002322,2017-01-03 10:37:42,23.9800,1,35970.0000,15,S,23.9700,23.9500,23.9000,23.8900,23.8800,23.9800,23.9900,24.0000,24.0200,24.0300,5,1,15,18,1,16,72,514,58,24
SZ,002322,2017-01-03 10:38:03,23.9800,4,246994.0000,103,B,23.9700,23.9500,23.9000,23.8900,23.8800,23.9800,23.9900,24.0000,24.0200,24.0300,5,1,5,18,1,84,1,535,58,24
SZ,002322,2017-01-03 10:38:12,23.9700,1,11984.0000,5,S,23.9700,23.9500,23.9000,23.8900,23.8800,23.9800,23.9900,24.0000,24.0200,24.0300,22,1,5,18,1,155,1,540,58,24
SZ,002322,2017-01-03 10:38:30,23.9700,1,52736.0000,22,S,23.9500,23.9000,23.8900,23.8800,23.8700,23.9700,23.9900,24.0000,24.0200,24.0300,1,5,18,1,23,245,1,540,58,24
SZ,002322,2017-01-03 10:38:33,23.9700,1,184568.0000,77,B,23.9500,23.9000,23.8900,23.8800,23.8700,23.9700,23.9900,24.0000,24.0200,24.0300,1,5,18,1,23,173,1,540,58,24
SZ,002322,2017-01-03 10:38:36,23.9500,1,2396.0000,1,S,23.9000,23.8900,23.8800,23.8700,23.8500,23.9500,23.9700,23.9900,24.0000,24.0200,5,18,1,23,68,5,178,1,540,58
SZ,002322,2017-01-03 10:38:42,23.9700,2,55120.0000,23,B,23.9000,23.8900,23.8800,23.8700,23.8500,23.9700,23.9900,24.0000,24.0200,24.0300,15,18,1,23,68,160,2,540,58,24
SZ,002322,2017-01-03 10:38:54,23.9000,2,35850.0000,15,S,23.8900,23.8800,23.8700,23.8500,23.8400,23.9000,23.9500,23.9700,23.9900,24.0000,18,1,23,68,5,16,10,253,2,540
SZ,002322,2017-01-03 10:39:09,23.8900,2,43002.0000,18,S,23.8800,23.8700,23.8500,23.8400,23.8200,23.8900,23.9000,23.9500,23.9700,23.9900,1,23,68,5,1,31,18,10,163,2
SZ,002322,2017-01-03 10:39:21,23.8900,1,35836.0000,15,B,23.8800,23.8700,23.8500,23.8400,23.8200,23.8900,23.9000,23.9500,23.9700,23.9900,1,23,68,5,1,33,18,10,159,12
SZ,002322,2017-01-03 10:39:27,23.9700,5,241814.0000,101,B,23.8800,23.8700,23.8500,23.8400,23.8200,23.8900,23.9700,23.9900,24.0000,24.0200,1,23,68,5,1,4,103,12,641,68
SZ,002322,2017-01-03 10:39:30,23.8900,1,9556.0000,4,B,23.8800,23.8700,23.8500,23.8400,23.8200,23.9600,23.9700,23.9900,24.0000,24.0200,1,23,68,5,1,15,103,12,641,68
SZ,002322,2017-01-03 10:39:36,23.8800,1,2388.0000,1,S,23.8700,23.8500,23.8400,23.8200,23.8100,23.8800,23.9600,23.9700,23.9900,24.0000,23,68,5,1,32,1,15,103,12,641
SZ,002322,2017-01-03 10:39:39,23.8800,1,2388.0000,1,B,23.8700,23.8500,23.8400,23.8200,23.8100,23.9600,23.9700,23.9900,24.0000,24.0200,23,68,5,1,32,15,103,12,641,68
SZ,002322,2017-01-03 10:39:42,23.8700,2,19096.0000,8,S,23.8700,23.8500,23.8400,23.8200,23.8100,23.8800,23.9600,23.9700,23.9900,24.0000,15,68,5,1,32,70,15,103,12,642
SZ,002322,2017-01-03 10:39:54,23.9700,3,229466.0000,96,B,23.8700,23.8500,23.8400,23.8200,23.8100,23.9700,23.9900,24.0000,24.0200,24.0300,15,68,5,1,32,92,22,642,68,36
SZ,002322,2017-01-03 10:40:00,23.8800,1,4776.0000,2,S,23.8800,23.8700,23.8500,23.8400,23.8200,23.9500,23.9700,23.9900,24.0000,24.0200,12,15,68,5,1,10,92,22,642,68
SZ,002322,2017-01-03 10:40:24,23.8900,2,64504.0000,27,S,23.8800,23.8700,23.8500,23.8400,23.8200,23.8900,23.9400,23.9500,23.9600,23.9700,41,15,68,5,1,45,13,15,10,92
SZ,002322,2017-01-03 10:40:39,23.8900,1,23890.0000,10,B,23.8800,23.8700,23.8500,23.8400,23.8200,23.8900,23.9400,23.9500,23.9600,23.9700,41,15,68,5,1,35,13,15,10,92
SZ,002322,2017-01-03 10:40:45,23.8900,1,4778.0000,2,B,23.8800,23.8700,23.8500,23.8400,23.8200,23.8900,23.9400,23.9500,23.9600,23.9700,41,15,68,5,1,53,13,15,10,92
SZ,002322,2017-01-03 10:40:51,23.8800,1,4776.0000,2,S,23.8800,23.8700,23.8500,23.8400,23.8200,23.8900,23.9400,23.9500,23.9600,23.9700,39,15,68,5,1,53,13,15,10,92
SZ,002322,2017-01-03 10:41:00,23.8900,1,33446.0000,14,B,23.8800,23.8700,23.8500,23.8400,23.8200,23.8900,23.9400,23.9500,23.9600,23.9700,39,15,68,5,3,20,13,15,10,92
SZ,002322,2017-01-03 10:41:03,23.8800,4,93132.0000,39,S,23.8700,23.8500,23.8400,23.8200,23.8100,23.8800,23.8900,23.9400,23.9500,23.9600,15,68,5,3,32,351,20,13,15,10
SZ,002322,2017-01-03 10:41:15,23.8800,1,238800.0000,100,B,23.8700,23.8500,23.8400,23.8200,23.8100,23.8800,23.8900,23.9400,23.9500,23.9600,15,68,5,3,32,261,20,13,15,10
SZ,002322,2017-01-03 10:41:18,23.8700,1,4774.0000,2,S,23.8700,23.8500,23.8400,23.8200,23.8100,23.8800,23.8900,23.9400,23.9500,23.9600,13,68,5,3,32,261,20,13,15,10
SZ,002322,2017-01-03 10:41:36,23.8700,1,2388.0000,1,S,23.8700,23.8500,23.8400,23.8200,23.8100,23.8800,23.8900,23.9400,23.9500,23.9600,12,68,5,3,32,261,20,13,15,10
SZ,002322,2017-01-03 10:41:42,23.8700,1,11934.0000,5,S,23.8700,23.8500,23.8400,23.8200,23.8100,23.8800,23.8900,23.9400,23.9500,23.9600,7,68,5,3,32,251,20,13,5,10
SZ,002322,2017-01-03 10:41:54,23.8700,1,16710.0000,7,S,23.8500,23.8400,23.8200,23.8100,23.8000,23.8700,23.8800,23.8900,23.9400,23.9500,68,5,3,32,350,53,251,20,13,5
SZ,002322,2017-01-03 10:42:00,23.8500,3,83534.0000,35,S,23.8500,23.8400,23.8200,23.8100,23.8000,23.8700,23.8800,23.8900,23.9400,23.9500,63,5,3,32,350,23,251,20,13,5
SZ,002322,2017-01-03 10:42:09,23.8500,1,42930.0000,18,S,23.8500,23.8400,23.8200,23.8100,23.8000,23.8700,23.8800,23.8900,23.9400,23.9500,45,3,3,36,350,23,251,20,13,5
SZ,002322,2017-01-03 10:42:33,23.8500,1,47700.0000,20,S,23.8500,23.8400,23.8200,23.8100,23.8000,23.8700,23.8800,23.9400,23.9500,23.9600,46,3,3,89,350,23,251,13,5,5
SZ,002322,2017-01-03 10:42:36,23.8800,2,250716.0000,105,B,23.8500,23.8400,23.8200,23.8100,23.8000,23.8800,23.9400,23.9500,23.9600,23.9700,46,3,3,89,350,169,13,5,5,92
SZ,002322,2017-01-03 10:42:57,23.8800,1,47760.0000,20,B,23.8500,23.8400,23.8200,23.8100,23.8000,23.8800,23.9400,23.9500,23.9600,23.9700,46,3,3,140,350,149,213,5,5,92
SZ,002322,2017-01-03 10:43:00,23.8500,2,23852.0000,10,S,23.8500,23.8400,23.8200,23.8100,23.8000,23.8800,23.9400,23.9500,23.9600,23.9700,36,3,3,140,350,149,213,5,55,92
SZ,002322,2017-01-03 10:43:12,23.8800,1,202980.0000,85,B,23.8500,23.8400,23.8200,23.8100,23.8000,23.8800,23.9400,23.9500,23.9600,23.9700,37,3,3,140,345,64,213,95,55,92
SZ,002322,2017-01-03 10:43:27,23.8800,2,11938.0000,5,B,23.8600,23.8500,23.8400,23.8200,23.8100,23.8800,23.9400,23.9500,23.9600,23.9700,1,40,3,8,120,60,213,95,55,92
SZ,002322,2017-01-03 10:43:30,23.9400,3,231858.0000,97,B,23.8600,23.8500,23.8400,23.8300,23.8200,23.9400,23.9500,23.9600,23.9700,23.9800,1,40,3,5,8,176,95,55,92,10
SZ,002322,2017-01-03 10:43:36,23.8500,2,7156.0000,3,S,23.8500,23.8400,23.8300,23.8200,23.8100,23.9400,23.9500,23.9600,23.9700,23.9800,38,3,5,8,120,176,95,55,92,10
SZ,002322,2017-01-03 10:44:27,23.8600,1,2386.0000,1,S,23.8600,23.8500,23.8400,23.8300,23.8200,23.8700,23.9300,23.9400,23.9500,23.9600,1,43,3,7,3,30,44,180,95,50
SZ,002322,2017-01-03 10:44:30,23.8700,1,71610.0000,30,B,23.8700,23.8600,23.8500,23.8400,23.8300,23.9300,23.9400,23.9500,23.9600,23.9700,36,1,43,3,7,44,180,95,50,92
SZ,002322,2017-01-03 10:44:39,23.8700,1,2388.0000,1,S,23.8700,23.8600,23.8500,23.8400,23.8300,23.9300,23.9400,23.9500,23.9600,23.9700,35,1,43,3,7,44,180,95,50,92
SZ,002322,2017-01-03 10:44:48,23.9300,2,241592.0000,101,B,23.8700,23.8600,23.8500,23.8400,23.8300,23.9300,23.9400,23.9500,23.9600,23.9700,37,1,43,3,7,43,180,95,50,92
SZ,002322,2017-01-03 10:45:00,23.9300,2,43074.0000,18,B,23.9000,23.8700,23.8600,23.8500,23.8400,23.9300,23.9400,23.9500,23.9600,23.9700,16,37,1,26,3,25,176,95,50,92
SZ,002322,2017-01-03 10:45:36,23.9200,1,11960.0000,5,B,23.9000,23.8800,23.8700,23.8600,23.8500,23.9200,23.9300,23.9400,23.9500,23.9600,20,14,35,16,42,18,25,180,95,50
SZ,002322,2017-01-03 10:45:42,23.9200,1,4784.0000,2,B,23.9000,23.8800,23.8700,23.8600,23.8500,23.9200,23.9300,23.9400,23.9500,23.9600,20,14,35,16,42,16,25,180,95,50
SZ,002322,2017-01-03 10:46:09,23.9000,5,265638.0000,111,S,23.9000,23.8800,23.8700,23.8600,23.8500,23.9400,23.9500,23.9600,23.9700,23.9800,10,14,35,16,44,120,5,50,92,52
SZ,002322,2017-01-03 10:46:30,23.9000,3,23900.0000,10,S,23.8800,23.8700,23.8600,23.8500,23.8400,23.9000,23.9400,23.9500,23.9600,23.9700,14,35,16,44,3,65,116,5,50,92
SZ,002322,2017-01-03 10:47:06,23.9000,2,11948.0000,5,B,23.8800,23.8700,23.8600,23.8500,23.8400,23.9000,23.9400,23.9500,23.9600,23.9700,14,35,16,54,3,73,116,5,50,89
SZ,002322,2017-01-03 10:47:15,23.8800,1,14328.0000,6,S,23.8800,23.8700,23.8600,23.8500,23.8400,23.9000,23.9400,23.9500,23.9600,23.9700,24,35,16,54,3,273,116,5,50,89
SZ,002322,2017-01-03 10:47:33,23.8800,2,47760.0000,20,S,23.8800,23.8700,23.8600,23.8500,23.8400,23.9000,23.9300,23.9400,23.9500,23.9600,4,35,16,54,3,273,17,116,5,50
SZ,002322,2017-01-03 10:47:42,23.8800,1,9552.0000,4,S,23.8700,23.8600,23.8500,23.8400,23.8300,23.8900,23.9000,23.9300,23.9400,23.9500,35,16,54,3,2,25,273,17,116,5
SZ,002322,2017-01-03 10:47:48,23.8700,1,59676.0000,25,S,23.8700,23.8600,23.8500,23.8400,23.8300,23.8900,23.9000,23.9300,23.9400,23.9500,10,16,54,3,2,25,273,17,116,5
SZ,002322,2017-01-03 10:47:57,23.8700,1,23870.0000,10,S,23.8600,23.8500,23.8400,23.8300,23.8200,23.8900,23.9000,23.9300,23.9400,23.9500,16,54,3,2,3,25,273,17,116,5
SZ,002322,2017-01-03 10:48:36,23.8700,1,21482.0000,9,S,23.8600,23.8500,23.8400,23.8300,23.8200,23.8700,23.8900,23.9000,23.9300,23.9400,16,53,3,2,3,11,25,273,17,116
SZ,002322,2017-01-03 10:48:57,23.8600,2,4772.0000,2,S,23.8600,23.8500,23.8400,23.8300,23.8200,23.8700,23.8800,23.8900,23.9000,23.9300,19,53,3,2,3,11,300,25,273,17
SZ,002322,2017-01-03 10:49:21,23.8600,1,4772.0000,2,S,23.8600,23.8500,23.8400,23.8300,23.8200,23.8700,23.8800,23.9000,23.9300,23.9400,33,53,3,2,3,11,300,273,17,116
SZ,002322,2017-01-03 10:49:57,23.8700,1,16710.0000,7,B,23.8600,23.8500,23.8400,23.8300,23.8200,23.8700,23.8800,23.9000,23.9300,23.9400,42,49,3,2,3,4,300,273,17,116
SZ,002322,2017-01-03 10:50:00,23.8600,2,14316.0000,6,S,23.8600,23.8500,23.8400,23.8300,23.8200,23.8700,23.8800,23.9000,23.9300,23.9400,36,49,3,2,3,4,300,273,17,116
SZ,002322,2017-01-03 10:50:06,23.8600,4,85896.0000,36,S,23.8500,23.8400,23.8300,23.8200,23.8100,23.8600,23.8700,23.8800,23.9000,23.9300,49,3,2,3,125,15,4,300,273,17
SZ,002322,2017-01-03 10:50:09,23.8600,1,11930.0000,5,B,23.8500,23.8400,23.8300,23.8200,23.8100,23.8600,23.8700,23.8800,23.9000,23.9300,49,3,2,3,125,10,4,300,273,17
SZ,002322,2017-01-03 10:50:30,23.8600,1,11930.0000,5,B,23.8500,23.8400,23.8300,23.8200,23.8100,23.8600,23.8700,23.8800,23.9000,23.9300,49,3,2,3,125,5,4,300,273,17
SZ,002322,2017-01-03 10:50:33,23.8600,1,11930.0000,5,B,23.8600,23.8500,23.8400,23.8300,23.8200,23.8700,23.8800,23.9000,23.9300,23.9400,5,49,3,2,3,4,300,273,17,116
SZ,002322,2017-01-03 10:51:09,23.8600,1,9544.0000,4,S,23.8600,23.8500,23.8400,23.8300,23.8200,23.8700,23.8800,23.9000,23.9300,23.9400,15,49,3,2,3,2,300,273,17,116
SZ,002322,2017-01-03 10:51:12,23.8700,1,4774.0000,2,B,23.8700,23.8600,23.8500,23.8400,23.8300,23.8800,23.9000,23.9300,23.9400,23.9500,24,15,49,3,2,300,273,17,116,5
SZ,002322,2017-01-03 10:51:51,23.8800,1,11940.0000,5,B,23.8700,23.8600,23.8500,23.8400,23.8300,23.8800,23.9000,23.9300,23.9400,23.9500,41,14,51,3,7,295,273,27,116,5
SZ,002322,2017-01-03 10:51:54,23.8700,1,2386.0000,1,S,23.8700,23.8600,23.8500,23.8400,23.8300,23.8800,23.9000,23.9300,23.9400,23.9500,41,14,51,3,7,295,273,27,116,5
SZ,002322,2017-01-03 10:52:03,23.8700,2,23872.0000,10,S,23.8700,23.8600,23.8500,23.8400,23.8300,23.8800,23.9000,23.9300,23.9400,23.9500,31,10,51,3,7,296,273,27,116,5
SZ,002322,2017-01-03 10:52:15,23.8700,1,7160.0000,3,S,23.8700,23.8600,23.8500,23.8400,23.8300,23.8800,23.9000,23.9300,23.9400,23.9500,39,10,51,3,7,296,273,27,116,5
SZ,002322,2017-01-03 10:52:18,23.8700,1,16708.0000,7,S,23.8700,23.8600,23.8500,23.8400,23.8300,23.8800,23.9000,23.9300,23.9400,23.9500,37,10,51,3,7,296,273,27,116,5
SZ,002322,2017-01-03 10:52:21,23.8700,2,11936.0000,5,S,23.8700,23.8600,23.8500,23.8400,23.8300,23.8800,23.9000,23.9300,23.9400,23.9500,32,10,51,3,7,296,273,27,116,5
SZ,002322,2017-01-03 10:52:30,23.8800,1,9552.0000,4,B,23.8700,23.8600,23.8500,23.8400,23.8300,23.8800,23.9000,23.9300,23.9400,23.9500,32,10,51,3,7,292,273,27,116,5
SZ,002322,2017-01-03 10:52:51,23.8700,1,11936.0000,5,S,23.8700,23.8600,23.8500,23.8400,23.8300,23.8800,23.9000,23.9300,23.9400,23.9500,27,10,51,3,7,292,273,27,116,5
SZ,002322,2017-01-03 10:53:27,23.8800,1,7164.0000,3,B,23.8700,23.8600,23.8500,23.8400,23.8300,23.8800,23.9000,23.9300,23.9400,23.9500,36,14,55,3,7,289,273,27,116,5
SZ,002322,2017-01-03 10:53:39,23.8800,1,202980.0000,85,B,23.8700,23.8600,23.8500,23.8400,23.8300,23.8800,23.9000,23.9300,23.9400,23.9500,36,14,55,3,7,204,273,27,116,5
SZ,002322,2017-01-03 10:53:42,23.8700,1,4772.0000,2,S,23.8700,23.8600,23.8500,23.8400,23.8300,23.8800,23.9000,23.9300,23.9400,23.9500,34,14,55,3,7,204,273,27,116,5
SZ,002322,2017-01-03 10:53:45,23.8800,1,23880.0000,10,B,23.8700,23.8600,23.8500,23.8400,23.8300,23.8800,23.9000,23.9300,23.9400,23.9500,34,14,55,3,7,194,273,27,116,5
SZ,002322,2017-01-03 10:53:48,23.8700,8,81160.0000,34,S,23.8600,23.8500,23.8400,23.8300,23.8200,23.8700,23.8800,23.9000,23.9300,23.9400,14,55,3,7,3,67,194,273,27,116
SZ,002322,2017-01-03 10:53:51,23.8700,1,7160.0000,3,B,23.8600,23.8500,23.8400,23.8300,23.8200,23.8700,23.8800,23.9000,23.9300,23.9400,31,55,3,7,3,64,196,273,27,116
