市场代码,证券代码,时间,最新价,成交笔数,成交额,成交量,方向,买一价,买二价,买三价,买四价,买五价,卖一价,卖二价,卖三价,卖四价,卖五价,买一量,买二量,买三量,买四量,买五量,卖一量,卖二量,卖三量,卖四量,卖五量
SZ,002330,2017-01-03 09:25:03,12.1400,25,682268.0000,562,S,12.1400,12.1200,12.1100,12.1000,12.0900,12.1600,12.1800,12.2900,12.3500,12.3700,7,810,371,28,18,20,228,29,10,77
SZ,002330,2017-01-03 09:30:03,12.1500,42,674409.0000,555,B,12.1400,12.1300,12.1200,12.1100,12.1000,12.1500,12.1800,12.2600,12.2800,12.2900,413,452,871,371,23,29,150,5,88,59
SZ,002330,2017-01-03 09:30:06,12.1400,4,41309.0000,34,S,12.1400,12.1300,12.1200,12.1100,12.1000,12.1800,12.2600,12.2800,12.2900,12.3000,429,552,879,374,23,51,5,91,59,4
SZ,002330,2017-01-03 09:30:12,12.1600,1,6080.0000,5,B,12.1600,12.1500,12.1400,12.1300,12.1200,12.1800,12.2600,12.2800,12.2900,12.3000,145,65,449,562,879,51,5,91,59,4
SZ,002330,2017-01-03 09:30:15,12.1600,1,15808.0000,13,S,12.1600,12.1500,12.1400,12.1300,12.1200,12.1800,12.2600,12.2800,12.2900,12.3000,132,65,449,562,879,51,5,91,59,4
SZ,002330,2017-01-03 09:30:21,12.1800,7,401940.0000,330,B,12.1600,12.1500,12.1400,12.1300,12.1200,12.1800,12.2600,12.2800,12.2900,12.3000,132,70,449,562,879,250,5,91,59,4
SZ,002330,2017-01-03 09:30:24,12.1800,3,41373.0000,34,B,12.1600,12.1500,12.1400,12.1300,12.1200,12.1800,12.2600,12.2800,12.2900,12.3000,123,70,449,562,879,246,5,91,59,4
SZ,002330,2017-01-03 09:30:27,12.1600,1,3648.0000,3,S,12.1600,12.1500,12.1400,12.1300,12.1200,12.1800,12.2600,12.2800,12.2900,12.3000,170,70,459,562,879,246,5,91,59,4
SZ,002330,2017-01-03 09:30:36,12.1800,1,2436.0000,2,B,12.1600,12.1500,12.1400,12.1300,12.1200,12.1800,12.2600,12.2800,12.2900,12.3000,186,90,459,562,879,244,5,91,59,4
SZ,002330,2017-01-03 09:30:39,12.1800,1,297192.0000,244,B,12.1800,12.1600,12.1500,12.1400,12.1300,12.2600,12.2800,12.2900,12.3000,12.3400,56,217,90,459,562,5,91,59,4,50
SZ,002330,2017-01-03 09:30:48,12.2600,2,7326.0000,6,B,12.2000,12.1800,12.1700,12.1600,12.1500,12.2600,12.2800,12.2900,12.3000,12.3400,16,75,10,224,90,4,91,59,4,50
SZ,002330,2017-01-03 09:30:54,12.2000,1,12200.0000,10,S,12.2000,12.1800,12.1700,12.1600,12.1500,12.2600,12.2800,12.2900,12.3000,12.3400,26,75,10,234,92,4,91,59,4,50
SZ,002330,2017-01-03 09:30:57,12.2600,4,9766.0000,8,B,12.2000,12.1800,12.1700,12.1600,12.1500,12.2600,12.2800,12.2900,12.3000,12.3400,19,75,12,221,92,3,41,59,4,50
SZ,002330,2017-01-03 09:31:00,12.2600,1,2452.0000,2,B,12.2000,12.1900,12.1800,12.1700,12.1600,12.2600,12.2800,12.2900,12.3000,12.3400,19,100,75,12,207,1,41,59,4,50
SZ,002330,2017-01-03 09:31:06,12.2600,1,1226.0000,1,B,12.2600,12.2100,12.2000,12.1900,12.1800,12.2800,12.2900,12.3000,12.3300,12.3400,1,8,19,100,75,41,59,4,32,50
SZ,002330,2017-01-03 09:31:12,12.2600,3,24520.0000,20,S,12.2600,12.2100,12.2000,12.1900,12.1800,12.2800,12.2900,12.3000,12.3300,12.3400,9,8,47,100,75,41,59,4,32,50
SZ,002330,2017-01-03 09:31:15,12.2000,4,61062.0000,50,S,12.2000,12.1900,12.1800,12.1700,12.1600,12.2700,12.2800,12.2900,12.3000,12.3300,18,100,75,17,202,10,41,49,4,32
SZ,002330,2017-01-03 09:31:30,12.2100,1,6105.0000,5,S,12.2000,12.1900,12.1800,12.1700,12.1600,12.2100,12.2500,12.2600,12.2700,12.2800,34,100,75,37,222,4,34,72,55,41
SZ,002330,2017-01-03 09:31:33,12.2100,1,4884.0000,4,B,12.2100,12.2000,12.1900,12.1800,12.1700,12.2400,12.2500,12.2600,12.2700,12.2800,1,39,100,92,37,20,34,72,55,41
SZ,002330,2017-01-03 09:31:39,12.2400,2,13464.0000,11,B,12.2100,12.2000,12.1900,12.1800,12.1700,12.2400,12.2500,12.2600,12.2700,12.2800,46,39,100,92,37,19,34,82,55,41
SZ,002330,2017-01-03 09:31:42,12.2100,2,6105.0000,5,S,12.2100,12.2000,12.1900,12.1800,12.1700,12.2400,12.2500,12.2600,12.2700,12.2800,101,38,100,92,37,19,34,82,45,41
SZ,002330,2017-01-03 09:31:48,12.2100,1,2442.0000,2,S,12.2100,12.2000,12.1900,12.1800,12.1700,12.2400,12.2500,12.2600,12.2700,12.2800,99,148,100,92,37,19,34,82,45,41
SZ,002330,2017-01-03 09:31:51,12.2100,4,61050.0000,50,S,12.2300,12.2100,12.2000,12.1900,12.1800,12.2400,12.2500,12.2600,12.2700,12.2800,4,79,159,100,92,19,22,82,45,41
SZ,002330,2017-01-03 09:31:54,12.2100,2,12218.0000,10,S,12.2100,12.2000,12.1900,12.1800,12.1700,12.2300,12.2400,12.2500,12.2600,12.2700,73,159,100,92,35,10,19,22,82,45
SZ,002330,2017-01-03 09:32:00,12.2100,4,91575.0000,75,S,12.2000,12.1900,12.1800,12.1700,12.1600,12.2100,12.2300,12.2400,12.2500,12.2600,159,100,92,35,226,43,30,19,22,82
SZ,002330,2017-01-03 09:32:06,12.2000,3,18305.0000,15,S,12.2000,12.1900,12.1800,12.1700,12.1600,12.2100,12.2300,12.2400,12.2500,12.2600,149,100,92,35,226,81,35,19,22,82
SZ,002330,2017-01-03 09:32:09,12.2100,2,43956.0000,36,B,12.2000,12.1900,12.1800,12.1700,12.1600,12.2100,12.2300,12.2400,12.2500,12.2600,149,100,75,135,226,45,35,19,22,92
SZ,002330,2017-01-03 09:32:12,12.2000,6,36600.0000,30,S,12.2000,12.1900,12.1800,12.1700,12.1600,12.2100,12.2300,12.2500,12.2600,12.2700,119,100,75,135,226,45,35,22,92,45
SZ,002330,2017-01-03 09:32:15,12.2100,2,21978.0000,18,B,12.2000,12.1900,12.1800,12.1700,12.1600,12.2100,12.2300,12.2500,12.2600,12.2700,119,100,75,135,226,17,35,22,92,45
SZ,002330,2017-01-03 09:32:18,12.2100,2,20757.0000,17,B,12.2100,12.2000,12.1900,12.1800,12.1700,12.2300,12.2500,12.2600,12.2700,12.2800,54,119,100,75,135,35,22,92,45,41
SZ,002330,2017-01-03 09:32:24,12.2100,1,12210.0000,10,S,12.2100,12.2000,12.1900,12.1800,12.1700,12.2300,12.2500,12.2600,12.2700,12.2800,65,119,100,75,135,30,22,92,45,41
SZ,002330,2017-01-03 09:32:30,12.2100,1,32967.0000,27,S,12.2100,12.2000,12.1900,12.1800,12.1700,12.2300,12.2500,12.2600,12.2700,12.2800,38,119,100,75,135,20,22,92,45,41
SZ,002330,2017-01-03 09:32:33,12.2100,2,46398.0000,38,S,12.2000,12.1900,12.1800,12.1700,12.1600,12.2100,12.2300,12.2500,12.2600,12.2700,121,100,75,135,246,12,20,22,92,45
SZ,002330,2017-01-03 09:32:39,12.2100,2,15861.0000,13,B,12.2000,12.1900,12.1800,12.1700,12.1600,12.2100,12.2300,12.2500,12.2600,12.2700,109,100,75,135,246,44,20,22,92,45
SZ,002330,2017-01-03 09:32:45,12.2000,1,21960.0000,18,S,12.2000,12.1900,12.1800,12.1700,12.1600,12.2100,12.2300,12.2500,12.2600,12.2700,91,100,75,135,246,64,109,4,92,45
SZ,002330,2017-01-03 09:32:48,12.2000,4,107362.0000,88,S,12.2000,12.1900,12.1800,12.1700,12.1600,12.2100,12.2300,12.2500,12.2600,12.2700,5,100,75,135,246,62,109,4,92,55
SZ,002330,2017-01-03 09:32:51,12.2100,3,23197.0000,19,B,12.2000,12.1900,12.1800,12.1700,12.1600,12.2100,12.2300,12.2500,12.2600,12.2700,3,100,75,135,246,45,109,4,92,55
SZ,002330,2017-01-03 09:32:57,12.2000,2,3660.0000,3,S,12.1900,12.1800,12.1700,12.1600,12.1500,12.2000,12.2100,12.2300,12.2500,12.2600,150,65,135,246,171,147,45,109,4,92
SZ,002330,2017-01-03 09:33:00,12.2000,1,3660.0000,3,B,12.1900,12.1800,12.1700,12.1600,12.1500,12.2000,12.2100,12.2300,12.2500,12.2600,150,65,135,244,221,149,45,109,4,92
SZ,002330,2017-01-03 09:33:03,12.1900,2,182850.0000,150,S,12.1800,12.1700,12.1600,12.1500,12.1400,12.1900,12.2000,12.2100,12.2300,12.2500,65,135,244,221,364,16,179,45,109,4
SZ,002330,2017-01-03 09:33:09,12.1900,2,65776.0000,54,B,12.1800,12.1700,12.1600,12.1500,12.1400,12.1900,12.2000,12.2100,12.2300,12.2500,15,35,244,211,364,12,179,45,109,4
SZ,002330,2017-01-03 09:33:12,12.1800,7,117076.0000,96,S,12.1800,12.1700,12.1600,12.1500,12.1400,12.2000,12.2100,12.2300,12.2500,12.2600,9,35,244,216,364,111,45,109,4,92
SZ,002330,2017-01-03 09:33:18,12.1800,1,6090.0000,5,S,12.1900,12.1800,12.1700,12.1600,12.1500,12.2000,12.2100,12.2300,12.2500,12.2600,11,4,105,244,216,159,45,99,4,92
SZ,002330,2017-01-03 09:33:21,12.2000,1,8540.0000,7,B,12.1900,12.1800,12.1700,12.1600,12.1500,12.2000,12.2100,12.2300,12.2500,12.2600,15,24,105,244,216,152,45,99,4,92
SZ,002330,2017-01-03 09:33:27,12.1900,1,4876.0000,4,S,12.1900,12.1800,12.1700,12.1600,12.1500,12.2000,12.2100,12.2300,12.2500,12.2600,4,39,105,244,216,728,45,99,4,92
SZ,002330,2017-01-03 09:33:30,12.1600,12,332455.0000,273,S,12.1600,12.1500,12.1400,12.1300,12.1200,12.2000,12.2100,12.2300,12.2500,12.2600,192,216,364,456,179,662,45,99,4,92
SZ,002330,2017-01-03 09:33:33,12.1700,1,7302.0000,6,B,12.1700,12.1600,12.1500,12.1400,12.1300,12.1900,12.2000,12.2100,12.2300,12.2500,14,192,166,364,456,27,662,45,99,4
SZ,002330,2017-01-03 09:33:39,12.1700,1,10953.0000,9,S,12.1700,12.1600,12.1500,12.1400,12.1300,12.1800,12.1900,12.2000,12.2100,12.2300,5,192,166,364,456,23,27,662,45,99
SZ,002330,2017-01-03 09:33:42,12.1700,2,10957.0000,9,S,12.1600,12.1500,12.1400,12.1300,12.1200,12.1700,12.1800,12.1900,12.2000,12.2100,192,166,364,456,179,7,34,12,619,45
SZ,002330,2017-01-03 09:33:45,12.1700,1,8519.0000,7,B,12.1600,12.1500,12.1400,12.1300,12.1200,12.1800,12.1900,12.2000,12.2100,12.2300,192,166,364,456,179,34,3,619,45,99
SZ,002330,2017-01-03 09:33:48,12.1600,3,19457.0000,16,S,12.1700,12.1600,12.1500,12.1400,12.1300,12.1800,12.1900,12.2000,12.2100,12.2300,78,177,166,364,456,34,3,619,45,99
SZ,002330,2017-01-03 09:33:54,12.1700,1,36510.0000,30,S,12.1700,12.1600,12.1500,12.1400,12.1300,12.1800,12.1900,12.2000,12.2100,12.2300,69,127,166,364,456,34,3,645,45,99
SZ,002330,2017-01-03 09:33:57,12.1700,1,13387.0000,11,S,12.1700,12.1600,12.1500,12.1400,12.1300,12.1800,12.1900,12.2000,12.2100,12.2300,95,127,166,264,456,29,3,645,45,89
SZ,002330,2017-01-03 09:34:00,12.1700,1,3651.0000,3,S,12.1700,12.1600,12.1500,12.1400,12.1300,12.1800,12.1900,12.2000,12.2100,12.2300,92,132,166,264,456,29,3,645,45,89
SZ,002330,2017-01-03 09:34:03,12.1700,1,24340.0000,20,S,12.1700,12.1600,12.1500,12.1400,12.1300,12.1800,12.1900,12.2000,12.2100,12.2300,72,152,166,264,456,54,13,645,45,89
SZ,002330,2017-01-03 09:34:06,12.1700,8,172774.0000,142,S,12.1700,12.1600,12.1500,12.1400,12.1300,12.1800,12.1900,12.2000,12.2100,12.2300,62,112,166,264,456,54,13,645,45,89
SZ,002330,2017-01-03 09:34:09,12.1700,1,9736.0000,8,S,12.1700,12.1600,12.1500,12.1400,12.1300,12.1800,12.1900,12.2000,12.2100,12.2300,62,112,166,264,456,54,13,645,45,89
SZ,002330,2017-01-03 09:34:12,12.1700,1,6085.0000,5,S,12.1700,12.1600,12.1500,12.1400,12.1300,12.1800,12.1900,12.2000,12.2100,12.2300,67,112,166,264,456,54,13,645,45,89
SZ,002330,2017-01-03 09:34:15,12.1700,3,59643.0000,49,S,12.1700,12.1600,12.1500,12.1400,12.1300,12.1800,12.1900,12.2000,12.2100,12.2300,28,112,166,264,456,44,13,645,45,89
SZ,002330,2017-01-03 09:34:21,12.1700,4,34076.0000,28,S,12.1600,12.1500,12.1400,12.1300,12.1200,12.1700,12.1800,12.1900,12.2000,12.2100,112,166,264,456,179,73,44,13,645,45
SZ,002330,2017-01-03 09:34:30,12.1700,1,73020.0000,60,B,12.1600,12.1500,12.1400,12.1300,12.1200,12.1700,12.1800,12.1900,12.2000,12.2100,112,171,264,456,179,511,44,13,645,45
SZ,002330,2017-01-03 09:34:33,12.1600,6,30400.0000,25,S,12.1600,12.1500,12.1400,12.1300,12.1200,12.1700,12.1800,12.1900,12.2000,12.2100,87,171,264,456,179,58,34,13,645,45
SZ,002330,2017-01-03 09:34:39,12.1400,35,583042.0000,480,S,12.1300,12.1200,12.1100,12.1000,12.0900,12.1400,12.1700,12.1900,12.2000,12.2100,456,179,386,71,68,39,47,13,645,45
SZ,002330,2017-01-03 09:34:45,12.1400,1,12140.0000,10,B,12.1300,12.1200,12.1100,12.1000,12.0900,12.1400,12.1500,12.1600,12.1700,12.1900,456,179,386,91,68,29,9,15,47,13
SZ,002330,2017-01-03 09:34:48,12.1300,5,59437.0000,49,S,12.1300,12.1200,12.1100,12.1000,12.0900,12.1400,12.1500,12.1600,12.1700,12.1900,407,179,386,91,68,29,9,15,47,3
SZ,002330,2017-01-03 09:34:51,12.1400,3,47346.0000,39,B,12.1400,12.1300,12.1200,12.1100,12.1000,12.1500,12.1600,12.1700,12.1900,12.2000,84,407,179,386,91,9,15,47,3,69
SZ,002330,2017-01-03 09:34:54,12.1300,6,140792.0000,116,S,12.1300,12.1200,12.1100,12.1000,12.0900,12.1600,12.1700,12.1900,12.2000,12.2100,375,179,386,91,68,15,47,3,69,45
SZ,002330,2017-01-03 09:35:00,12.1400,3,41262.0000,34,B,12.1300,12.1200,12.1100,12.1000,12.0900,12.1400,12.1500,12.1600,12.1700,12.1900,361,179,386,91,68,18,20,18,47,3
SZ,002330,2017-01-03 09:35:03,12.1500,4,35214.0000,29,B,12.1400,12.1300,12.1200,12.1100,12.1000,12.1500,12.1600,12.1700,12.1900,12.2000,189,363,189,386,91,12,18,47,3,69
SZ,002330,2017-01-03 09:35:06,12.1500,2,21870.0000,18,B,12.1500,12.1400,12.1300,12.1200,12.1100,12.1600,12.1700,12.1900,12.2000,12.2100,54,1199,363,189,386,18,47,3,69,45
SZ,002330,2017-01-03 09:35:09,12.1400,4,489368.0000,403,S,12.1400,12.1300,12.1200,12.1100,12.1000,12.1600,12.1700,12.1900,12.2000,12.2100,922,516,189,386,143,18,47,3,69,45
SZ,002330,2017-01-03 09:35:18,12.1400,4,100829.0000,83,S,12.1400,12.1300,12.1200,12.1100,12.1000,12.1500,12.1600,12.1700,12.1900,12.2000,978,517,189,386,163,31,18,2,3,69
SZ,002330,2017-01-03 09:35:21,12.1500,2,65560.0000,54,B,12.1400,12.1300,12.1200,12.1100,12.1000,12.1500,12.1600,12.1700,12.1900,12.2000,928,515,189,386,173,32,18,2,3,69
SZ,002330,2017-01-03 09:35:24,12.1500,1,24300.0000,20,B,12.1400,12.1300,12.1200,12.1100,12.1000,12.1500,12.1600,12.1700,12.1900,12.2000,928,515,189,386,173,12,18,2,3,69
SZ,002330,2017-01-03 09:35:27,12.1600,3,24308.0000,20,B,12.1400,12.1300,12.1200,12.1100,12.1000,12.1600,12.1700,12.1900,12.2000,12.2100,928,515,189,186,173,10,2,3,69,45
SZ,002330,2017-01-03 09:35:30,12.1600,2,12160.0000,10,B,12.1600,12.1500,12.1400,12.1300,12.1200,12.1700,12.1900,12.2000,12.2100,12.2300,62,15,119,515,189,2,3,69,45,89
SZ,002330,2017-01-03 09:35:36,12.1600,1,14592.0000,12,S,12.1600,12.1500,12.1400,12.1300,12.1200,12.1700,12.1900,12.2000,12.2100,12.2300,57,15,119,520,189,2,3,69,45,89
SZ,002330,2017-01-03 09:35:39,12.1600,2,24320.0000,20,S,12.1600,12.1500,12.1400,12.1300,12.1200,12.1700,12.1900,12.2000,12.2100,12.2300,37,20,129,520,189,2,135,69,45,89
SZ,002330,2017-01-03 09:35:42,12.1600,1,24320.0000,20,S,12.1600,12.1500,12.1400,12.1300,12.1200,12.1700,12.1900,12.2000,12.2100,12.2300,17,120,129,520,189,2,135,69,45,89
SZ,002330,2017-01-03 09:35:45,12.1500,6,109367.0000,90,S,12.1500,12.1400,12.1300,12.1200,12.1100,12.1600,12.1700,12.1900,12.2000,12.2100,51,139,520,189,186,43,2,135,69,45
SZ,002330,2017-01-03 09:35:48,12.1600,1,38912.0000,32,B,12.1500,12.1400,12.1300,12.1200,12.1100,12.1600,12.1700,12.1900,12.2000,12.2100,81,139,520,189,186,11,2,135,69,45
SZ,002330,2017-01-03 09:35:51,12.1700,3,24329.0000,20,B,12.1500,12.1400,12.1300,12.1200,12.1100,12.1600,12.1900,12.2000,12.2100,12.2300,84,156,520,189,186,93,135,69,45,89
SZ,002330,2017-01-03 09:35:54,12.1600,1,24320.0000,20,B,12.1500,12.1400,12.1300,12.1200,12.1100,12.1600,12.1900,12.2000,12.2100,12.2300,84,156,520,189,186,78,135,69,45,89
SZ,002330,2017-01-03 09:35:57,12.1600,1,13376.0000,11,B,12.1500,12.1400,12.1300,12.1200,12.1100,12.1600,12.1900,12.2000,12.2100,12.2300,84,156,520,189,186,67,135,69,45,89
SZ,002330,2017-01-03 09:36:00,12.1500,2,26730.0000,22,S,12.1500,12.1400,12.1300,12.1200,12.1100,12.1600,12.1900,12.2000,12.2100,12.2300,62,156,520,189,186,137,135,69,45,89
SZ,002330,2017-01-03 09:36:06,12.1600,1,36480.0000,30,B,12.1500,12.1400,12.1300,12.1200,12.1100,12.1600,12.1800,12.1900,12.2000,12.2100,81,156,520,189,186,107,2,135,69,45
SZ,002330,2017-01-03 09:36:09,12.1600,4,85120.0000,70,B,12.1500,12.1400,12.1300,12.1200,12.1100,12.1600,12.1800,12.1900,12.2000,12.2100,81,156,520,189,186,37,2,135,69,45
SZ,002330,2017-01-03 09:36:12,12.1500,9,116640.0000,96,S,12.1400,12.1300,12.1200,12.1100,12.1000,12.1500,12.1600,12.1800,12.1900,12.2000,156,520,189,186,266,4,37,22,135,43
SZ,002330,2017-01-03 09:36:24,12.1500,1,4860.0000,4,B,12.1500,12.1400,12.1300,12.1200,12.1100,12.1600,12.1800,12.1900,12.2000,12.2100,21,161,525,189,186,37,22,135,43,45
SZ,002330,2017-01-03 09:36:27,12.1500,4,35235.0000,29,S,12.1400,12.1300,12.1200,12.1100,12.1000,12.1500,12.1600,12.1800,12.1900,12.2000,161,525,189,186,271,7,37,22,135,43
SZ,002330,2017-01-03 09:36:33,12.1500,2,12150.0000,10,B,12.1400,12.1300,12.1200,12.1100,12.1000,12.1500,12.1600,12.1800,12.1900,12.2000,161,525,189,186,271,2,37,22,3,43
SZ,002330,2017-01-03 09:36:36,12.1600,4,66860.0000,55,B,12.1700,12.1400,12.1300,12.1200,12.1100,12.1800,12.1900,12.2000,12.2100,12.2300,2,159,525,189,186,22,3,43,45,89
SZ,002330,2017-01-03 09:36:45,12.1500,2,14584.0000,12,S,12.1500,12.1400,12.1300,12.1200,12.1100,12.1800,12.1900,12.2000,12.2100,12.2300,253,212,525,189,266,2,3,43,45,89
SZ,002330,2017-01-03 09:36:51,12.1500,1,2430.0000,2,S,12.1500,12.1400,12.1300,12.1200,12.1100,12.1700,12.1800,12.1900,12.2000,12.2100,251,223,525,189,266,33,2,13,43,45
SZ,002330,2017-01-03 09:37:00,12.1700,1,13387.0000,11,B,12.1500,12.1400,12.1300,12.1200,12.1100,12.1700,12.1800,12.1900,12.2000,12.2100,251,323,525,189,266,22,2,21,43,45
SZ,002330,2017-01-03 09:37:12,12.1700,3,25517.0000,21,B,12.1500,12.1400,12.1300,12.1200,12.1100,12.1700,12.1800,12.1900,12.2000,12.2100,245,312,515,192,266,21,22,31,43,45
SZ,002330,2017-01-03 09:37:15,12.1700,2,32859.0000,27,B,12.1500,12.1400,12.1300,12.1200,12.1100,12.1700,12.1800,12.1900,12.2000,12.2100,245,312,515,192,266,228,22,31,43,45
SZ,002330,2017-01-03 09:37:27,12.1700,1,24340.0000,20,B,12.1600,12.1500,12.1400,12.1300,12.1200,12.1700,12.1800,12.1900,12.2000,12.2100,46,265,312,511,192,238,22,31,45,45
SZ,002330,2017-01-03 09:37:30,12.1600,1,12160.0000,10,S,12.1600,12.1500,12.1400,12.1300,12.1200,12.1700,12.1800,12.1900,12.2000,12.2100,36,265,312,511,192,238,22,31,45,45
SZ,002330,2017-01-03 09:37:33,12.1600,5,80256.0000,66,S,12.1500,12.1400,12.1300,12.1200,12.1100,12.1600,12.1700,12.1800,12.1900,12.2000,265,309,511,192,488,56,238,22,31,45
SZ,002330,2017-01-03 09:37:54,12.1600,2,23103.0000,19,B,12.1500,12.1400,12.1300,12.1200,12.1100,12.1600,12.1700,12.1800,12.1900,12.2000,271,309,518,192,388,38,238,22,21,45
SZ,002330,2017-01-03 09:37:57,12.1600,3,31616.0000,26,B,12.1500,12.1400,12.1300,12.1200,12.1100,12.1600,12.1700,12.1800,12.1900,12.2000,271,309,518,192,388,12,238,22,21,45
SZ,002330,2017-01-03 09:38:00,12.1500,1,4860.0000,4,S,12.1500,12.1400,12.1300,12.1200,12.1100,12.1600,12.1700,12.1800,12.1900,12.2000,271,309,518,192,388,12,238,22,21,45
SZ,002330,2017-01-03 09:38:03,12.1600,1,6080.0000,5,B,12.1500,12.1400,12.1300,12.1200,12.1100,12.1600,12.1700,12.1800,12.1900,12.2000,271,309,518,192,388,7,238,22,21,45
SZ,002330,2017-01-03 09:38:06,12.1500,4,25529.0000,21,S,12.1500,12.1400,12.1300,12.1200,12.1100,12.1700,12.1800,12.1900,12.2000,12.2100,268,309,518,192,388,238,22,21,45,45
SZ,002330,2017-01-03 09:38:09,12.1400,24,680108.0000,560,S,12.1400,12.1300,12.1200,12.1100,12.1000,12.1700,12.1800,12.1900,12.2000,12.2100,17,518,192,388,290,238,22,21,45,45
SZ,002330,2017-01-03 09:38:18,12.1400,4,42505.0000,35,S,12.1400,12.1300,12.1200,12.1100,12.1000,12.1600,12.1700,12.1800,12.1900,12.2000,297,518,192,388,290,1,238,22,21,45
SZ,002330,2017-01-03 09:38:27,12.1400,3,15794.0000,13,S,12.1400,12.1300,12.1200,12.1100,12.1000,12.1500,12.1600,12.1700,12.1800,12.1900,350,518,192,388,290,43,26,238,20,21
SZ,002330,2017-01-03 09:38:30,12.1400,2,30350.0000,25,S,12.1400,12.1300,12.1200,12.1100,12.1000,12.1500,12.1600,12.1700,12.1800,12.1900,345,518,192,388,290,43,26,238,20,21
SZ,002330,2017-01-03 09:38:33,12.1500,4,52245.0000,43,B,12.1400,12.1300,12.1200,12.1100,12.1000,12.1600,12.1700,12.1800,12.1900,12.2000,365,518,192,388,290,26,238,20,21,45
SZ,002330,2017-01-03 09:38:36,12.1400,1,9712.0000,8,S,12.1400,12.1300,12.1200,12.1100,12.1000,12.1500,12.1600,12.1700,12.1800,12.1900,362,518,192,408,290,64,26,238,20,21
SZ,002330,2017-01-03 09:38:39,12.1400,1,4856.0000,4,S,12.1400,12.1300,12.1200,12.1100,12.1000,12.1500,12.1600,12.1700,12.1800,12.1900,358,522,192,408,290,64,35,238,20,21
SZ,002330,2017-01-03 09:38:42,12.1500,1,1215.0000,1,B,12.1400,12.1300,12.1200,12.1100,12.1000,12.1500,12.1600,12.1700,12.1800,12.1900,358,522,192,408,290,63,35,238,20,21
SZ,002330,2017-01-03 09:38:45,12.1500,2,38867.0000,32,B,12.1400,12.1300,12.1200,12.1100,12.1000,12.1500,12.1600,12.1700,12.1800,12.1900,345,522,192,408,290,44,45,238,20,21
SZ,002330,2017-01-03 09:38:48,12.1500,1,12150.0000,10,B,12.1400,12.1300,12.1200,12.1100,12.1000,12.1500,12.1600,12.1700,12.1800,12.1900,345,522,192,408,290,34,47,238,20,21
SZ,002330,2017-01-03 09:38:51,12.1400,1,3642.0000,3,S,12.1400,12.1300,12.1200,12.1100,12.1000,12.1500,12.1600,12.1700,12.1800,12.1900,342,522,192,408,290,34,47,238,20,21
SZ,002330,2017-01-03 09:38:57,12.1400,1,24280.0000,20,S,12.1400,12.1300,12.1200,12.1100,12.1000,12.1500,12.1600,12.1700,12.1800,12.1900,322,522,192,408,290,39,47,238,20,21
SZ,002330,2017-01-03 09:39:00,12.1400,3,15793.0000,13,S,12.1400,12.1300,12.1200,12.1100,12.1000,12.1500,12.1600,12.1700,12.1800,12.1900,320,522,192,408,290,28,47,238,20,21
SZ,002330,2017-01-03 09:39:06,12.1500,3,53460.0000,44,B,12.1500,12.1400,12.1300,12.1200,12.1100,12.1600,12.1700,12.1800,12.1900,12.2000,1054,325,522,192,408,47,238,20,21,45
SZ,002330,2017-01-03 09:39:12,12.1500,8,300155.0000,247,S,12.1500,12.1400,12.1300,12.1200,12.1100,12.1700,12.1800,12.1900,12.2000,12.2100,862,330,522,192,408,238,20,21,35,25
SZ,002330,2017-01-03 09:39:15,12.1500,2,13365.0000,11,S,12.1500,12.1400,12.1300,12.1200,12.1100,12.1700,12.1800,12.1900,12.2000,12.2100,851,330,522,192,408,238,20,21,35,25
SZ,002330,2017-01-03 09:39:18,12.1500,1,26730.0000,22,S,12.1500,12.1400,12.1300,12.1200,12.1100,12.1700,12.1800,12.1900,12.2000,12.2100,829,330,522,192,408,238,20,21,33,25
SZ,002330,2017-01-03 09:39:33,12.1700,1,119266.0000,98,B,12.1500,12.1400,12.1300,12.1200,12.1100,12.1700,12.1800,12.1900,12.2000,12.2100,746,349,522,192,408,140,20,21,533,25
SZ,002330,2017-01-03 09:39:48,12.1600,2,12160.0000,10,S,12.1500,12.1400,12.1300,12.1200,12.1100,12.1600,12.1700,12.1800,12.1900,12.2000,796,404,522,197,408,11,140,20,21,533
SZ,002330,2017-01-03 09:39:51,12.1700,2,34065.0000,28,B,12.1600,12.1500,12.1400,12.1300,12.1200,12.1700,12.1800,12.1900,12.2000,12.2100,10,796,404,522,197,123,20,21,533,25
SZ,002330,2017-01-03 09:40:00,12.1700,1,13387.0000,11,B,12.1600,12.1500,12.1400,12.1300,12.1200,12.1700,12.1800,12.1900,12.2000,12.2100,20,796,554,522,197,112,20,21,533,25
SZ,002330,2017-01-03 09:40:03,12.1600,3,12169.0000,10,S,12.1600,12.1500,12.1400,12.1300,12.1200,12.1700,12.1800,12.1900,12.2000,12.2100,19,796,554,522,197,103,20,21,533,25
SZ,002330,2017-01-03 09:40:06,12.1700,1,19472.0000,16,B,12.1600,12.1500,12.1400,12.1300,12.1200,12.1700,12.1800,12.1900,12.2000,12.2100,19,796,554,522,197,87,20,21,533,25
SZ,002330,2017-01-03 09:40:12,12.1600,4,29184.0000,24,S,12.1500,12.1400,12.1300,12.1200,12.1100,12.1600,12.1700,12.1800,12.1900,12.2000,796,554,521,197,408,39,87,20,21,533
SZ,002330,2017-01-03 09:40:15,12.1600,2,47424.0000,39,B,12.1600,12.1500,12.1400,12.1300,12.1200,12.1700,12.1800,12.1900,12.2000,12.2100,751,796,554,521,202,87,20,21,533,25
SZ,002330,2017-01-03 09:40:18,12.1700,2,24322.0000,20,B,12.1600,12.1500,12.1400,12.1300,12.1200,12.1700,12.1800,12.1900,12.2000,12.2100,760,805,554,521,208,85,20,21,533,25
SZ,002330,2017-01-03 09:40:21,12.1600,1,6080.0000,5,S,12.1600,12.1500,12.1400,12.1300,12.1200,12.1700,12.1800,12.1900,12.2000,12.2100,962,805,554,521,208,85,20,21,546,25
SZ,002330,2017-01-03 09:40:24,12.1700,2,47463.0000,39,B,12.1600,12.1500,12.1400,12.1300,12.1200,12.1700,12.1800,12.1900,12.2000,12.2100,962,806,554,521,208,46,20,21,546,25
SZ,002330,2017-01-03 09:40:30,12.1700,2,9736.0000,8,B,12.1600,12.1500,12.1400,12.1300,12.1200,12.1700,12.1800,12.1900,12.2000,12.2100,982,806,530,531,208,38,20,21,546,25
SZ,002330,2017-01-03 09:40:33,12.1800,4,48682.0000,40,B,12.1600,12.1500,12.1400,12.1300,12.1200,12.1800,12.1900,12.2000,12.2100,12.2300,982,806,530,510,208,18,21,546,25,89
SZ,002330,2017-01-03 09:40:39,12.1800,1,12180.0000,10,B,12.1700,12.1600,12.1500,12.1400,12.1300,12.1800,12.1900,12.2000,12.2100,12.2300,17,982,806,530,506,8,21,546,25,89
SZ,002330,2017-01-03 09:41:03,12.1800,1,1218.0000,1,B,12.1700,12.1600,12.1500,12.1400,12.1300,12.1800,12.1900,12.2000,12.2100,12.2300,10,1068,806,538,506,7,21,546,25,89
SZ,002330,2017-01-03 09:41:06,12.1800,1,8526.0000,7,B,12.1800,12.1700,12.1600,12.1500,12.1400,12.1900,12.2000,12.2100,12.2300,12.2400,13,10,1068,806,538,26,546,25,89,20
SZ,002330,2017-01-03 09:41:18,12.1900,3,13409.0000,11,B,12.1800,12.1700,12.1600,12.1500,12.1400,12.1900,12.2000,12.2100,12.2300,12.2400,24,21,1068,806,538,15,546,25,89,20
SZ,002330,2017-01-03 09:41:21,12.2000,7,684405.0000,561,B,12.2000,12.1900,12.1800,12.1700,12.1600,12.2100,12.2300,12.2400,12.2500,12.2600,3440,19,24,21,1076,25,89,20,4,82
SZ,002330,2017-01-03 09:41:30,12.2000,1,36600.0000,30,S,12.2000,12.1900,12.1800,12.1700,12.1600,12.2100,12.2300,12.2400,12.2500,12.2600,3410,19,24,21,1076,25,89,20,4,82
SZ,002330,2017-01-03 09:41:33,12.2000,1,1220.0000,1,S,12.2000,12.1900,12.1800,12.1700,12.1600,12.2100,12.2300,12.2400,12.2500,12.2600,3409,19,24,21,1076,25,89,20,4,82
SZ,002330,2017-01-03 09:41:36,12.2100,2,30525.0000,25,B,12.2100,12.2000,12.1900,12.1800,12.1700,12.2300,12.2400,12.2500,12.2600,12.2800,20,3409,19,24,21,89,20,4,82,19
SZ,002330,2017-01-03 09:41:48,12.2100,1,3663.0000,3,S,12.2100,12.2000,12.1900,12.1800,12.1700,12.2300,12.2400,12.2500,12.2600,12.2800,17,3409,19,13,21,89,20,4,82,19
SZ,002330,2017-01-03 09:41:51,12.2100,1,8547.0000,7,S,12.2100,12.2000,12.1900,12.1800,12.1700,12.2300,12.2400,12.2500,12.2600,12.2800,10,3409,19,13,21,89,20,4,82,19
SZ,002330,2017-01-03 09:42:03,12.2300,2,35467.0000,29,B,12.2100,12.2000,12.1900,12.1800,12.1700,12.2300,12.2400,12.2500,12.2600,12.2800,57,3409,19,13,21,60,20,37,82,18
SZ,002330,2017-01-03 09:42:06,12.2300,7,191811.0000,157,B,12.2000,12.1900,12.1800,12.1700,12.1600,12.2300,12.2400,12.2500,12.2600,12.2800,3459,19,13,21,1030,3,20,37,82,18
SZ,002330,2017-01-03 09:42:12,12.2400,2,18357.0000,15,B,12.2100,12.2000,12.1900,12.1800,12.1700,12.2400,12.2500,12.2600,12.2800,12.2900,5,3479,19,13,20,8,37,82,18,52
SZ,002330,2017-01-03 09:42:21,12.3000,20,277321.0000,226,B,12.3100,12.2100,12.2000,12.1900,12.1800,12.3200,12.3400,12.3500,12.3600,12.3700,159,5,3479,19,13,21,50,49,52,164
SZ,002330,2017-01-03 09:42:27,12.2000,4,550754.0000,450,S,12.2000,12.1900,12.1800,12.1700,12.1600,12.3200,12.3400,12.3500,12.3600,12.3700,3193,19,13,20,1030,21,50,49,52,164
SZ,002330,2017-01-03 09:42:30,12.2000,1,1220.0000,1,S,12.2000,12.1900,12.1800,12.1700,12.1600,12.3000,12.3100,12.3200,12.3400,12.3500,3192,19,13,20,1036,50,100,21,50,49
SZ,002330,2017-01-03 09:42:42,12.2000,2,172130.0000,141,S,12.2100,12.2000,12.1900,12.1800,12.1700,12.2900,12.3000,12.3100,12.3200,12.3400,100,115,19,13,20,32,111,110,21,50
SZ,002330,2017-01-03 09:42:45,12.2900,1,24580.0000,20,B,12.2100,12.2000,12.1900,12.1800,12.1700,12.2900,12.3000,12.3100,12.3200,12.3500,102,115,19,13,20,12,111,110,21,49
SZ,002330,2017-01-03 09:42:51,12.2000,13,372792.0000,305,S,12.1900,12.1800,12.1700,12.1600,12.1500,12.2000,12.3000,12.3100,12.3200,12.3500,19,13,30,1036,804,2951,77,110,21,49
SZ,002330,2017-01-03 09:42:54,12.2000,1,6100.0000,5,B,12.1900,12.1800,12.1700,12.1600,12.1500,12.2000,12.3000,12.3100,12.3200,12.3500,19,13,30,1036,804,2946,77,110,21,49
SZ,002330,2017-01-03 09:42:57,12.2000,1,69540.0000,57,B,12.1900,12.1800,12.1700,12.1600,12.1500,12.2000,12.3000,12.3100,12.3200,12.3500,19,13,30,1036,804,2889,77,10,43,42
SZ,002330,2017-01-03 09:43:06,12.2000,1,1220.0000,1,B,12.1900,12.1800,12.1700,12.1600,12.1500,12.2000,12.2900,12.3000,12.3100,12.3200,19,14,30,1086,804,2888,54,77,10,43
SZ,002330,2017-01-03 09:43:09,12.2000,1,1220.0000,1,B,12.1900,12.1800,12.1700,12.1600,12.1500,12.2000,12.2900,12.3000,12.3100,12.3200,19,14,30,358,804,2887,54,77,10,43
SZ,002330,2017-01-03 09:43:12,12.1900,1,12.0000,0,B,12.1900,12.1800,12.1700,12.1600,12.1500,12.2000,12.2900,12.3000,12.3100,12.3200,18,14,30,358,804,2887,54,77,10,43
SZ,002330,2017-01-03 09:43:21,12.2000,1,24400.0000,20,B,12.1900,12.1800,12.1700,12.1600,12.1500,12.2000,12.2900,12.3000,12.3100,12.3200,48,14,212,358,804,2867,54,94,10,51
SZ,002330,2017-01-03 09:43:27,12.1900,1,6095.0000,5,S,12.1900,12.1800,12.1700,12.1600,12.1500,12.2000,12.2900,12.3000,12.3100,12.3200,43,14,212,358,804,2867,74,94,10,51
SZ,002330,2017-01-03 09:43:30,12.2000,1,1220.0000,1,B,12.1900,12.1800,12.1700,12.1600,12.1500,12.2000,12.2900,12.3000,12.3100,12.3200,53,24,212,358,804,2866,70,94,10,51
SZ,002330,2017-01-03 09:43:36,12.2000,1,12200.0000,10,B,12.1900,12.1800,12.1700,12.1600,12.1500,12.2000,12.2900,12.3000,12.3100,12.3200,53,24,212,358,804,2856,70,94,10,51
SZ,002330,2017-01-03 09:43:45,12.1900,3,37800.0000,31,S,12.1900,12.1800,12.1700,12.1600,12.1500,12.2000,12.2800,12.2900,12.3000,12.3100,123,34,212,360,807,2845,2,70,94,10
SZ,002330,2017-01-03 09:43:48,12.1900,1,3657.0000,3,S,12.1900,12.1800,12.1700,12.1600,12.1500,12.2000,12.2800,12.2900,12.3000,12.3100,121,34,212,360,807,2845,2,70,94,10
SZ,002330,2017-01-03 09:43:54,12.1900,2,2438.0000,2,S,12.1900,12.1800,12.1700,12.1600,12.1500,12.2000,12.2800,12.2900,12.3000,12.3100,119,34,212,360,807,2845,2,70,94,10
SZ,002330,2017-01-03 09:43:57,12.2000,1,20740.0000,17,B,12.1900,12.1800,12.1700,12.1600,12.1500,12.2000,12.2800,12.2900,12.3000,12.3100,129,34,212,360,804,2828,2,70,94,10
SZ,002330,2017-01-03 09:44:00,12.2000,3,317200.0000,260,B,12.1900,12.1800,12.1700,12.1600,12.1500,12.2000,12.2800,12.2900,12.3000,12.3100,129,34,202,360,804,2568,2,70,114,10
SZ,002330,2017-01-03 09:44:03,12.2000,1,35380.0000,29,B,12.1900,12.1800,12.1700,12.1600,12.1500,12.2000,12.2800,12.2900,12.3000,12.3100,129,34,202,360,806,2539,2,70,124,10
SZ,002330,2017-01-03 09:44:09,12.2000,1,3660.0000,3,B,12.1900,12.1800,12.1700,12.1600,12.1500,12.2000,12.2500,12.2800,12.2900,12.3000,129,39,202,360,811,2536,10,2,70,101
SZ,002330,2017-01-03 09:44:12,12.2000,1,8540.0000,7,B,12.1900,12.1800,12.1700,12.1600,12.1500,12.2000,12.2500,12.2800,12.2900,12.3000,129,39,202,360,816,2529,10,2,70,101
SZ,002330,2017-01-03 09:44:24,12.2000,1,244000.0000,200,B,12.1900,12.1800,12.1700,12.1600,12.1500,12.2000,12.2500,12.2800,12.2900,12.3000,149,39,202,360,816,2329,10,2,70,101
SZ,002330,2017-01-03 09:44:27,12.1900,1,4876.0000,4,S,12.1900,12.1800,12.1700,12.1600,12.1500,12.2000,12.2500,12.2800,12.2900,12.3000,145,39,202,360,816,2329,10,2,70,101
SZ,002330,2017-01-03 09:44:30,12.2000,1,13420.0000,11,B,12.1900,12.1800,12.1700,12.1600,12.1500,12.2000,12.2500,12.2800,12.2900,12.3000,145,39,202,360,816,2318,10,2,70,101
SZ,002330,2017-01-03 09:44:33,12.2000,1,122000.0000,100,B,12.1900,12.1800,12.1700,12.1600,12.1500,12.2000,12.2500,12.2800,12.2900,12.3000,145,39,202,360,816,2218,10,2,70,101
SZ,002330,2017-01-03 09:44:39,12.2000,1,4880.0000,4,B,12.1900,12.1800,12.1700,12.1600,12.1500,12.2000,12.2500,12.2800,12.2900,12.3000,145,39,202,360,811,2214,10,2,70,101
SZ,002330,2017-01-03 09:44:45,12.1700,18,307015.0000,252,S,12.1700,12.1600,12.1500,12.1400,12.1300,12.2000,12.2500,12.2800,12.2900,12.3000,134,370,861,627,501,2214,10,2,70,101
SZ,002330,2017-01-03 09:44:51,12.1800,1,2436.0000,2,S,12.1800,12.1700,12.1600,12.1500,12.1400,12.1900,12.2000,12.2500,12.2800,12.2900,30,135,376,861,627,10,2214,10,2,80
SZ,002330,2017-01-03 09:44:54,12.1900,2,3656.0000,3,B,12.1800,12.1700,12.1600,12.1500,12.1400,12.1900,12.2000,12.2500,12.2800,12.2900,49,143,376,861,627,8,2214,10,2,80
SZ,002330,2017-01-03 09:44:57,12.1800,1,30450.0000,25,S,12.1800,12.1700,12.1600,12.1500,12.1400,12.1900,12.2000,12.2500,12.2800,12.2900,24,143,376,861,627,8,2214,10,2,80
SZ,002330,2017-01-03 09:45:06,12.1800,2,7308.0000,6,S,12.1800,12.1700,12.1600,12.1500,12.1400,12.1900,12.2000,12.2500,12.2800,12.2900,18,143,376,861,627,8,2214,10,2,80
SZ,002330,2017-01-03 09:45:12,12.1800,1,13398.0000,11,S,12.1800,12.1700,12.1600,12.1500,12.1400,12.1900,12.2000,12.2500,12.2800,12.2900,13,148,376,861,627,8,2214,10,2,80
SZ,002330,2017-01-03 09:45:15,12.1800,3,20706.0000,17,S,12.1700,12.1600,12.1500,12.1400,12.1300,12.1800,12.1900,12.2000,12.2500,12.2800,148,376,861,627,501,1,8,2264,10,2
SZ,002330,2017-01-03 09:45:27,12.1800,1,1218.0000,1,B,12.1800,12.1700,12.1600,12.1500,12.1400,12.1900,12.2000,12.2500,12.2800,12.2900,5,148,376,861,627,8,2264,10,2,80
SZ,002330,2017-01-03 09:45:33,12.1700,3,13392.0000,11,S,12.1800,12.1700,12.1600,12.1500,12.1400,12.1900,12.2000,12.2500,12.2800,12.2900,10,142,366,861,617,8,50,10,2,80
SZ,002330,2017-01-03 09:45:42,12.2000,4,23159.0000,19,B,12.1800,12.1700,12.1600,12.1500,12.1400,12.2000,12.2500,12.2800,12.2900,12.3000,21,142,366,881,647,47,10,2,80,101
SZ,002330,2017-01-03 09:45:48,12.2000,2,25618.0000,21,B,12.1800,12.1700,12.1600,12.1500,12.1400,12.2000,12.2500,12.2800,12.2900,12.3000,223,142,366,879,647,27,10,2,80,101
SZ,002330,2017-01-03 09:45:51,12.1800,3,10962.0000,9,S,12.1800,12.1700,12.1600,12.1500,12.1400,12.2000,12.2500,12.2800,12.2900,12.3000,214,142,366,879,647,27,10,2,80,101
SZ,002330,2017-01-03 09:45:54,12.2000,1,8540.0000,7,B,12.1800,12.1700,12.1600,12.1500,12.1400,12.2000,12.2500,12.2800,12.2900,12.3000,214,142,366,879,647,20,10,2,80,101
SZ,002330,2017-01-03 09:45:57,12.2000,1,10980.0000,9,B,12.1800,12.1700,12.1600,12.1500,12.1400,12.2000,12.2500,12.2800,12.2900,12.3000,220,142,366,879,647,11,10,2,80,101
SZ,002330,2017-01-03 09:46:03,12.1800,2,7318.0000,6,S,12.1800,12.1700,12.1600,12.1500,12.1400,12.2000,12.2300,12.2500,12.2800,12.2900,229,142,366,882,647,6,5,30,2,80
SZ,002330,2017-01-03 09:46:06,12.2000,1,7320.0000,6,B,12.2000,12.1800,12.1700,12.1600,12.1500,12.2300,12.2500,12.2800,12.2900,12.3000,5,229,142,366,882,5,30,2,80,101
SZ,002330,2017-01-03 09:46:21,12.2000,2,8540.0000,7,S,12.1900,12.1800,12.1700,12.1600,12.1500,12.2000,12.2300,12.2500,12.2800,12.2900,65,229,142,344,937,12,5,30,2,80
SZ,002330,2017-01-03 09:46:27,12.2000,1,4880.0000,4,B,12.1900,12.1800,12.1700,12.1600,12.1500,12.2000,12.2300,12.2500,12.2800,12.2900,75,229,142,344,937,8,5,30,2,80
SZ,002330,2017-01-03 09:46:30,12.2000,3,10980.0000,9,B,12.2000,12.1900,12.1800,12.1700,12.1600,12.2300,12.2500,12.2800,12.2900,12.3000,5,75,229,142,344,5,30,2,80,101
SZ,002330,2017-01-03 09:46:39,12.2000,2,7323.0000,6,S,12.1900,12.1800,12.1700,12.1600,12.1500,12.2000,12.2300,12.2500,12.2800,12.2900,85,229,142,332,937,5,4,30,2,80
SZ,002330,2017-01-03 09:46:45,12.1900,2,12190.0000,10,S,12.1900,12.1800,12.1700,12.1600,12.1500,12.2000,12.2300,12.2500,12.2800,12.2900,75,239,142,332,939,5,4,30,2,80
SZ,002330,2017-01-03 09:46:48,12.2000,1,3660.0000,3,B,12.1900,12.1800,12.1700,12.1600,12.1500,12.2000,12.2300,12.2500,12.2800,12.2900,75,239,142,332,939,2,4,30,2,80
SZ,002330,2017-01-03 09:46:54,12.2000,1,2440.0000,2,B,12.2000,12.1900,12.1800,12.1700,12.1600,12.2300,12.2500,12.2800,12.2900,12.3000,9,125,239,142,332,4,30,2,80,121
SZ,002330,2017-01-03 09:47:06,12.2000,1,1220.0000,1,S,12.2000,12.1900,12.1800,12.1700,12.1600,12.2300,12.2500,12.2800,12.2900,12.3000,10,127,239,142,332,4,30,2,325,121
SZ,002330,2017-01-03 09:47:09,12.2300,1,4892.0000,4,B,12.2300,12.2000,12.1900,12.1800,12.1700,12.2500,12.2800,12.2900,12.3000,12.3100,4,15,127,239,142,30,2,280,121,11
SZ,002330,2017-01-03 09:47:33,12.2500,4,26885.0000,22,B,12.2000,12.1900,12.1800,12.1700,12.1600,12.2500,12.2700,12.2800,12.2900,12.3000,26,127,239,152,332,27,40,62,280,121
SZ,002330,2017-01-03 09:47:45,12.2500,2,24500.0000,20,B,12.2300,12.2200,12.2000,12.1900,12.1800,12.2500,12.2700,12.2800,12.2900,12.3000,16,40,29,127,229,7,40,67,280,121
SZ,002330,2017-01-03 09:48:03,12.2500,4,71050.0000,58,B,12.2300,12.2200,12.2100,12.2000,12.1900,12.2500,12.2700,12.2800,12.2900,12.3000,1,40,4,29,127,653,40,77,280,66
SZ,002330,2017-01-03 09:48:06,12.2500,1,13475.0000,11,B,12.2300,12.2200,12.2100,12.2000,12.1900,12.2500,12.2700,12.2800,12.2900,12.3000,1,40,4,29,127,642,40,77,280,66
SZ,002330,2017-01-03 09:48:15,12.2500,2,11025.0000,9,B,12.2300,12.2200,12.2100,12.2000,12.1900,12.2500,12.2800,12.2900,12.3000,12.3100,1,40,4,37,127,633,77,280,66,11
SZ,002330,2017-01-03 09:48:21,12.2300,2,12230.0000,10,S,12.2300,12.2200,12.2100,12.2000,12.1900,12.2400,12.2500,12.2600,12.2800,12.2900,11,40,4,37,127,20,633,5,77,280
SZ,002330,2017-01-03 09:48:33,12.2300,1,3669.0000,3,S,12.2300,12.2200,12.2100,12.2000,12.1900,12.2400,12.2500,12.2600,12.2800,12.2900,8,40,7,37,127,20,633,5,77,80
SZ,002330,2017-01-03 09:48:36,12.2300,1,4892.0000,4,S,12.2300,12.2200,12.2100,12.2000,12.1900,12.2400,12.2500,12.2600,12.2800,12.2900,4,40,7,37,152,20,633,5,77,80
SZ,002330,2017-01-03 09:48:39,12.2300,1,4892.0000,4,S,12.2200,12.2100,12.2000,12.1900,12.1800,12.2300,12.2400,12.2500,12.2600,12.2800,40,7,37,152,223,115,20,633,5,77
SZ,002330,2017-01-03 09:48:54,12.2200,1,7332.0000,6,S,12.2200,12.2100,12.2000,12.1900,12.1800,12.2300,12.2500,12.2600,12.2800,12.2900,34,7,37,142,223,120,633,5,85,80
SZ,002330,2017-01-03 09:49:03,12.2200,1,6110.0000,5,S,12.2200,12.2100,12.2000,12.1900,12.1800,12.2300,12.2400,12.2500,12.2600,12.2800,29,7,37,142,223,115,100,633,5,75
SZ,002330,2017-01-03 09:49:12,12.2200,1,4888.0000,4,S,12.2200,12.2100,12.2000,12.1900,12.1800,12.2300,12.2400,12.2500,12.2800,12.2900,25,7,37,142,223,115,100,633,75,80
SZ,002330,2017-01-03 09:49:15,12.2200,2,30550.0000,25,S,12.2100,12.2000,12.1900,12.1800,12.1700,12.2200,12.2300,12.2400,12.2500,12.2800,7,37,142,223,152,30,95,100,633,75
SZ,002330,2017-01-03 09:49:18,12.2200,1,24440.0000,20,B,12.2100,12.2000,12.1900,12.1800,12.1700,12.2200,12.2300,12.2400,12.2500,12.2800,7,37,142,223,152,30,95,100,633,75
SZ,002330,2017-01-03 09:49:24,12.2100,2,7326.0000,6,S,12.2100,12.2000,12.1900,12.1800,12.1700,12.2200,12.2300,12.2400,12.2500,12.2800,1,37,142,223,152,31,95,100,633,75
SZ,002330,2017-01-03 09:49:30,12.2200,5,37882.0000,31,B,12.2100,12.2000,12.1900,12.1800,12.1700,12.2300,12.2400,12.2500,12.2800,12.2900,1,37,142,223,152,95,100,633,75,60
SZ,002330,2017-01-03 09:49:33,12.2000,4,26841.0000,22,S,12.2000,12.1900,12.1800,12.1700,12.1600,12.2300,12.2400,12.2500,12.2800,12.2900,16,142,223,152,332,95,100,633,75,60
SZ,002330,2017-01-03 09:49:36,12.1900,4,68280.0000,56,S,12.1900,12.1800,12.1700,12.1600,12.1500,12.2300,12.2400,12.2500,12.2800,12.2900,102,223,149,332,929,95,100,633,75,60
SZ,002330,2017-01-03 09:49:51,12.1900,5,91425.0000,75,S,12.1900,12.1800,12.1700,12.1600,12.1500,12.2200,12.2300,12.2400,12.2500,12.2800,31,223,149,332,929,26,100,100,633,60
SZ,002330,2017-01-03 09:50:00,12.1900,2,15883.0000,13,S,12.1900,12.1800,12.1700,12.1600,12.1500,12.2200,12.2300,12.2400,12.2500,12.2800,30,233,149,332,1029,24,100,100,633,60
SZ,002330,2017-01-03 09:50:18,12.2200,2,13442.0000,11,B,12.1900,12.1800,12.1700,12.1600,12.1500,12.2200,12.2300,12.2400,12.2500,12.2800,30,243,149,332,306,9,100,100,633,60
SZ,002330,2017-01-03 09:50:27,12.1900,1,1219.0000,1,S,12.1900,12.1800,12.1700,12.1600,12.1500,12.2200,12.2300,12.2400,12.2500,12.2800,29,243,149,332,308,9,100,100,633,60
SZ,002330,2017-01-03 09:50:42,12.2000,1,12200.0000,10,S,12.1900,12.1800,12.1700,12.1600,12.1500,12.2000,12.2200,12.2300,12.2400,12.2500,107,243,159,337,308,10,9,100,104,633
SZ,002330,2017-01-03 09:50:48,12.2000,1,8540.0000,7,B,12.1900,12.1800,12.1700,12.1600,12.1500,12.2000,12.2200,12.2300,12.2400,12.2500,107,243,159,337,306,3,9,100,104,633
SZ,002330,2017-01-03 09:50:54,12.2000,1,3660.0000,3,B,12.2000,12.1900,12.1800,12.1700,12.1600,12.2200,12.2300,12.2400,12.2500,12.2800,16,109,243,159,337,9,100,104,633,15
SZ,002330,2017-01-03 09:51:06,12.2000,3,36600.0000,30,S,12.1900,12.1800,12.1700,12.1600,12.1500,12.2000,12.2200,12.2300,12.2400,12.2500,109,243,159,337,316,65,9,100,104,633
SZ,002330,2017-01-03 09:51:12,12.1900,6,121910.0000,100,S,12.1900,12.1800,12.1700,12.1600,12.1500,12.2000,12.2200,12.2300,12.2400,12.2500,29,243,159,337,316,55,9,100,104,633
SZ,002330,2017-01-03 09:51:15,12.2000,1,12200.0000,10,B,12.1900,12.1800,12.1700,12.1600,12.1500,12.2000,12.2200,12.2300,12.2400,12.2500,29,243,159,337,316,45,9,100,104,633
SZ,002330,2017-01-03 09:51:18,12.2000,2,15860.0000,13,B,12.1900,12.1800,12.1700,12.1600,12.1500,12.2000,12.2200,12.2300,12.2400,12.2500,29,243,159,337,316,32,9,100,104,633
SZ,002330,2017-01-03 09:51:21,12.2000,2,39040.0000,32,B,12.2000,12.1900,12.1800,12.1700,12.1600,12.2200,12.2300,12.2400,12.2500,12.2800,70,29,243,159,337,9,100,104,633,15
SZ,002330,2017-01-03 09:51:27,12.2200,1,10998.0000,9,B,12.2200,12.2000,12.1900,12.1800,12.1700,12.2300,12.2400,12.2500,12.2800,12.2900,1,100,29,243,159,100,104,633,15,105
SZ,002330,2017-01-03 09:51:48,12.2200,2,20790.0000,17,B,12.2000,12.1900,12.1800,12.1700,12.1600,12.2200,12.2300,12.2400,12.2500,12.2600,105,29,243,159,337,5,84,104,633,3
SZ,002330,2017-01-03 09:51:51,12.2000,5,128100.0000,105,S,12.1900,12.1800,12.1700,12.1600,12.1500,12.2000,12.2200,12.2300,12.2400,12.2500,29,243,159,337,318,395,5,84,104,633
SZ,002330,2017-01-03 09:51:54,12.2000,1,6100.0000,5,B,12.1900,12.1800,12.1700,12.1600,12.1500,12.2000,12.2200,12.2300,12.2400,12.2500,29,243,159,337,318,390,6,84,104,633
SZ,002330,2017-01-03 09:51:57,12.1900,1,18285.0000,15,S,12.1900,12.1800,12.1700,12.1600,12.1500,12.2000,12.2200,12.2300,12.2400,12.2500,14,243,159,337,318,390,6,84,104,633
SZ,002330,2017-01-03 09:52:00,12.2000,1,98820.0000,81,B,12.1900,12.1800,12.1700,12.1600,12.1500,12.2000,12.2200,12.2300,12.2400,12.2500,24,243,159,337,318,309,6,84,104,633
SZ,002330,2017-01-03 09:52:06,12.1900,3,15857.0000,13,S,12.1900,12.1800,12.1700,12.1600,12.1500,12.2000,12.2200,12.2300,12.2400,12.2500,21,246,159,337,318,299,6,84,104,633
SZ,002330,2017-01-03 09:52:12,12.2000,1,36600.0000,30,B,12.1900,12.1800,12.1700,12.1600,12.1500,12.2000,12.2200,12.2300,12.2400,12.2500,21,246,159,337,318,269,6,84,104,633
SZ,002330,2017-01-03 09:52:21,12.2000,4,29272.0000,24,B,12.1900,12.1800,12.1700,12.1600,12.1500,12.2000,12.2200,12.2300,12.2400,12.2500,28,276,159,337,318,253,6,84,104,633
SZ,002330,2017-01-03 09:52:30,12.2000,1,6100.0000,5,B,12.1900,12.1800,12.1700,12.1600,12.1500,12.2000,12.2200,12.2300,12.2400,12.2500,173,276,159,337,334,248,1,146,104,633
SZ,002330,2017-01-03 09:52:33,12.2000,1,13420.0000,11,B,12.1900,12.1800,12.1700,12.1600,12.1500,12.2000,12.2200,12.2300,12.2400,12.2500,340,276,159,337,334,237,1,146,104,633
SZ,002330,2017-01-03 09:52:39,12.2000,2,28060.0000,23,B,12.1900,12.1800,12.1700,12.1600,12.1500,12.2000,12.2200,12.2300,12.2400,12.2500,340,276,159,337,334,214,1,146,130,633
SZ,002330,2017-01-03 09:52:42,12.2000,1,109800.0000,90,B,12.1900,12.1800,12.1700,12.1600,12.1500,12.2000,12.2200,12.2300,12.2400,12.2500,340,276,159,337,334,124,1,146,130,633
SZ,002330,2017-01-03 09:52:51,12.2000,1,12200.0000,10,B,12.1900,12.1800,12.1700,12.1600,12.1500,12.2000,12.2200,12.2300,12.2400,12.2500,340,276,154,337,334,114,1,146,130,633
SZ,002330,2017-01-03 09:52:54,12.2000,3,14635.0000,12,B,12.1900,12.1800,12.1700,12.1600,12.1500,12.2000,12.2200,12.2300,12.2400,12.2500,335,276,154,337,629,107,1,146,130,633
SZ,002330,2017-01-03 09:53:12,12.2000,1,48800.0000,40,B,12.1900,12.1800,12.1700,12.1600,12.1500,12.2000,12.2200,12.2300,12.2400,12.2500,327,271,154,337,629,67,1,146,130,633
SZ,002330,2017-01-03 09:53:18,12.2000,1,13420.0000,11,B,12.1900,12.1800,12.1700,12.1600,12.1500,12.2000,12.2200,12.2300,12.2400,12.2500,327,271,154,337,729,56,1,146,130,633
SZ,002330,2017-01-03 09:53:24,12.2000,1,3660.0000,3,B,12.1900,12.1800,12.1700,12.1600,12.1500,12.2000,12.2200,12.2300,12.2400,12.2500,327,271,154,337,729,53,1,146,130,633
SZ,002330,2017-01-03 09:53:27,12.2000,1,64660.0000,53,B,12.2000,12.1900,12.1800,12.1700,12.1600,12.2200,12.2300,12.2400,12.2500,12.2600,32,327,271,154,337,1,146,130,633,3
SZ,002330,2017-01-03 09:53:36,12.2000,1,8540.0000,7,S,12.2000,12.1900,12.1800,12.1700,12.1600,12.2200,12.2300,12.2400,12.2500,12.2600,27,327,271,154,337,1,146,130,633,3
SZ,002330,2017-01-03 09:54:18,12.2000,7,131760.0000,108,S,12.1900,12.1800,12.1700,12.1600,12.1500,12.2000,12.2200,12.2300,12.2400,12.2500,327,301,154,337,713,392,3,146,130,638
SZ,002330,2017-01-03 09:54:21,12.2000,1,13420.0000,11,B,12.1900,12.1800,12.1700,12.1600,12.1500,12.2000,12.2200,12.2300,12.2400,12.2500,327,301,154,337,713,381,3,146,130,638
SZ,002330,2017-01-03 09:54:24,12.1900,1,3657.0000,3,S,12.1900,12.1800,12.1700,12.1600,12.1500,12.2000,12.2200,12.2300,12.2400,12.2500,324,301,154,337,713,381,3,146,130,638
SZ,002330,2017-01-03 09:54:27,12.2000,1,6100.0000,5,B,12.1900,12.1800,12.1700,12.1600,12.1500,12.2000,12.2200,12.2300,12.2400,12.2500,324,301,154,337,713,376,3,146,130,638
SZ,002330,2017-01-03 09:54:45,12.2000,1,12200.0000,10,B,12.1900,12.1800,12.1700,12.1600,12.1500,12.2000,12.2200,12.2300,12.2400,12.2500,357,301,154,307,763,366,3,146,130,638
SZ,002330,2017-01-03 09:54:48,12.1900,2,12190.0000,10,S,12.1900,12.1800,12.1700,12.1600,12.1500,12.2000,12.2200,12.2300,12.2400,12.2500,347,301,154,307,763,366,3,146,130,638
SZ,002330,2017-01-03 09:54:51,12.1900,2,24380.0000,20,S,12.1900,12.1800,12.1700,12.1600,12.1500,12.2000,12.2200,12.2300,12.2400,12.2500,327,301,154,307,763,366,3,146,130,638
SZ,002330,2017-01-03 09:54:54,12.1900,1,4876.0000,4,S,12.1900,12.1800,12.1700,12.1600,12.1500,12.2000,12.2200,12.2300,12.2400,12.2500,368,301,154,307,763,366,3,146,130,638
SZ,002330,2017-01-03 09:54:57,12.1900,3,121900.0000,100,S,12.1900,12.1800,12.1700,12.1600,12.1500,12.2000,12.2200,12.2300,12.2400,12.2500,268,301,154,307,763,366,4,146,130,638
SZ,002330,2017-01-03 09:55:00,12.1900,2,30486.0000,25,S,12.1900,12.1800,12.1700,12.1600,12.1500,12.2000,12.2200,12.2300,12.2400,12.2500,254,301,154,307,763,355,4,146,130,638
SZ,002330,2017-01-03 09:55:03,12.2000,1,6100.0000,5,B,12.1900,12.1800,12.1700,12.1600,12.1500,12.2000,12.2200,12.2300,12.2400,12.2500,224,301,154,307,763,350,4,146,130,638
SZ,002330,2017-01-03 09:55:09,12.2000,1,7320.0000,6,B,12.1900,12.1800,12.1700,12.1600,12.1500,12.2000,12.2200,12.2300,12.2400,12.2500,244,453,154,307,763,344,4,146,130,638
SZ,002330,2017-01-03 09:55:12,12.1900,2,17066.0000,14,S,12.1900,12.1800,12.1700,12.1600,12.1500,12.2000,12.2200,12.2300,12.2400,12.2500,280,453,154,319,763,344,4,146,130,638
SZ,002330,2017-01-03 09:55:21,12.1900,1,29256.0000,24,S,12.1900,12.1800,12.1700,12.1600,12.1500,12.2000,12.2200,12.2300,12.2400,12.2500,253,453,154,347,763,344,17,146,130,633
SZ,002330,2017-01-03 09:55:27,12.2000,1,3660.0000,3,B,12.1900,12.1800,12.1700,12.1600,12.1500,12.2000,12.2200,12.2300,12.2400,12.2500,253,453,154,347,763,341,17,146,283,633
SZ,002330,2017-01-03 09:55:30,12.1900,1,9752.0000,8,S,12.1900,12.1800,12.1700,12.1600,12.1500,12.2000,12.2200,12.2300,12.2400,12.2500,245,453,154,347,663,341,17,146,283,633
SZ,002330,2017-01-03 09:55:39,12.2000,4,212117.0000,174,B,12.1900,12.1800,12.1700,12.1600,12.1500,12.2000,12.2200,12.2300,12.2400,12.2500,82,453,154,347,663,340,17,146,283,633
SZ,002330,2017-01-03 09:55:51,12.1900,2,21942.0000,18,S,12.1900,12.1800,12.1700,12.1600,12.1500,12.2000,12.2200,12.2300,12.2400,12.2500,66,453,154,347,663,340,17,146,283,633
SZ,002330,2017-01-03 09:55:54,12.1900,4,69483.0000,57,S,12.1900,12.1800,12.1700,12.1600,12.1500,12.2000,12.2200,12.2300,12.2400,12.2500,9,453,154,347,663,340,15,146,283,633
SZ,002330,2017-01-03 09:56:03,12.1900,2,8533.0000,7,S,12.1900,12.1800,12.1700,12.1600,12.1500,12.2000,12.2200,12.2300,12.2400,12.2500,2,453,164,347,663,340,15,84,283,633
SZ,002330,2017-01-03 09:56:09,12.1900,1,2438.0000,2,S,12.1800,12.1700,12.1600,12.1500,12.1400,12.1900,12.2000,12.2200,12.2300,12.2400,453,164,347,663,620,103,342,14,84,283
SZ,002330,2017-01-03 09:56:21,12.1800,2,9744.0000,8,S,12.1800,12.1700,12.1600,12.1500,12.1400,12.1900,12.2000,12.2200,12.2300,12.2400,445,164,347,663,620,103,342,14,84,283
SZ,002330,2017-01-03 09:56:30,12.1800,1,3654.0000,3,S,12.1800,12.1700,12.1600,12.1500,12.1400,12.1900,12.2000,12.2200,12.2300,12.2400,442,164,347,663,620,103,342,14,84,283
SZ,002330,2017-01-03 09:56:36,12.1800,1,10962.0000,9,S,12.1800,12.1700,12.1600,12.1500,12.1400,12.1900,12.2000,12.2200,12.2300,12.2400,433,164,347,663,620,103,342,14,84,283
SZ,002330,2017-01-03 09:56:39,12.1900,1,47541.0000,39,B,12.1800,12.1700,12.1600,12.1500,12.1400,12.1900,12.2000,12.2200,12.2300,12.2400,433,164,347,660,620,64,342,14,84,283
SZ,002330,2017-01-03 09:56:45,12.1800,2,43848.0000,36,S,12.1800,12.1700,12.1600,12.1500,12.1400,12.1900,12.2000,12.2200,12.2300,12.2400,397,164,347,665,620,64,342,14,5,283
SZ,002330,2017-01-03 09:56:48,12.1900,1,13409.0000,11,B,12.1800,12.1700,12.1600,12.1500,12.1400,12.1900,12.2000,12.2200,12.2300,12.2400,397,164,347,665,620,51,342,14,5,283
SZ,002330,2017-01-03 09:56:54,12.1800,1,28014.0000,23,S,12.1800,12.1700,12.1600,12.1500,12.1400,12.1900,12.2000,12.2200,12.2300,12.2400,374,164,347,665,620,51,342,14,5,283
SZ,002330,2017-01-03 09:56:57,12.1900,1,24380.0000,20,B,12.1800,12.1700,12.1600,12.1500,12.1400,12.1900,12.2000,12.2200,12.2300,12.2400,344,164,347,665,620,31,342,1,5,283
SZ,002330,2017-01-03 09:57:06,12.1900,1,12190.0000,10,B,12.1800,12.1700,12.1600,12.1500,12.1400,12.1900,12.2000,12.2200,12.2300,12.2400,444,164,347,665,620,93,342,1,122,283
SZ,002330,2017-01-03 09:57:12,12.1900,5,39000.0000,32,B,12.1800,12.1700,12.1600,12.1500,12.1400,12.1900,12.2000,12.2200,12.2300,12.2400,436,164,347,665,622,82,342,1,122,283
SZ,002330,2017-01-03 09:57:33,12.1900,2,74359.0000,61,B,12.1800,12.1700,12.1600,12.1500,12.1400,12.1900,12.2000,12.2200,12.2300,12.2400,443,164,357,665,622,23,342,4,122,283
SZ,002330,2017-01-03 09:57:42,12.1900,6,39008.0000,32,B,12.1800,12.1700,12.1600,12.1500,12.1400,12.1900,12.2000,12.2200,12.2300,12.2400,443,374,357,765,622,11,342,4,122,283
SZ,002330,2017-01-03 09:57:54,12.1900,1,12190.0000,10,B,12.1800,12.1700,12.1600,12.1500,12.1400,12.1900,12.2000,12.2200,12.2300,12.2400,463,374,357,765,622,80,342,4,122,283
SZ,002330,2017-01-03 09:57:57,12.1900,2,98325.0000,81,B,12.1900,12.1800,12.1700,12.1600,12.1500,12.2000,12.2200,12.2300,12.2400,12.2500,19,463,374,357,765,342,4,122,283,635
SZ,002330,2017-01-03 09:58:18,12.2000,2,31705.0000,26,B,12.1900,12.1800,12.1700,12.1600,12.1500,12.2000,12.2200,12.2300,12.2400,12.2500,22,463,378,338,765,331,4,122,283,635
SZ,002330,2017-01-03 09:58:36,12.2000,1,13420.0000,11,B,12.1900,12.1800,12.1700,12.1600,12.1500,12.2000,12.2200,12.2300,12.2400,12.2500,22,473,378,338,765,320,4,122,294,635
SZ,002330,2017-01-03 09:58:39,12.1900,2,34159.0000,28,S,12.1900,12.1800,12.1700,12.1600,12.1500,12.2000,12.2200,12.2300,12.2400,12.2500,21,473,378,338,765,293,4,122,294,635
SZ,002330,2017-01-03 09:58:45,12.2000,1,50020.0000,41,B,12.1900,12.1800,12.1700,12.1600,12.1500,12.2000,12.2200,12.2300,12.2400,12.2500,31,493,378,343,770,252,31,122,294,635
SZ,002330,2017-01-03 09:58:54,12.1900,4,19504.0000,16,S,12.1900,12.1800,12.1700,12.1600,12.1500,12.2000,12.2200,12.2300,12.2400,12.2500,20,493,378,343,765,252,31,122,294,635
SZ,002330,2017-01-03 09:59:06,12.2000,2,19520.0000,16,B,12.1900,12.1800,12.1700,12.1600,12.1500,12.2000,12.2200,12.2300,12.2400,12.2500,10,493,378,343,765,236,31,122,294,635
SZ,002330,2017-01-03 09:59:12,12.1900,1,2438.0000,2,S,12.1900,12.1800,12.1700,12.1600,12.1500,12.2000,12.2200,12.2300,12.2400,12.2500,8,493,378,343,765,252,31,122,294,635
SZ,002330,2017-01-03 09:59:30,12.1900,3,43915.0000,36,S,12.1900,12.1800,12.1700,12.1600,12.1500,12.2000,12.2200,12.2300,12.2400,12.2500,38,523,378,343,765,222,31,122,294,635
SZ,002330,2017-01-03 09:59:33,12.1900,1,1219.0000,1,S,12.1900,12.1800,12.1700,12.1600,12.1500,12.2000,12.2200,12.2300,12.2400,12.2500,37,523,378,343,765,222,31,122,294,635
SZ,002330,2017-01-03 09:59:57,12.2000,1,2440.0000,2,B,12.1900,12.1800,12.1700,12.1600,12.1500,12.2000,12.2200,12.2300,12.2400,12.2500,53,523,378,343,765,220,31,117,294,635
SZ,002330,2017-01-03 10:00:12,12.1900,1,1219.0000,1,S,12.1900,12.1800,12.1700,12.1600,12.1500,12.2000,12.2200,12.2300,12.2400,12.2500,26,573,378,343,765,220,31,117,294,635
SZ,002330,2017-01-03 10:00:18,12.2000,2,56120.0000,46,B,12.1900,12.1800,12.1700,12.1600,12.1500,12.2000,12.2200,12.2300,12.2400,12.2500,26,573,378,343,765,181,31,117,294,635
SZ,002330,2017-01-03 10:00:30,12.2000,1,3660.0000,3,B,12.1900,12.1800,12.1700,12.1600,12.1500,12.2000,12.2200,12.2300,12.2400,12.2500,76,573,378,343,765,162,31,117,294,635
SZ,002330,2017-01-03 10:00:42,12.1900,1,1219.0000,1,S,12.1900,12.1800,12.1700,12.1600,12.1500,12.2000,12.2200,12.2300,12.2400,12.2500,75,573,378,343,765,167,30,117,294,635
SZ,002330,2017-01-03 10:00:45,12.1900,3,19504.0000,16,S,12.1900,12.1800,12.1700,12.1600,12.1500,12.2000,12.2200,12.2300,12.2400,12.2500,59,573,378,343,765,167,30,117,294,635
SZ,002330,2017-01-03 10:00:48,12.1900,3,48760.0000,40,S,12.1900,12.1800,12.1700,12.1600,12.1500,12.2000,12.2200,12.2300,12.2400,12.2500,19,573,378,343,765,167,30,117,294,635
SZ,002330,2017-01-03 10:01:09,12.2000,1,13420.0000,11,B,12.1900,12.1800,12.1700,12.1600,12.1500,12.2000,12.2200,12.2300,12.2400,12.2500,19,573,378,343,771,156,30,117,294,635
SZ,002330,2017-01-03 10:01:21,12.2000,1,1220.0000,1,B,12.1900,12.1800,12.1700,12.1600,12.1500,12.2000,12.2200,12.2300,12.2400,12.2500,19,573,374,343,771,191,30,117,294,635
SZ,002330,2017-01-03 10:01:27,12.2000,3,25607.0000,21,B,12.1900,12.1800,12.1700,12.1600,12.1500,12.2000,12.2200,12.2300,12.2400,12.2500,26,573,374,343,771,181,30,117,294,635
SZ,002330,2017-01-03 10:01:36,12.2000,1,24400.0000,20,B,12.1900,12.1800,12.1700,12.1600,12.1500,12.2000,12.2200,12.2300,12.2400,12.2500,26,583,374,343,771,161,30,117,304,635
SZ,002330,2017-01-03 10:01:48,12.1900,2,12190.0000,10,S,12.1900,12.1800,12.1700,12.1600,12.1500,12.2000,12.2200,12.2300,12.2400,12.2500,46,583,374,343,771,161,30,117,304,635
SZ,002330,2017-01-03 10:01:51,12.2000,2,13419.0000,11,B,12.1900,12.1800,12.1700,12.1600,12.1500,12.2000,12.2200,12.2300,12.2400,12.2500,45,583,374,343,771,151,33,117,304,635
SZ,002330,2017-01-03 10:02:18,12.2000,1,24400.0000,20,B,12.1900,12.1800,12.1700,12.1600,12.1500,12.2000,12.2200,12.2300,12.2400,12.2500,45,583,376,343,771,131,33,117,304,635
SZ,002330,2017-01-03 10:02:24,12.1900,1,4876.0000,4,S,12.1900,12.1800,12.1700,12.1600,12.1500,12.2000,12.2200,12.2300,12.2400,12.2500,41,583,376,343,771,131,33,117,304,635
SZ,002330,2017-01-03 10:02:30,12.2000,1,13420.0000,11,B,12.1900,12.1800,12.1700,12.1600,12.1500,12.2000,12.2200,12.2300,12.2400,12.2500,41,583,376,343,771,137,33,117,278,635
SZ,002330,2017-01-03 10:02:39,12.1900,3,35362.0000,29,S,12.1900,12.1800,12.1700,12.1600,12.1500,12.2000,12.2200,12.2300,12.2400,12.2500,23,583,376,343,771,128,33,117,278,635
SZ,002330,2017-01-03 10:02:42,12.1900,1,9752.0000,8,S,12.1900,12.1800,12.1700,12.1600,12.1500,12.2000,12.2200,12.2300,12.2400,12.2500,15,583,376,343,771,128,33,117,278,635
SZ,002330,2017-01-03 10:02:45,12.1900,1,6095.0000,5,S,12.1900,12.1800,12.1700,12.1600,12.1500,12.2000,12.2200,12.2300,12.2400,12.2500,10,583,376,343,771,128,33,117,278,635
SZ,002330,2017-01-03 10:02:48,12.1800,15,576124.0000,473,S,12.1800,12.1700,12.1600,12.1500,12.1400,12.2000,12.2200,12.2300,12.2400,12.2500,120,376,343,771,628,128,33,117,278,635
SZ,002330,2017-01-03 10:03:12,12.1800,2,4872.0000,4,S,12.1800,12.1700,12.1600,12.1500,12.1400,12.1900,12.2000,12.2200,12.2300,12.2400,116,376,343,771,658,33,144,59,117,278
SZ,002330,2017-01-03 10:03:15,12.1800,6,126672.0000,104,S,12.1800,12.1700,12.1600,12.1500,12.1400,12.1900,12.2000,12.2200,12.2300,12.2400,12,376,343,771,658,33,144,59,117,278
SZ,002330,2017-01-03 10:03:18,12.1700,3,40173.0000,33,S,12.1700,12.1600,12.1500,12.1400,12.1300,12.1900,12.2000,12.2200,12.2300,12.2400,356,343,771,658,431,33,142,59,117,278
SZ,002330,2017-01-03 10:03:24,12.1700,2,12170.0000,10,S,12.1700,12.1600,12.1500,12.1400,12.1300,12.1900,12.2000,12.2200,12.2300,12.2400,346,343,771,658,431,3,142,59,117,278
SZ,002330,2017-01-03 10:03:27,12.1700,1,36510.0000,30,S,12.1700,12.1600,12.1500,12.1400,12.1300,12.1900,12.2000,12.2200,12.2300,12.2400,316,343,771,658,431,3,142,59,117,278
SZ,002330,2017-01-03 10:03:30,12.1700,1,15821.0000,13,S,12.1700,12.1600,12.1500,12.1400,12.1300,12.1900,12.2000,12.2200,12.2300,12.2400,303,343,771,658,431,3,142,59,117,278
SZ,002330,2017-01-03 10:03:36,12.1900,2,52337.0000,43,B,12.1900,12.1700,12.1600,12.1500,12.1400,12.2000,12.2200,12.2300,12.2400,12.2500,27,253,333,771,658,142,59,117,278,666
SZ,002330,2017-01-03 10:03:39,12.1900,1,2438.0000,2,S,12.1900,12.1700,12.1600,12.1500,12.1400,12.2000,12.2200,12.2300,12.2400,12.2500,25,253,333,771,666,142,59,117,278,666
SZ,002330,2017-01-03 10:03:57,12.1900,1,3657.0000,3,S,12.1900,12.1800,12.1700,12.1600,12.1500,12.2000,12.2200,12.2300,12.2400,12.2500,22,28,253,331,780,142,59,117,278,666
SZ,002330,2017-01-03 10:04:00,12.1900,1,24380.0000,20,S,12.1900,12.1800,12.1700,12.1600,12.1500,12.2000,12.2200,12.2300,12.2400,12.2500,2,28,253,346,780,147,59,117,278,666
SZ,002330,2017-01-03 10:04:15,12.1900,1,2438.0000,2,S,12.1800,12.1700,12.1600,12.1500,12.1400,12.1900,12.2000,12.2200,12.2300,12.2400,28,253,346,780,666,19,147,59,117,278
SZ,002330,2017-01-03 10:04:18,12.1900,1,4876.0000,4,B,12.1800,12.1700,12.1600,12.1500,12.1400,12.1900,12.2000,12.2200,12.2300,12.2400,28,253,346,780,666,15,147,59,117,278
SZ,002330,2017-01-03 10:04:21,12.1600,19,717751.0000,590,S,12.1600,12.1500,12.1400,12.1300,12.1200,12.1900,12.2000,12.2200,12.2300,12.2400,57,780,666,391,1060,15,147,59,117,278
SZ,002330,2017-01-03 10:04:27,12.1900,1,13408.0000,11,B,12.1600,12.1500,12.1400,12.1300,12.1200,12.1900,12.2000,12.2200,12.2300,12.2400,57,780,666,391,1060,4,147,59,117,278
SZ,002330,2017-01-03 10:04:33,12.1600,5,69712.0000,57,S,12.1500,12.1400,12.1300,12.1200,12.1100,12.1600,12.1900,12.2000,12.2200,12.2300,790,666,391,1060,430,62,4,147,59,117
SZ,002330,2017-01-03 10:04:45,12.1600,1,2432.0000,2,B,12.1500,12.1400,12.1300,12.1200,12.1100,12.1600,12.1900,12.2000,12.2200,12.2300,790,666,391,1060,430,60,59,148,59,117
SZ,002330,2017-01-03 10:04:48,12.1600,1,2432.0000,2,B,12.1500,12.1400,12.1300,12.1200,12.1100,12.1600,12.1900,12.2000,12.2200,12.2300,790,666,391,1060,430,38,59,148,59,117
SZ,002330,2017-01-03 10:04:54,12.1500,7,104502.0000,86,S,12.1500,12.1400,12.1300,12.1200,12.1100,12.1600,12.1900,12.2000,12.2200,12.2300,715,666,381,1060,430,27,59,148,59,117
SZ,002330,2017-01-03 10:04:57,12.1500,1,3646.0000,3,S,12.1500,12.1400,12.1300,12.1200,12.1100,12.1600,12.1900,12.2000,12.2200,12.2300,712,660,381,1060,430,27,59,148,59,117
SZ,002330,2017-01-03 10:05:00,12.1600,2,30380.0000,25,B,12.1500,12.1400,12.1300,12.1200,12.1100,12.1600,12.1900,12.2000,12.2200,12.2300,692,660,381,1060,430,22,59,148,59,117
SZ,002330,2017-01-03 10:05:03,12.1500,3,60748.0000,50,S,12.1500,12.1400,12.1300,12.1200,12.1100,12.1600,12.1900,12.2000,12.2200,12.2300,642,660,381,1160,430,22,69,148,59,117
SZ,002330,2017-01-03 10:05:06,12.1500,5,64416.0000,53,S,12.1500,12.1400,12.1300,12.1200,12.1100,12.1600,12.1900,12.2000,12.2200,12.2300,669,660,381,1160,430,2,69,148,59,117
SZ,002330,2017-01-03 10:05:12,12.1500,1,24300.0000,20,S,12.1500,12.1400,12.1300,12.1200,12.1100,12.1600,12.1900,12.2000,12.2200,12.2300,649,660,381,1160,430,2,69,148,59,117
SZ,002330,2017-01-03 10:05:18,12.1600,1,3248.0000,3,B,12.1600,12.1500,12.1400,12.1300,12.1200,12.1900,12.2000,12.2200,12.2300,12.2400,26,649,660,381,1160,69,148,59,117,278
SZ,002330,2017-01-03 10:05:21,12.1500,14,703510.0000,579,S,12.1500,12.1400,12.1300,12.1200,12.1100,12.1900,12.2000,12.2200,12.2300,12.2400,96,660,381,1160,430,69,148,59,117,278
SZ,002330,2017-01-03 10:05:30,12.1600,1,12160.0000,10,S,12.1600,12.1500,12.1400,12.1300,12.1200,12.1900,12.2000,12.2200,12.2300,12.2400,5,165,439,381,310,283,158,59,117,278
SZ,002330,2017-01-03 10:05:42,12.1600,2,9738.0000,8,S,12.1500,12.1400,12.1300,12.1200,12.1100,12.1600,12.1900,12.2000,12.2100,12.2200,169,439,379,300,430,6,280,158,10,59
SZ,002330,2017-01-03 10:05:51,12.1600,1,7296.0000,6,B,12.1600,12.1500,12.1400,12.1300,12.1200,12.1900,12.2000,12.2100,12.2200,12.2300,5,169,419,374,302,280,142,10,59,117
SZ,002330,2017-01-03 10:05:57,12.1600,1,6080.0000,5,S,12.1600,12.1500,12.1400,12.1300,12.1200,12.1800,12.1900,12.2000,12.2100,12.2200,35,174,419,375,302,50,280,142,10,59
SZ,002330,2017-01-03 10:06:06,12.1600,1,3648.0000,3,S,12.1600,12.1500,12.1400,12.1300,12.1200,12.1800,12.1900,12.2000,12.2100,12.2200,32,174,369,375,302,50,280,142,10,59
SZ,002330,2017-01-03 10:06:15,12.1800,1,24360.0000,20,B,12.1600,12.1500,12.1400,12.1300,12.1200,12.1800,12.1900,12.2000,12.2100,12.2200,62,295,369,375,302,30,270,142,10,59
SZ,002330,2017-01-03 10:06:18,12.1600,1,13376.0000,11,S,12.1600,12.1500,12.1400,12.1300,12.1200,12.1800,12.1900,12.2000,12.2100,12.2200,51,296,369,375,302,30,270,142,10,59
SZ,002330,2017-01-03 10:06:36,12.1800,2,48720.0000,40,B,12.1800,12.1600,12.1500,12.1400,12.1300,12.1900,12.2000,12.2100,12.2200,12.2300,60,61,321,369,345,270,142,10,32,117
SZ,002330,2017-01-03 10:07:09,12.1900,2,2436.0000,2,B,12.1800,12.1600,12.1500,12.1400,12.1300,12.1900,12.2000,12.2100,12.2200,12.2300,60,239,338,369,443,229,142,10,32,117
SZ,002330,2017-01-03 10:07:12,12.1900,2,7316.0000,6,B,12.1800,12.1600,12.1500,12.1400,12.1300,12.1900,12.2000,12.2100,12.2200,12.2300,60,239,378,369,443,223,132,10,32,117
SZ,002330,2017-01-03 10:07:15,12.1900,2,13408.0000,11,B,12.1800,12.1600,12.1500,12.1400,12.1300,12.1900,12.2000,12.2100,12.2200,12.2300,60,239,378,369,443,212,132,10,32,117
SZ,002330,2017-01-03 10:07:48,12.1800,1,3654.0000,3,S,12.1800,12.1600,12.1500,12.1400,12.1300,12.1900,12.2000,12.2200,12.2300,12.2400,60,239,506,369,443,212,134,32,117,167
SZ,002330,2017-01-03 10:08:03,12.1900,2,70652.0000,58,B,12.1800,12.1600,12.1500,12.1400,12.1300,12.1900,12.2000,12.2200,12.2300,12.2400,10,414,506,369,443,204,117,32,117,167
SZ,002330,2017-01-03 10:08:06,12.1800,2,12180.0000,10,S,12.1600,12.1500,12.1400,12.1300,12.1200,12.1800,12.1900,12.2000,12.2200,12.2300,414,506,369,345,302,21,204,117,32,117
SZ,002330,2017-01-03 10:08:09,12.1800,1,1218.0000,1,B,12.1600,12.1500,12.1400,12.1300,12.1200,12.1800,12.1900,12.2000,12.2200,12.2300,414,506,369,345,302,67,204,117,32,117
SZ,002330,2017-01-03 10:08:12,12.1800,1,13398.0000,11,B,12.1600,12.1500,12.1400,12.1300,12.1200,12.1800,12.1900,12.2000,12.2200,12.2300,414,506,369,345,302,56,204,117,32,117
SZ,002330,2017-01-03 10:08:36,12.1800,1,1218.0000,1,B,12.1700,12.1600,12.1500,12.1400,12.1300,12.1800,12.1900,12.2000,12.2200,12.2300,15,414,496,369,350,60,204,114,32,117
SZ,002330,2017-01-03 10:09:00,12.1700,1,2434.0000,2,S,12.1700,12.1600,12.1500,12.1400,12.1300,12.1800,12.1900,12.2000,12.2200,12.2300,13,414,496,369,350,62,204,114,32,127
SZ,002330,2017-01-03 10:09:03,12.1700,2,15822.0000,13,S,12.1600,12.1500,12.1400,12.1300,12.1200,12.1700,12.1800,12.1900,12.2000,12.2200,414,496,375,350,302,25,62,204,114,32
SZ,002330,2017-01-03 10:09:24,12.1700,4,43822.0000,36,S,12.1700,12.1600,12.1500,12.1400,12.1300,12.1800,12.1900,12.2000,12.2200,12.2300,80,414,502,365,350,80,204,114,32,127
SZ,002330,2017-01-03 10:09:27,12.1700,1,60850.0000,50,S,12.1700,12.1600,12.1500,12.1400,12.1300,12.1800,12.1900,12.2000,12.2200,12.2300,30,414,502,365,350,80,204,114,32,127
SZ,002330,2017-01-03 10:09:45,12.1700,1,32860.0000,27,S,12.1700,12.1600,12.1500,12.1400,12.1300,12.1800,12.1900,12.2000,12.2200,12.2300,33,415,510,365,350,80,204,114,32,127
SZ,002330,2017-01-03 10:09:48,12.1700,2,36508.0000,30,S,12.1700,12.1600,12.1500,12.1400,12.1300,12.1800,12.1900,12.2000,12.2200,12.2300,3,415,510,365,350,99,204,114,32,127
SZ,002330,2017-01-03 10:09:54,12.1600,2,9732.0000,8,S,12.1600,12.1500,12.1400,12.1300,12.1200,12.1700,12.1800,12.1900,12.2000,12.2200,410,510,365,350,302,5,99,204,114,32
SZ,002330,2017-01-03 10:10:00,12.1700,1,3652.0000,3,B,12.1600,12.1500,12.1400,12.1300,12.1200,12.1700,12.1800,12.1900,12.2000,12.2200,410,510,365,350,302,2,99,204,107,32
SZ,002330,2017-01-03 10:10:15,12.1600,4,53504.0000,44,S,12.1600,12.1500,12.1400,12.1300,12.1200,12.1700,12.1800,12.1900,12.2000,12.2200,367,509,365,355,302,4,55,200,107,32
SZ,002330,2017-01-03 10:10:18,12.1700,2,7300.0000,6,B,12.1700,12.1600,12.1500,12.1400,12.1300,12.1800,12.1900,12.2000,12.2200,12.2300,96,365,509,365,355,55,200,107,32,127
SZ,002330,2017-01-03 10:10:21,12.1700,1,1216.0000,1,S,12.1700,12.1600,12.1500,12.1400,12.1300,12.1800,12.1900,12.2000,12.2200,12.2300,95,375,509,365,355,62,200,107,32,127
SZ,002330,2017-01-03 10:10:27,12.1700,1,4868.0000,4,S,12.1700,12.1600,12.1500,12.1400,12.1300,12.1800,12.1900,12.2000,12.2200,12.2300,102,375,509,365,355,62,207,107,32,127
SZ,002330,2017-01-03 10:10:33,12.1800,5,75516.0000,62,B,12.1800,12.1700,12.1600,12.1500,12.1400,12.1900,12.2000,12.2200,12.2300,12.2400,45,102,376,509,365,207,107,32,127,167
SZ,002330,2017-01-03 10:10:42,12.1800,1,4872.0000,4,S,12.1800,12.1700,12.1600,12.1500,12.1400,12.1900,12.2000,12.2200,12.2300,12.2400,41,91,376,509,365,207,107,32,127,167
SZ,002330,2017-01-03 10:10:45,12.1900,1,121900.0000,100,B,12.1800,12.1700,12.1600,12.1500,12.1400,12.1900,12.2000,12.2200,12.2300,12.2400,41,91,376,509,365,107,102,32,127,167
SZ,002330,2017-01-03 10:10:48,12.1800,4,63348.0000,52,S,12.1700,12.1600,12.1500,12.1400,12.1300,12.1800,12.1900,12.2000,12.2200,12.2300,91,376,509,365,355,29,100,102,32,127
SZ,002330,2017-01-03 10:10:54,12.1700,1,29208.0000,24,S,12.1700,12.1600,12.1500,12.1400,12.1300,12.1800,12.1900,12.2000,12.2200,12.2300,67,191,509,365,355,29,100,102,32,127
SZ,002330,2017-01-03 10:10:57,12.1800,1,35320.0000,29,B,12.1800,12.1700,12.1600,12.1500,12.1400,12.1900,12.2000,12.2200,12.2300,12.2400,51,67,191,509,365,100,102,32,127,157
SZ,002330,2017-01-03 10:11:03,12.1900,3,121900.0000,100,S,12.1800,12.1700,12.1600,12.1500,12.1400,12.2000,12.2200,12.2300,12.2400,12.2500,226,67,191,509,345,102,32,127,157,666
SZ,002330,2017-01-03 10:11:09,12.2000,1,24400.0000,20,B,12.1800,12.1700,12.1600,12.1500,12.1400,12.2000,12.2200,12.2300,12.2400,12.2500,226,67,191,509,345,82,32,127,157,666
SZ,002330,2017-01-03 10:11:18,12.2000,7,100040.0000,82,B,12.2000,12.1800,12.1700,12.1600,12.1500,12.2200,12.2300,12.2400,12.2500,12.2600,23,226,87,191,509,32,127,157,666,78
SZ,002330,2017-01-03 10:11:30,12.2000,1,12200.0000,10,S,12.2000,12.1800,12.1700,12.1600,12.1500,12.2200,12.2300,12.2400,12.2500,12.2600,27,226,92,191,509,32,127,157,666,78
SZ,002330,2017-01-03 10:11:39,12.2200,1,2444.0000,2,B,12.2000,12.1800,12.1700,12.1600,12.1500,12.2200,12.2300,12.2400,12.2500,12.2600,16,226,92,190,525,72,127,157,666,78
SZ,002330,2017-01-03 10:11:45,12.2200,1,1224.0000,1,B,12.2000,12.1800,12.1700,12.1600,12.1500,12.2200,12.2300,12.2400,12.2500,12.2600,16,226,92,190,575,71,127,157,666,78
SZ,002330,2017-01-03 10:11:48,12.2200,2,13440.0000,11,B,12.2000,12.1800,12.1700,12.1600,12.1500,12.2200,12.2300,12.2400,12.2500,12.2600,34,226,92,190,575,60,127,157,666,78
SZ,002330,2017-01-03 10:11:51,12.2000,4,41480.0000,34,S,12.1800,12.1700,12.1600,12.1500,12.1400,12.2000,12.2200,12.2300,12.2400,12.2500,226,92,190,575,345,149,60,127,157,666
SZ,002330,2017-01-03 10:12:06,12.1800,2,243600.0000,200,S,12.1800,12.1700,12.1600,12.1500,12.1400,12.2000,12.2200,12.2300,12.2400,12.2500,26,92,16,575,345,149,60,127,157,666
SZ,002330,2017-01-03 10:12:18,12.1900,1,1220.0000,1,B,12.1800,12.1700,12.1600,12.1500,12.1400,12.1900,12.2000,12.2200,12.2300,12.2400,198,92,16,575,345,299,149,60,127,157
SZ,002330,2017-01-03 10:12:24,12.1800,1,4872.0000,4,S,12.1800,12.1700,12.1600,12.1500,12.1400,12.1900,12.2000,12.2200,12.2300,12.2400,196,92,16,575,345,299,149,60,127,157
SZ,002330,2017-01-03 10:12:45,12.1800,1,13398.0000,11,S,12.1800,12.1700,12.1600,12.1500,12.1400,12.1900,12.2000,12.2200,12.2300,12.2400,185,92,16,580,345,299,151,60,147,157
SZ,002330,2017-01-03 10:13:12,12.1800,2,26796.0000,22,S,12.1800,12.1700,12.1600,12.1500,12.1400,12.1900,12.2000,12.2200,12.2300,12.2400,169,92,16,582,345,299,190,60,147,157
SZ,002330,2017-01-03 10:13:36,12.1900,1,18286.0000,15,B,12.1800,12.1700,12.1600,12.1500,12.1400,12.1900,12.2000,12.2200,12.2300,12.2400,8,92,26,582,345,284,190,28,147,157
SZ,002330,2017-01-03 10:13:39,12.1900,1,13408.0000,11,B,12.1800,12.1700,12.1600,12.1500,12.1400,12.1900,12.2000,12.2200,12.2300,12.2400,8,92,26,582,345,273,190,28,147,157
SZ,002330,2017-01-03 10:13:45,12.1900,1,24380.0000,20,B,12.1800,12.1700,12.1600,12.1500,12.1400,12.1900,12.2000,12.2200,12.2300,12.2400,8,92,26,582,345,253,190,28,147,157
SZ,002330,2017-01-03 10:14:00,12.1900,1,1220.0000,1,B,12.1800,12.1700,12.1600,12.1500,12.1400,12.1900,12.2000,12.2200,12.2300,12.2400,27,92,36,582,345,252,188,28,147,157
SZ,002330,2017-01-03 10:14:21,12.1800,2,7308.0000,6,S,12.1800,12.1700,12.1600,12.1500,12.1400,12.1900,12.2000,12.2200,12.2300,12.2400,23,92,36,632,345,252,208,28,147,157
SZ,002330,2017-01-03 10:14:27,12.1800,4,52372.0000,43,S,12.1700,12.1600,12.1500,12.1400,12.1300,12.1800,12.1900,12.2000,12.2200,12.2300,92,36,632,345,350,88,262,208,28,147
SZ,002330,2017-01-03 10:14:45,12.1700,2,30426.0000,25,S,12.1600,12.1500,12.1400,12.1300,12.1200,12.1700,12.1800,12.1900,12.2000,12.2200,41,632,345,350,203,27,120,279,218,28
SZ,002330,2017-01-03 10:14:48,12.1700,1,1218.0000,1,B,12.1600,12.1500,12.1400,12.1300,12.1200,12.1700,12.1800,12.1900,12.2000,12.2200,41,632,345,350,203,26,120,279,218,28
SZ,002330,2017-01-03 10:14:57,12.1500,12,320800.0000,264,S,12.1600,12.1500,12.1400,12.1300,12.1200,12.1700,12.1800,12.1900,12.2000,12.2200,20,409,345,350,203,26,120,284,218,28
SZ,002330,2017-01-03 10:15:06,12.1700,1,19472.0000,16,B,12.1600,12.1500,12.1400,12.1300,12.1200,12.1700,12.1800,12.1900,12.2000,12.2200,20,409,345,350,203,10,120,284,218,28
SZ,002330,2017-01-03 10:15:27,12.1700,4,60850.0000,50,B,12.1700,12.1600,12.1500,12.1400,12.1300,12.1800,12.1900,12.2000,12.2200,12.2300,50,182,406,345,350,188,284,179,35,147
SZ,002330,2017-01-03 10:15:36,12.1700,2,45030.0000,37,S,12.1700,12.1600,12.1500,12.1400,12.1300,12.1800,12.1900,12.2000,12.2200,12.2300,13,186,406,345,350,188,284,179,35,147
SZ,002330,2017-01-03 10:15:39,12.1700,1,15820.0000,13,S,12.1600,12.1500,12.1400,12.1300,12.1200,12.1700,12.1800,12.1900,12.2000,12.2200,186,406,345,350,203,26,188,284,179,35
SZ,002330,2017-01-03 10:15:48,12.1700,1,31642.0000,26,B,12.1700,12.1600,12.1500,12.1400,12.1300,12.1800,12.1900,12.2000,12.2200,12.2300,24,186,406,345,350,188,284,179,35,147
SZ,002330,2017-01-03 10:16:06,12.1700,1,1218.0000,1,S,12.1700,12.1600,12.1500,12.1400,12.1300,12.1800,12.1900,12.2000,12.2200,12.2300,23,24,419,325,350,188,284,179,65,147
SZ,002330,2017-01-03 10:16:24,12.1700,1,13386.0000,11,S,12.1700,12.1600,12.1500,12.1400,12.1300,12.1800,12.1900,12.2000,12.2200,12.2300,12,194,428,325,350,188,284,179,65,147
SZ,002330,2017-01-03 10:16:27,12.1700,1,1218.0000,1,S,12.1700,12.1600,12.1500,12.1400,12.1300,12.1800,12.1900,12.2000,12.2200,12.2300,11,199,428,325,350,188,284,179,65,147
SZ,002330,2017-01-03 10:16:33,12.1800,1,10960.0000,9,B,12.1700,12.1600,12.1500,12.1400,12.1300,12.1800,12.1900,12.2000,12.2200,12.2300,11,199,428,325,350,179,284,190,65,147
SZ,002330,2017-01-03 10:16:36,12.1700,3,19472.0000,16,S,12.1600,12.1500,12.1400,12.1300,12.1200,12.1700,12.1800,12.1900,12.2000,12.2200,199,428,325,350,198,15,179,284,220,65
SZ,002330,2017-01-03 10:16:42,12.1600,1,6080.0000,5,S,12.1600,12.1500,12.1400,12.1300,12.1200,12.1700,12.1800,12.1900,12.2000,12.2200,194,428,325,350,198,15,180,284,220,65
SZ,002330,2017-01-03 10:16:51,12.1700,1,13388.0000,11,B,12.1600,12.1500,12.1400,12.1300,12.1200,12.1700,12.1800,12.1900,12.2000,12.2200,195,428,325,352,198,56,180,284,220,65
SZ,002330,2017-01-03 10:17:09,12.1700,3,13388.0000,11,B,12.1600,12.1500,12.1400,12.1300,12.1200,12.1700,12.1800,12.1900,12.2000,12.2200,195,428,325,352,198,45,180,284,220,65
SZ,002330,2017-01-03 10:17:15,12.1700,1,54764.0000,45,B,12.1700,12.1600,12.1500,12.1400,12.1300,12.1800,12.1900,12.2000,12.2200,12.2300,55,215,428,325,352,180,284,220,65,167
SZ,002330,2017-01-03 10:17:18,12.1700,1,1216.0000,1,S,12.1700,12.1600,12.1500,12.1400,12.1300,12.1800,12.1900,12.2000,12.2200,12.2300,54,215,428,325,352,180,284,220,65,167
SZ,002330,2017-01-03 10:17:21,12.1700,2,65720.0000,54,S,12.1600,12.1500,12.1400,12.1300,12.1200,12.1700,12.1800,12.1900,12.2000,12.2200,215,428,325,352,198,27,180,284,220,65
SZ,002330,2017-01-03 10:17:27,12.1700,1,4868.0000,4,B,12.1600,12.1500,12.1400,12.1300,12.1200,12.1700,12.1800,12.1900,12.2000,12.2200,215,428,325,352,198,23,180,284,220,65
SZ,002330,2017-01-03 10:17:33,12.1700,1,10952.0000,9,B,12.1600,12.1500,12.1400,12.1300,12.1200,12.1700,12.1800,12.1900,12.2000,12.2200,215,428,325,352,198,14,180,284,220,65
SZ,002330,2017-01-03 10:18:18,12.1600,4,85120.0000,70,S,12.1600,12.1500,12.1400,12.1300,12.1200,12.1700,12.1800,12.1900,12.2000,12.2200,152,428,325,352,198,30,180,284,220,65
SZ,002330,2017-01-03 10:18:36,12.1700,3,23120.0000,19,B,12.1600,12.1500,12.1400,12.1300,12.1200,12.1700,12.1800,12.1900,12.2000,12.2200,170,458,325,352,198,14,180,284,220,65
SZ,002330,2017-01-03 10:18:42,12.1700,1,1218.0000,1,B,12.1600,12.1500,12.1400,12.1300,12.1200,12.1700,12.1800,12.1900,12.2000,12.2200,170,458,325,352,198,13,180,284,220,65
SZ,002330,2017-01-03 10:18:48,12.1700,4,34062.0000,28,B,12.1700,12.1600,12.1500,12.1400,12.1300,12.1800,12.1900,12.2000,12.2200,12.2300,3,155,458,331,352,180,284,220,65,167
SZ,002330,2017-01-03 10:18:54,12.1600,2,14594.0000,12,S,12.1600,12.1500,12.1400,12.1300,12.1200,12.1800,12.1900,12.2000,12.2200,12.2300,146,458,331,352,198,101,284,220,65,167
SZ,002330,2017-01-03 10:19:00,12.1600,3,115520.0000,95,S,12.1600,12.1500,12.1400,12.1300,12.1200,12.1800,12.1900,12.2000,12.2200,12.2300,51,458,331,352,198,101,284,220,65,167
SZ,002330,2017-01-03 10:19:09,12.1600,3,19456.0000,16,S,12.1700,12.1600,12.1500,12.1400,12.1300,12.1800,12.1900,12.2000,12.2200,12.2300,14,35,458,331,352,101,284,220,65,167
SZ,002330,2017-01-03 10:19:12,12.1700,1,12170.0000,10,S,12.1700,12.1600,12.1500,12.1400,12.1300,12.1800,12.1900,12.2000,12.2200,12.2300,4,35,458,331,352,101,284,220,65,167
SZ,002330,2017-01-03 10:19:15,12.1700,1,1216.0000,1,S,12.1700,12.1600,12.1500,12.1400,12.1300,12.1800,12.1900,12.2000,12.2200,12.2300,3,35,458,331,352,101,284,220,65,167
SZ,002330,2017-01-03 10:19:36,12.1700,2,8520.0000,7,S,12.1700,12.1600,12.1500,12.1400,12.1300,12.1800,12.1900,12.2000,12.2200,12.2300,1,99,449,331,352,101,304,220,65,167
SZ,002330,2017-01-03 10:19:45,12.1700,3,13388.0000,11,S,12.1600,12.1500,12.1400,12.1300,12.1200,12.1700,12.1800,12.1900,12.2000,12.2200,99,449,325,352,198,15,101,304,220,65
SZ,002330,2017-01-03 10:20:03,12.1600,5,48640.0000,40,S,12.1600,12.1500,12.1400,12.1300,12.1200,12.1700,12.1800,12.1900,12.2000,12.2200,59,454,334,352,198,23,109,304,190,65
SZ,002330,2017-01-03 10:20:06,12.1700,1,13386.0000,11,B,12.1600,12.1500,12.1400,12.1300,12.1200,12.1700,12.1800,12.1900,12.2000,12.2200,59,454,334,352,198,22,109,304,190,65
SZ,002330,2017-01-03 10:20:21,12.1600,1,6080.0000,5,S,12.1600,12.1500,12.1400,12.1300,12.1200,12.1700,12.1800,12.1900,12.2000,12.2200,54,459,334,352,198,22,109,304,190,65
SZ,002330,2017-01-03 10:20:36,12.1700,1,1218.0000,1,B,12.1600,12.1500,12.1400,12.1300,12.1200,12.1700,12.1800,12.1900,12.2000,12.2200,69,459,334,352,198,21,109,304,190,65
SZ,002330,2017-01-03 10:20:42,12.1700,1,1216.0000,1,B,12.1600,12.1500,12.1400,12.1300,12.1200,12.1700,12.1800,12.1900,12.2000,12.2200,69,459,334,352,198,20,109,304,190,65
SZ,002330,2017-01-03 10:20:48,12.1700,3,13388.0000,11,B,12.1600,12.1500,12.1400,12.1300,12.1200,12.1700,12.1800,12.1900,12.2000,12.2200,269,459,334,352,198,9,101,304,190,65
SZ,002330,2017-01-03 10:20:54,12.1700,1,10952.0000,9,B,12.1700,12.1600,12.1500,12.1400,12.1300,12.1800,12.1900,12.2000,12.2200,12.2300,101,269,459,334,352,101,304,190,65,167
SZ,002330,2017-01-03 10:21:03,12.1700,2,8520.0000,7,S,12.1700,12.1600,12.1500,12.1400,12.1300,12.1800,12.1900,12.2000,12.2200,12.2300,94,274,459,334,352,101,304,190,65,167
SZ,002330,2017-01-03 10:21:33,12.1700,1,10952.0000,9,S,12.1700,12.1600,12.1500,12.1400,12.1300,12.1800,12.1900,12.2000,12.2200,12.2300,85,285,457,329,352,100,304,190,65,167
SZ,002330,2017-01-03 10:21:36,12.1700,1,24340.0000,20,S,12.1700,12.1600,12.1500,12.1400,12.1300,12.1800,12.1900,12.2000,12.2200,12.2300,65,284,457,329,352,100,304,190,55,167
SZ,002330,2017-01-03 10:21:42,12.1700,1,9736.0000,8,S,12.1700,12.1600,12.1500,12.1400,12.1300,12.1800,12.1900,12.2000,12.2200,12.2300,57,284,457,329,352,100,304,190,55,167
SZ,002330,2017-01-03 10:21:45,12.1700,1,36510.0000,30,S,12.1700,12.1600,12.1500,12.1400,12.1300,12.1800,12.1900,12.2000,12.2200,12.2300,32,286,457,329,352,100,304,190,55,167
SZ,002330,2017-01-03 10:21:48,12.1700,1,12170.0000,10,S,12.1700,12.1600,12.1500,12.1400,12.1300,12.1800,12.1900,12.2000,12.2200,12.2300,22,286,457,329,352,100,304,190,55,167
SZ,002330,2017-01-03 10:21:51,12.1700,2,26774.0000,22,S,12.1600,12.1500,12.1400,12.1300,12.1200,12.1700,12.1800,12.1900,12.2000,12.2200,286,457,329,352,218,3,100,304,190,55
SZ,002330,2017-01-03 10:21:54,12.1700,1,3650.0000,3,B,12.1700,12.1600,12.1500,12.1400,12.1300,12.1800,12.1900,12.2000,12.2200,12.2300,7,286,457,329,352,100,304,190,55,167
SZ,002330,2017-01-03 10:22:00,12.1700,2,9736.0000,8,S,12.1700,12.1600,12.1500,12.1400,12.1300,12.1800,12.1900,12.2000,12.2200,12.2300,10,286,457,329,352,100,304,190,55,167
SZ,002330,2017-01-03 10:22:12,12.1800,1,12180.0000,10,B,12.1600,12.1500,12.1400,12.1300,12.1200,12.1800,12.1900,12.2000,12.2200,12.2300,286,457,329,352,218,90,304,190,55,167
SZ,002330,2017-01-03 10:22:21,12.1700,1,3652.0000,3,B,12.1600,12.1500,12.1400,12.1300,12.1200,12.1700,12.1800,12.1900,12.2000,12.2200,286,457,329,352,218,10,90,304,190,55
SZ,002330,2017-01-03 10:22:30,12.1700,1,9736.0000,8,B,12.1600,12.1500,12.1400,12.1300,12.1200,12.1700,12.1800,12.1900,12.2000,12.2200,286,457,329,352,218,2,90,304,190,55
SZ,002330,2017-01-03 10:22:42,12.1600,1,1216.0000,1,S,12.1600,12.1500,12.1400,12.1300,12.1200,12.1700,12.1800,12.1900,12.2000,12.2200,285,457,329,352,218,2,90,304,190,55
SZ,002330,2017-01-03 10:22:45,12.1700,2,3652.0000,3,B,12.1600,12.1500,12.1400,12.1300,12.1200,12.1700,12.1800,12.1900,12.2000,12.2200,285,457,329,352,218,17,90,304,190,55
SZ,002330,2017-01-03 10:23:06,12.1700,2,32858.0000,27,B,12.1700,12.1600,12.1500,12.1400,12.1300,12.1800,12.1900,12.2000,12.2200,12.2300,141,295,457,329,352,90,304,190,55,167
SZ,002330,2017-01-03 10:23:12,12.1700,1,121700.0000,100,S,12.1700,12.1600,12.1500,12.1400,12.1300,12.1800,12.1900,12.2000,12.2200,12.2300,41,295,457,329,352,90,304,190,55,167
SZ,002330,2017-01-03 10:23:24,12.1700,1,9736.0000,8,S,12.1700,12.1600,12.1500,12.1400,12.1300,12.1800,12.1900,12.2000,12.2200,12.2300,22,295,457,329,352,90,304,190,55,167
SZ,002330,2017-01-03 10:23:33,12.1700,2,19482.0000,16,S,12.1700,12.1600,12.1500,12.1400,12.1300,12.1800,12.1900,12.2000,12.2200,12.2300,17,300,477,329,352,79,304,190,55,167
SZ,002330,2017-01-03 10:25:15,12.1700,1,4868.0000,4,S,12.1700,12.1600,12.1500,12.1400,12.1300,12.1800,12.1900,12.2000,12.2200,12.2300,15,441,477,328,349,232,304,190,55,167
SZ,002330,2017-01-03 10:25:18,12.1800,2,20696.0000,17,B,12.1700,12.1600,12.1500,12.1400,12.1300,12.1800,12.1900,12.2000,12.2200,12.2300,13,441,477,328,349,227,304,190,55,167
SZ,002330,2017-01-03 10:25:24,12.1700,2,3650.0000,3,S,12.1700,12.1600,12.1500,12.1400,12.1300,12.1800,12.1900,12.2000,12.2200,12.2300,10,441,477,328,349,227,304,190,55,167
SZ,002330,2017-01-03 10:25:27,12.1700,2,12170.0000,10,S,12.1600,12.1500,12.1400,12.1300,12.1200,12.1700,12.1800,12.1900,12.2000,12.2200,441,477,328,349,224,441,227,304,190,55
SZ,002330,2017-01-03 10:25:30,12.1700,1,97360.0000,80,B,12.1600,12.1500,12.1400,12.1300,12.1200,12.1700,12.1800,12.1900,12.2000,12.2200,441,477,328,349,224,361,227,304,190,55
SZ,002330,2017-01-03 10:25:51,12.1600,2,6080.0000,5,S,12.1600,12.1500,12.1400,12.1300,12.1200,12.1700,12.1800,12.1900,12.2000,12.2200,441,527,328,349,224,361,227,304,190,55
SZ,002330,2017-01-03 10:25:54,12.1700,1,9736.0000,8,B,12.1600,12.1500,12.1400,12.1300,12.1200,12.1700,12.1800,12.1900,12.2000,12.2200,447,527,328,349,224,353,227,304,190,55
SZ,002330,2017-01-03 10:26:00,12.1600,1,4864.0000,4,S,12.1600,12.1500,12.1400,12.1300,12.1200,12.1700,12.1800,12.1900,12.2000,12.2200,443,527,328,349,224,353,227,304,190,55
SZ,002330,2017-01-03 10:26:03,12.1600,1,4864.0000,4,S,12.1600,12.1500,12.1400,12.1300,12.1200,12.1700,12.1800,12.1900,12.2000,12.2200,439,527,328,349,224,353,227,304,190,55
SZ,002330,2017-01-03 10:26:15,12.1600,1,34048.0000,28,S,12.1600,12.1500,12.1400,12.1300,12.1200,12.1700,12.1800,12.1900,12.2000,12.2200,411,527,328,349,224,353,153,304,190,55
SZ,002330,2017-01-03 10:26:27,12.1700,1,46246.0000,38,B,12.1600,12.1500,12.1400,12.1300,12.1200,12.1700,12.1800,12.1900,12.2000,12.2200,421,527,378,349,224,29,153,304,190,55
SZ,002330,2017-01-03 10:26:30,12.1600,11,429248.0000,353,S,12.1600,12.1500,12.1400,12.1300,12.1200,12.1700,12.1800,12.1900,12.2000,12.2200,68,527,378,349,224,103,153,304,190,55
SZ,002330,2017-01-03 10:26:33,12.1600,6,82688.0000,68,S,12.1500,12.1400,12.1300,12.1200,12.1100,12.1600,12.1700,12.1800,12.1900,12.2000,527,378,349,224,430,27,83,153,304,190
SZ,002330,2017-01-03 10:26:54,12.1600,2,24310.0000,20,B,12.1500,12.1400,12.1300,12.1200,12.1100,12.1600,12.1700,12.1800,12.1900,12.2000,517,382,349,224,430,17,83,153,304,190
SZ,002330,2017-01-03 10:26:57,12.1500,1,12150.0000,10,S,12.1500,12.1400,12.1300,12.1200,12.1100,12.1600,12.1700,12.1800,12.1900,12.2000,507,382,349,224,430,17,83,153,304,190
SZ,002330,2017-01-03 10:27:03,12.1500,20,607500.0000,500,S,12.1500,12.1400,12.1300,12.1200,12.1100,12.1600,12.1700,12.1800,12.1900,12.2000,27,382,349,224,430,17,83,153,304,190
SZ,002330,2017-01-03 10:27:09,12.1400,3,36446.0000,30,S,12.1400,12.1300,12.1200,12.1100,12.1000,12.1600,12.1700,12.1800,12.1900,12.2000,379,349,224,444,1444,17,83,153,304,190
SZ,002330,2017-01-03 10:27:21,12.1500,2,26732.0000,22,S,12.1400,12.1300,12.1200,12.1100,12.1000,12.1500,12.1600,12.1700,12.1800,12.1900,385,349,224,430,1444,23,17,88,153,304
SZ,002330,2017-01-03 10:27:24,12.1500,1,21868.0000,18,B,12.1400,12.1300,12.1200,12.1100,12.1000,12.1500,12.1600,12.1700,12.1800,12.1900,385,349,224,430,1444,11,17,88,153,304
SZ,002330,2017-01-03 10:27:33,12.1400,5,64344.0000,53,S,12.1400,12.1300,12.1200,12.1100,12.1000,12.1500,12.1600,12.1700,12.1800,12.1900,384,349,224,430,1444,26,17,88,153,304
SZ,002330,2017-01-03 10:27:42,12.1400,5,203952.0000,168,S,12.1400,12.1300,12.1200,12.1100,12.1000,12.1500,12.1600,12.1700,12.1800,12.1900,225,349,224,430,1499,4,17,88,153,304
SZ,002330,2017-01-03 10:27:45,12.1500,3,30376.0000,25,B,12.1400,12.1300,12.1200,12.1100,12.1000,12.1500,12.1600,12.1700,12.1800,12.1900,225,319,224,430,1499,19,17,88,153,304
SZ,002330,2017-01-03 10:27:51,12.1400,1,20638.0000,17,S,12.1400,12.1300,12.1200,12.1100,12.1000,12.1500,12.1600,12.1700,12.1800,12.1900,218,319,224,434,1499,49,17,99,153,304
SZ,002330,2017-01-03 10:27:54,12.1500,3,29160.0000,24,B,12.1400,12.1300,12.1200,12.1100,12.1000,12.1500,12.1600,12.1700,12.1800,12.1900,229,329,224,434,1499,25,17,99,153,304
SZ,002330,2017-01-03 10:28:00,12.1400,1,6070.0000,5,S,12.1400,12.1300,12.1200,12.1100,12.1000,12.1500,12.1600,12.1700,12.1800,12.1900,250,329,224,434,1499,5,17,99,153,304
SZ,002330,2017-01-03 10:28:03,12.1400,1,24280.0000,20,S,12.1400,12.1300,12.1200,12.1100,12.1000,12.1500,12.1600,12.1700,12.1800,12.1900,230,329,224,434,1499,5,17,99,153,304
SZ,002330,2017-01-03 10:28:06,12.1500,1,6076.0000,5,B,12.1500,12.1400,12.1300,12.1200,12.1100,12.1600,12.1700,12.1800,12.1900,12.2000,13,230,329,224,434,17,99,153,304,190
SZ,002330,2017-01-03 10:28:09,12.1500,1,2428.0000,2,S,12.1500,12.1400,12.1300,12.1200,12.1100,12.1600,12.1700,12.1800,12.1900,12.2000,11,230,329,224,434,17,99,153,304,190
SZ,002330,2017-01-03 10:28:12,12.1400,3,24292.0000,20,S,12.1400,12.1300,12.1200,12.1100,12.1000,12.1600,12.1700,12.1800,12.1900,12.2000,221,329,224,434,1499,17,99,153,304,190
SZ,002330,2017-01-03 10:28:18,12.1400,2,2428.0000,2,S,12.1400,12.1300,12.1200,12.1100,12.1000,12.1500,12.1600,12.1700,12.1800,12.1900,219,332,224,434,1450,2,17,99,153,304
SZ,002330,2017-01-03 10:28:21,12.1400,2,9712.0000,8,S,12.1400,12.1300,12.1200,12.1100,12.1000,12.1500,12.1600,12.1700,12.1800,12.1900,211,332,224,434,1450,2,17,99,153,304
SZ,002330,2017-01-03 10:28:24,12.1400,1,3642.0000,3,S,12.1400,12.1300,12.1200,12.1100,12.1000,12.1500,12.1600,12.1700,12.1800,12.1900,208,332,224,434,1450,2,17,99,153,304
SZ,002330,2017-01-03 10:28:33,12.1500,7,83770.0000,69,B,12.1500,12.1400,12.1300,12.1200,12.1100,12.1600,12.1700,12.1800,12.1900,12.2000,2,160,332,224,434,17,99,153,304,190
SZ,002330,2017-01-03 10:28:48,12.1500,1,2430.0000,2,S,12.1400,12.1300,12.1200,12.1100,12.1000,12.1500,12.1600,12.1700,12.1800,12.1900,152,332,224,434,1555,7,23,99,153,304
SZ,002330,2017-01-03 10:28:51,12.1500,1,8506.0000,7,B,12.1500,12.1400,12.1300,12.1200,12.1100,12.1600,12.1700,12.1800,12.1900,12.2000,23,152,332,224,434,23,99,153,304,190
SZ,002330,2017-01-03 10:29:03,12.1500,1,8504.0000,7,S,12.1500,12.1400,12.1300,12.1200,12.1100,12.1600,12.1700,12.1800,12.1900,12.2000,120,175,332,224,434,30,99,153,304,190
SZ,002330,2017-01-03 10:29:09,12.1500,1,18224.0000,15,S,12.1500,12.1400,12.1300,12.1200,12.1100,12.1600,12.1700,12.1800,12.1900,12.2000,105,175,332,224,434,30,99,153,304,190
SZ,002330,2017-01-03 10:29:15,12.1500,2,24300.0000,20,S,12.1500,12.1400,12.1300,12.1200,12.1100,12.1600,12.1700,12.1800,12.1900,12.2000,98,175,332,224,434,30,99,153,304,190
SZ,002330,2017-01-03 10:29:18,12.1600,1,14592.0000,12,B,12.1500,12.1400,12.1300,12.1200,12.1100,12.1600,12.1700,12.1800,12.1900,12.2000,98,195,332,224,482,18,99,153,304,190
SZ,002330,2017-01-03 10:29:21,12.1500,2,15796.0000,13,S,12.1500,12.1400,12.1300,12.1200,12.1100,12.1600,12.1700,12.1800,12.1900,12.2000,85,195,332,224,482,18,99,153,304,190
SZ,002330,2017-01-03 10:29:30,12.1500,1,1216.0000,1,S,12.1500,12.1400,12.1300,12.1200,12.1100,12.1600,12.1700,12.1800,12.1900,12.2000,773,170,332,224,482,18,99,153,304,190
SZ,002330,2017-01-03 10:29:36,12.1600,2,10944.0000,9,B,12.1500,12.1400,12.1300,12.1200,12.1100,12.1600,12.1700,12.1800,12.1900,12.2000,783,150,332,224,482,9,99,153,304,190
SZ,002330,2017-01-03 10:29:42,12.1600,2,9728.0000,8,B,12.1500,12.1400,12.1300,12.1200,12.1100,12.1600,12.1700,12.1800,12.1900,12.2000,783,150,332,224,482,1,99,153,304,190
SZ,002330,2017-01-03 10:29:45,12.1500,1,12148.0000,10,S,12.1500,12.1400,12.1300,12.1200,12.1100,12.1600,12.1700,12.1800,12.1900,12.2000,773,150,332,224,482,1,99,153,304,190
SZ,002330,2017-01-03 10:29:57,12.1500,1,4860.0000,4,S,12.1500,12.1400,12.1300,12.1200,12.1100,12.1600,12.1700,12.1800,12.1900,12.2000,769,174,332,224,482,11,90,153,304,190
SZ,002330,2017-01-03 10:30:00,12.1600,3,13376.0000,11,B,12.1600,12.1500,12.1400,12.1300,12.1200,12.1700,12.1800,12.1900,12.2000,12.2200,994,769,174,332,224,90,153,304,190,48
SZ,002330,2017-01-03 10:30:15,12.1600,1,36480.0000,30,S,12.1600,12.1500,12.1400,12.1300,12.1200,12.1700,12.1800,12.1900,12.2000,12.2200,1060,772,174,332,254,90,153,304,190,48
SZ,002330,2017-01-03 10:30:30,12.1700,1,13388.0000,11,B,12.1600,12.1500,12.1400,12.1300,12.1200,12.1700,12.1800,12.1900,12.2000,12.2200,1060,739,174,332,254,99,153,304,190,48
SZ,002330,2017-01-03 10:30:33,12.1700,3,120484.0000,99,B,12.1700,12.1600,12.1500,12.1400,12.1300,12.1800,12.1900,12.2000,12.2200,12.2300,1,1060,739,174,332,153,304,190,48,167
SZ,002330,2017-01-03 10:30:48,12.1800,1,53592.0000,44,B,12.1700,12.1600,12.1500,12.1400,12.1300,12.1800,12.1900,12.2000,12.2200,12.2300,281,1060,782,174,332,109,304,190,48,167
SZ,002330,2017-01-03 10:30:54,12.1800,1,14616.0000,12,B,12.1700,12.1600,12.1500,12.1400,12.1300,12.1800,12.1900,12.2000,12.2200,12.2300,291,1060,782,174,332,97,304,190,48,167
SZ,002330,2017-01-03 10:31:03,12.1800,1,10960.0000,9,B,12.1700,12.1600,12.1500,12.1400,12.1300,12.1800,12.1900,12.2000,12.2200,12.2300,301,1062,782,174,332,88,304,190,48,167
SZ,002330,2017-01-03 10:31:09,12.1800,1,32888.0000,27,B,12.1700,12.1600,12.1500,12.1400,12.1300,12.1800,12.1900,12.2000,12.2200,12.2300,301,1062,765,174,332,61,304,190,48,167
SZ,002330,2017-01-03 10:31:15,12.1600,6,1216300.0000,1000,S,12.1600,12.1500,12.1400,12.1300,12.1200,12.1800,12.1900,12.2000,12.2200,12.2300,363,765,174,332,254,61,304,190,48,167
SZ,002330,2017-01-03 10:31:21,12.1700,1,17038.0000,14,B,12.1600,12.1500,12.1400,12.1300,12.1200,12.1700,12.1800,12.1900,12.2000,12.2200,363,765,174,332,254,12,61,304,190,48
SZ,002330,2017-01-03 10:31:45,12.1700,2,14604.0000,12,B,12.1700,12.1600,12.1500,12.1400,12.1300,12.1800,12.1900,12.2000,12.2200,12.2300,9,369,765,174,332,61,52,190,48,167
SZ,002330,2017-01-03 10:31:48,12.1600,2,109450.0000,90,S,12.1600,12.1500,12.1400,12.1300,12.1200,12.1800,12.1900,12.2000,12.2200,12.2300,288,765,174,332,254,61,52,190,48,167
SZ,002330,2017-01-03 10:31:54,12.1600,5,350208.0000,288,S,12.1500,12.1400,12.1300,12.1200,12.1100,12.1600,12.1800,12.1900,12.2000,12.2200,771,174,332,254,498,604,61,52,190,48
SZ,002330,2017-01-03 10:32:15,12.1600,1,6080.0000,5,B,12.1500,12.1400,12.1300,12.1200,12.1100,12.1600,12.1700,12.1800,12.1900,12.2000,803,275,332,254,498,599,10,61,52,190
SZ,002330,2017-01-03 10:32:18,12.1500,5,120290.0000,99,S,12.1500,12.1400,12.1300,12.1200,12.1100,12.1600,12.1700,12.1800,12.1900,12.2000,710,275,332,254,498,593,10,61,52,190
SZ,002330,2017-01-03 10:32:21,12.1500,1,12150.0000,10,S,12.1500,12.1400,12.1300,12.1200,12.1100,12.1600,12.1700,12.1800,12.1900,12.2000,700,275,332,254,498,593,10,61,52,190
SZ,002330,2017-01-03 10:32:27,12.1500,1,10936.0000,9,S,12.1500,12.1400,12.1300,12.1200,12.1100,12.1600,12.1700,12.1800,12.1900,12.2000,691,278,332,254,498,593,10,61,52,190
SZ,002330,2017-01-03 10:32:33,12.1600,1,721088.0000,593,B,12.1600,12.1500,12.1400,12.1300,12.1200,12.1700,12.1800,12.1900,12.2000,12.2200,407,710,278,332,254,10,61,52,190,48
SZ,002330,2017-01-03 10:32:51,12.1600,1,48640.0000,40,S,12.1600,12.1500,12.1400,12.1300,12.1200,12.1700,12.1800,12.1900,12.2000,12.2200,385,695,280,322,254,10,61,52,190,48
SZ,002330,2017-01-03 10:33:03,12.1700,2,27976.0000,23,B,12.1700,12.1600,12.1500,12.1400,12.1300,12.1800,12.1900,12.2000,12.2200,12.2300,2,382,695,280,322,61,52,190,48,167
SZ,002330,2017-01-03 10:33:57,12.1700,1,1218.0000,1,S,12.1700,12.1600,12.1500,12.1400,12.1300,12.1800,12.1900,12.2000,12.2200,12.2300,18,377,730,462,324,64,52,190,48,167
SZ,002330,2017-01-03 10:34:03,12.1800,1,3654.0000,3,B,12.1700,12.1600,12.1500,12.1400,12.1300,12.1800,12.1900,12.2000,12.2200,12.2300,64,377,724,458,324,61,52,190,48,167
SZ,002330,2017-01-03 10:34:09,12.1700,4,51114.0000,42,S,12.1700,12.1600,12.1500,12.1400,12.1300,12.1800,12.1900,12.2000,12.2200,12.2300,22,377,724,458,324,64,52,190,48,167
SZ,002330,2017-01-03 10:34:24,12.1800,2,19488.0000,16,B,12.1700,12.1600,12.1500,12.1400,12.1300,12.1800,12.1900,12.2000,12.2200,12.2300,1395,379,724,455,314,48,52,190,48,167
SZ,002330,2017-01-03 10:34:39,12.1800,1,2436.0000,2,B,12.1700,12.1600,12.1500,12.1400,12.1300,12.1800,12.1900,12.2000,12.2200,12.2300,1415,379,724,455,314,43,52,190,48,167
SZ,002330,2017-01-03 10:34:42,12.1700,2,27990.0000,23,S,12.1700,12.1600,12.1500,12.1400,12.1300,12.1800,12.1900,12.2000,12.2200,12.2300,1392,379,724,455,314,43,52,190,48,167
SZ,002330,2017-01-03 10:34:48,12.1800,1,12180.0000,10,B,12.1700,12.1600,12.1500,12.1400,12.1300,12.1800,12.1900,12.2000,12.2200,12.2300,1392,379,724,455,314,40,52,190,48,167
SZ,002330,2017-01-03 10:34:51,12.1800,3,48720.0000,40,B,12.1700,12.1600,12.1500,12.1400,12.1300,12.1900,12.2000,12.2200,12.2300,12.2500,1392,379,724,455,314,52,190,48,167,36
SZ,002330,2017-01-03 10:34:54,12.1700,2,15822.0000,13,S,12.1700,12.1600,12.1500,12.1400,12.1300,12.1900,12.2000,12.2200,12.2300,12.2500,1379,379,724,455,314,52,190,48,167,36
SZ,002330,2017-01-03 10:35:24,12.1700,5,121750.0000,100,S,12.1700,12.1600,12.1500,12.1400,12.1300,12.1900,12.2000,12.2200,12.2300,12.2500,1337,379,724,403,314,52,190,48,167,36
SZ,002330,2017-01-03 10:35:33,12.1800,2,20708.0000,17,B,12.1800,12.1700,12.1600,12.1500,12.1400,12.1900,12.2000,12.2200,12.2300,12.2500,83,1337,386,724,398,52,190,48,167,36
SZ,002330,2017-01-03 10:35:42,12.1900,1,12188.0000,10,B,12.1800,12.1700,12.1600,12.1500,12.1400,12.1900,12.2000,12.2200,12.2300,12.2500,83,1337,386,724,398,42,190,48,167,36
SZ,002330,2017-01-03 10:36:00,12.1900,1,3658.0000,3,B,12.1800,12.1700,12.1600,12.1500,12.1400,12.1900,12.2000,12.2200,12.2300,12.2500,129,1347,388,774,398,39,190,48,167,36
SZ,002330,2017-01-03 10:36:09,12.1900,1,4876.0000,4,B,12.1800,12.1700,12.1600,12.1500,12.1400,12.1900,12.2000,12.2200,12.2300,12.2500,129,1347,388,774,398,45,190,48,167,36
SZ,002330,2017-01-03 10:36:18,12.1900,1,7314.0000,6,B,12.1800,12.1700,12.1600,12.1500,12.1400,12.1900,12.2000,12.2200,12.2300,12.2500,129,1337,388,774,398,54,190,48,167,36
SZ,002330,2017-01-03 10:36:24,12.1900,5,56074.0000,46,B,12.1800,12.1700,12.1600,12.1500,12.1400,12.1900,12.2000,12.2200,12.2300,12.2500,129,1337,388,774,398,8,190,48,167,36
SZ,002330,2017-01-03 10:36:27,12.1900,1,9752.0000,8,B,12.1900,12.1800,12.1700,12.1600,12.1500,12.2000,12.2200,12.2300,12.2500,12.2600,42,129,1337,388,774,190,48,167,36,128
SZ,002330,2017-01-03 10:36:30,12.1900,1,12190.0000,10,S,12.1900,12.1800,12.1700,12.1600,12.1500,12.2000,12.2200,12.2300,12.2500,12.2600,32,129,1337,381,774,190,48,167,36,128
SZ,002330,2017-01-03 10:36:48,12.2000,1,61000.0000,50,B,12.1900,12.1800,12.1700,12.1600,12.1500,12.2000,12.2200,12.2300,12.2500,12.2600,32,129,1327,379,766,140,48,167,36,128
SZ,002330,2017-01-03 10:37:21,12.2000,1,3660.0000,3,B,12.1900,12.1800,12.1700,12.1600,12.1500,12.2000,12.2200,12.2300,12.2500,12.2600,10,134,1327,371,766,137,48,167,36,128
SZ,002330,2017-01-03 10:37:33,12.1900,1,6096.0000,5,S,12.1900,12.1800,12.1700,12.1600,12.1500,12.2000,12.2200,12.2300,12.2500,12.2600,5,134,1327,371,766,137,48,167,56,128
SZ,002330,2017-01-03 10:37:51,12.1900,1,4876.0000,4,S,12.1900,12.1800,12.1700,12.1600,12.1500,12.2000,12.2200,12.2300,12.2500,12.2600,12,134,1327,371,759,157,78,167,56,128
SZ,002330,2017-01-03 10:38:03,12.1900,3,14628.0000,12,S,12.1800,12.1700,12.1600,12.1500,12.1400,12.1900,12.2000,12.2200,12.2300,12.2500,135,1332,371,769,378,57,157,78,167,56
SZ,002330,2017-01-03 10:38:33,12.1900,1,14628.0000,12,B,12.1800,12.1700,12.1600,12.1500,12.1400,12.1900,12.2000,12.2200,12.2300,12.2500,170,1332,371,769,368,48,167,78,167,56
SZ,002330,2017-01-03 10:38:39,12.1800,2,74296.0000,61,S,12.1800,12.1700,12.1600,12.1500,12.1400,12.1900,12.2000,12.2200,12.2300,12.2500,109,1332,371,769,368,48,167,78,167,56
SZ,002330,2017-01-03 10:38:57,12.1800,1,1220.0000,1,S,12.1800,12.1700,12.1600,12.1500,12.1400,12.1900,12.2000,12.2100,12.2200,12.2300,128,1332,371,769,368,45,147,4,78,167
SZ,002330,2017-01-03 10:39:00,12.1900,1,3656.0000,3,B,12.1800,12.1700,12.1600,12.1500,12.1400,12.1900,12.2000,12.2100,12.2200,12.2300,128,1332,371,769,368,42,147,4,78,167
SZ,002330,2017-01-03 10:39:12,12.1800,1,3654.0000,3,S,12.1800,12.1700,12.1600,12.1500,12.1400,12.1900,12.2000,12.2100,12.2200,12.2300,110,1332,371,769,368,42,147,4,78,167
SZ,002330,2017-01-03 10:39:42,12.1800,1,6090.0000,5,S,12.1800,12.1700,12.1600,12.1500,12.1400,12.1900,12.2000,12.2100,12.2200,12.2300,105,1332,371,769,365,43,167,4,78,167
SZ,002330,2017-01-03 10:39:51,12.1800,4,42630.0000,35,S,12.1800,12.1700,12.1600,12.1500,12.1400,12.1900,12.2000,12.2100,12.2200,12.2300,99,1332,371,769,365,43,169,4,78,167
SZ,002330,2017-01-03 10:40:06,12.1800,4,36546.0000,30,S,12.1800,12.1700,12.1600,12.1500,12.1400,12.1900,12.2000,12.2100,12.2200,12.2300,75,1332,371,769,365,37,169,4,78,167
SZ,002330,2017-01-03 10:40:21,12.1800,3,28014.0000,23,S,12.1800,12.1700,12.1600,12.1500,12.1400,12.1900,12.2000,12.2100,12.2200,12.2300,52,1332,361,759,365,40,169,4,78,167
SZ,002330,2017-01-03 10:40:27,12.1800,2,4872.0000,4,S,12.1800,12.1700,12.1600,12.1500,12.1400,12.1900,12.2000,12.2100,12.2200,12.2300,48,1332,361,759,365,40,169,4,78,167
SZ,002330,2017-01-03 10:40:54,12.1800,1,18270.0000,15,S,12.1800,12.1700,12.1600,12.1500,12.1400,12.1900,12.2000,12.2100,12.2200,12.2300,147,1332,361,759,365,40,173,4,78,167
SZ,002330,2017-01-03 10:41:09,12.1800,1,1218.0000,1,S,12.1800,12.1700,12.1600,12.1500,12.1400,12.1900,12.2000,12.2100,12.2200,12.2300,146,1332,361,759,365,69,173,4,68,167
SZ,002330,2017-01-03 10:41:21,12.1800,3,10962.0000,9,S,12.1800,12.1700,12.1600,12.1500,12.1400,12.1900,12.2000,12.2100,12.2200,12.2300,137,1332,361,759,365,69,173,4,68,167
SZ,002330,2017-01-03 10:41:39,12.1800,5,123018.0000,101,S,12.1800,12.1700,12.1600,12.1500,12.1400,12.1900,12.2000,12.2100,12.2200,12.2300,45,1332,361,759,365,69,173,4,68,167
SZ,002330,2017-01-03 10:41:48,12.1900,1,2438.0000,2,B,12.1800,12.1700,12.1600,12.1500,12.1400,12.1900,12.2000,12.2100,12.2200,12.2300,42,1332,361,759,365,67,173,4,68,167
SZ,002330,2017-01-03 10:42:06,12.1900,4,81672.0000,67,B,12.1900,12.1800,12.1700,12.1600,12.1500,12.2000,12.2100,12.2200,12.2300,12.2500,97,42,1332,361,759,173,4,68,167,38
SZ,002330,2017-01-03 10:42:27,12.1700,10,852214.0000,700,S,12.1700,12.1600,12.1500,12.1400,12.1300,12.2000,12.2100,12.2200,12.2300,12.2500,835,361,759,365,319,157,4,68,167,38
SZ,002330,2017-01-03 10:43:36,12.1800,1,6090.0000,5,S,12.1800,12.1700,12.1600,12.1500,12.1400,12.1900,12.2000,12.2100,12.2200,12.2300,25,835,361,764,365,84,153,4,68,167
SZ,002330,2017-01-03 10:43:39,12.1700,2,80348.0000,66,S,12.1700,12.1600,12.1500,12.1400,12.1300,12.1900,12.2000,12.2100,12.2200,12.2300,794,361,764,365,319,84,153,4,68,167
SZ,002330,2017-01-03 10:43:51,12.1700,1,46244.0000,38,S,12.1700,12.1600,12.1500,12.1400,12.1300,12.1900,12.2000,12.2100,12.2200,12.2300,756,375,764,365,319,84,153,4,68,167
SZ,002330,2017-01-03 10:44:12,12.1800,1,20708.0000,17,S,12.1700,12.1600,12.1500,12.1400,12.1300,12.1800,12.1900,12.2000,12.2100,12.2200,756,375,764,365,319,3,84,153,4,68
SZ,002330,2017-01-03 10:44:36,12.1800,1,3652.0000,3,B,12.1800,12.1700,12.1600,12.1500,12.1400,12.1900,12.2000,12.2100,12.2200,12.2300,21,756,375,774,365,84,153,4,68,167
SZ,002330,2017-01-03 10:45:03,12.1800,1,3656.0000,3,S,12.1800,12.1700,12.1600,12.1500,12.1400,12.1900,12.2000,12.2100,12.2200,12.2300,18,790,375,774,365,104,153,4,68,167
SZ,002330,2017-01-03 10:45:06,12.1800,1,17052.0000,14,S,12.1800,12.1700,12.1600,12.1500,12.1400,12.1900,12.2000,12.2100,12.2200,12.2300,4,790,375,774,365,104,153,4,68,167
SZ,002330,2017-01-03 10:45:30,12.1900,1,7312.0000,6,B,12.1800,12.1700,12.1600,12.1500,12.1400,12.1900,12.2000,12.2100,12.2200,12.2300,4,790,375,774,365,118,153,4,68,167
SZ,002330,2017-01-03 10:46:12,12.1900,1,3658.0000,3,B,12.1800,12.1700,12.1600,12.1500,12.1400,12.1900,12.2000,12.2100,12.2200,12.2300,4,790,375,774,365,102,181,4,68,167
SZ,002330,2017-01-03 10:46:24,12.1800,2,4872.0000,4,S,12.1700,12.1600,12.1500,12.1400,12.1300,12.1800,12.1900,12.2000,12.2100,12.2200,790,375,774,361,319,156,102,181,4,68
SZ,002330,2017-01-03 10:46:27,12.1700,1,1218.0000,1,S,12.1700,12.1600,12.1500,12.1400,12.1300,12.1800,12.1900,12.2000,12.2100,12.2200,789,375,774,361,319,156,132,181,4,68
SZ,002330,2017-01-03 10:46:54,12.1800,1,10960.0000,9,B,12.1700,12.1600,12.1500,12.1400,12.1300,12.1800,12.1900,12.2000,12.2100,12.2200,808,375,774,361,319,147,132,181,4,68
SZ,002330,2017-01-03 10:47:21,12.1700,2,53548.0000,44,S,12.1700,12.1600,12.1500,12.1400,12.1300,12.1800,12.1900,12.2000,12.2100,12.2200,785,375,774,377,319,207,132,181,4,68
SZ,002330,2017-01-03 10:47:24,12.1700,1,2436.0000,2,S,12.1700,12.1600,12.1500,12.1400,12.1300,12.1800,12.1900,12.2000,12.2100,12.2200,783,375,774,377,319,208,132,181,4,68
SZ,002330,2017-01-03 10:47:33,12.1800,2,199752.0000,164,B,12.1700,12.1600,12.1500,12.1400,12.1300,12.1800,12.1900,12.2000,12.2100,12.2200,783,375,774,377,319,44,125,181,4,68
SZ,002330,2017-01-03 10:48:03,12.1700,1,1216.0000,1,S,12.1700,12.1600,12.1500,12.1400,12.1300,12.1800,12.1900,12.2000,12.2100,12.2200,782,375,774,377,319,56,125,181,4,68
SZ,002330,2017-01-03 10:48:09,12.1700,2,14604.0000,12,S,12.1700,12.1600,12.1500,12.1400,12.1300,12.1800,12.1900,12.2000,12.2100,12.2200,770,375,774,377,319,56,125,181,4,68
SZ,002330,2017-01-03 10:48:42,12.1800,1,1218.0000,1,B,12.1700,12.1600,12.1500,12.1400,12.1300,12.1800,12.1900,12.2000,12.2100,12.2200,772,375,901,377,340,55,125,181,4,68
SZ,002330,2017-01-03 10:48:45,12.1700,1,24340.0000,20,S,12.1700,12.1600,12.1500,12.1400,12.1300,12.1800,12.1900,12.2000,12.2100,12.2200,752,375,901,377,340,55,125,181,4,68
SZ,002330,2017-01-03 10:48:57,12.1800,1,3654.0000,3,B,12.1700,12.1600,12.1500,12.1400,12.1300,12.1800,12.1900,12.2000,12.2100,12.2200,752,375,901,377,340,52,125,181,4,68
SZ,002330,2017-01-03 10:49:00,12.1700,1,32860.0000,27,S,12.1700,12.1600,12.1500,12.1400,12.1300,12.1800,12.1900,12.2000,12.2100,12.2200,725,375,901,377,340,52,125,181,4,68
SZ,002330,2017-01-03 10:49:36,12.1700,1,73020.0000,60,S,12.1700,12.1600,12.1500,12.1400,12.1300,12.1800,12.1900,12.2000,12.2100,12.2200,665,389,907,377,350,52,125,181,4,68
SZ,002330,2017-01-03 10:49:51,12.1700,1,10952.0000,9,S,12.1700,12.1600,12.1500,12.1400,12.1300,12.1800,12.1900,12.2000,12.2100,12.2200,656,389,972,477,350,52,125,181,4,68
SZ,002330,2017-01-03 10:50:00,12.1700,1,121700.0000,100,S,12.1700,12.1600,12.1500,12.1400,12.1300,12.1800,12.1900,12.2000,12.2100,12.2200,556,389,972,477,350,52,125,181,4,68
SZ,002330,2017-01-03 10:50:12,12.1800,1,2436.0000,2,B,12.1700,12.1600,12.1500,12.1400,12.1300,12.1800,12.1900,12.2000,12.2100,12.2200,560,389,972,477,350,50,125,181,4,68
SZ,002330,2017-01-03 10:50:51,12.1800,1,23142.0000,19,B,12.1700,12.1600,12.1500,12.1400,12.1300,12.1800,12.1900,12.2000,12.2100,12.2200,581,389,987,477,350,31,105,181,4,88
