市场代码,证券代码,时间,最新价,成交笔数,成交额,成交量,方向,买一价,买二价,买三价,买四价,买五价,卖一价,卖二价,卖三价,卖四价,卖五价,买一量,买二量,买三量,买四量,买五量,卖一量,卖二量,卖三量,卖四量,卖五量
SZ,002337,2017-01-03 09:25:03,7.6000,10,152760.0000,201,S,7.6000,7.5900,7.5500,7.5300,7.5200,7.6100,7.6200,7.6500,7.6600,7.6700,73,501,10,25,21,16,30,17,10,5
SZ,002337,2017-01-03 09:30:03,7.6100,5,33483.0000,44,B,7.6100,7.6000,7.5900,7.5500,7.5400,7.6200,7.6300,7.6500,7.6600,7.6700,224,79,40,20,20,50,5,181,10,135
SZ,002337,2017-01-03 09:30:06,7.6100,1,9132.0000,12,S,7.6100,7.6000,7.5900,7.5500,7.5400,7.6200,7.6300,7.6500,7.6600,7.6700,212,79,40,20,20,50,25,181,10,135
SZ,002337,2017-01-03 09:30:09,7.6200,2,66973.0000,88,B,7.6100,7.6000,7.5900,7.5500,7.5400,7.6200,7.6300,7.6500,7.6600,7.6700,129,79,40,20,20,45,25,181,10,135
SZ,002337,2017-01-03 09:30:18,7.6100,1,761.0000,1,S,7.6100,7.6000,7.5900,7.5500,7.5400,7.6200,7.6300,7.6500,7.6600,7.6700,128,79,40,20,20,45,25,181,10,135
SZ,002337,2017-01-03 09:30:24,7.6200,1,4572.0000,6,B,7.6100,7.6000,7.5900,7.5500,7.5400,7.6200,7.6300,7.6500,7.6600,7.6700,128,79,40,20,20,39,25,181,10,135
SZ,002337,2017-01-03 09:30:27,7.6200,2,37298.0000,49,B,7.6100,7.6000,7.5900,7.5500,7.5400,7.6200,7.6300,7.6500,7.6600,7.6700,88,79,40,20,20,40,25,181,10,135
SZ,002337,2017-01-03 09:30:36,7.6100,3,11415.0000,15,S,7.6100,7.6000,7.5900,7.5500,7.5400,7.6200,7.6300,7.6500,7.6600,7.6700,73,79,40,20,20,40,25,181,30,135
SZ,002337,2017-01-03 09:30:42,7.6100,2,38060.0000,50,S,7.6100,7.6000,7.5900,7.5700,7.5500,7.6200,7.6300,7.6500,7.6600,7.6700,33,79,40,72,20,30,25,181,35,135
SZ,002337,2017-01-03 09:30:45,7.6200,4,30450.0000,40,B,7.6100,7.6000,7.5900,7.5700,7.5500,7.6200,7.6300,7.6500,7.6600,7.6700,3,79,40,72,20,20,25,181,35,135
SZ,002337,2017-01-03 09:30:57,7.6200,1,6858.0000,9,B,7.6100,7.6000,7.5900,7.5700,7.5500,7.6200,7.6300,7.6500,7.6600,7.6700,3,79,40,72,20,11,25,181,35,135
SZ,002337,2017-01-03 09:31:00,7.6100,1,2283.0000,3,S,7.6000,7.5900,7.5700,7.5500,7.5400,7.6100,7.6200,7.6300,7.6500,7.6600,79,40,72,20,20,47,11,25,181,35
SZ,002337,2017-01-03 09:31:03,7.6100,1,12176.0000,16,B,7.6000,7.5900,7.5700,7.5500,7.5400,7.6100,7.6200,7.6300,7.6500,7.6600,79,40,72,20,20,31,11,25,181,35
SZ,002337,2017-01-03 09:31:06,7.6000,1,760.0000,1,S,7.6000,7.5900,7.5700,7.5500,7.5400,7.6100,7.6200,7.6300,7.6500,7.6600,78,45,72,20,20,40,11,25,181,35
SZ,002337,2017-01-03 09:31:09,7.6000,3,37250.0000,49,S,7.6000,7.5900,7.5700,7.5500,7.5400,7.6100,7.6200,7.6300,7.6500,7.6600,39,45,72,20,20,30,11,25,181,35
SZ,002337,2017-01-03 09:31:18,7.6000,1,760.0000,1,S,7.6000,7.5900,7.5700,7.5500,7.5400,7.6100,7.6200,7.6300,7.6400,7.6500,38,45,72,70,20,30,36,25,100,181
SZ,002337,2017-01-03 09:31:24,7.6100,1,6849.0000,9,B,7.6000,7.5900,7.5700,7.5500,7.5400,7.6100,7.6200,7.6300,7.6400,7.6500,38,45,72,70,20,21,36,25,100,181
SZ,002337,2017-01-03 09:31:27,7.6000,1,3800.0000,5,S,7.6000,7.5900,7.5700,7.5500,7.5400,7.6100,7.6200,7.6300,7.6400,7.6500,33,45,72,70,20,21,36,51,100,181
SZ,002337,2017-01-03 09:31:33,7.6100,1,1522.0000,2,B,7.6000,7.5900,7.5700,7.5600,7.5500,7.6100,7.6200,7.6300,7.6400,7.6500,33,45,72,50,70,19,36,51,100,181
SZ,002337,2017-01-03 09:31:39,7.6000,2,22800.0000,30,S,7.6000,7.5900,7.5700,7.5600,7.5500,7.6100,7.6200,7.6300,7.6400,7.6500,3,45,72,50,70,19,36,51,100,181
SZ,002337,2017-01-03 09:31:42,7.6100,1,7610.0000,10,B,7.6000,7.5900,7.5700,7.5600,7.5500,7.6100,7.6200,7.6300,7.6400,7.6500,3,45,72,50,70,9,36,51,100,181
SZ,002337,2017-01-03 09:31:54,7.6100,1,6849.0000,9,B,7.6000,7.5900,7.5700,7.5600,7.5500,7.6200,7.6300,7.6400,7.6500,7.6600,3,45,72,50,70,36,51,100,181,35
SZ,002337,2017-01-03 09:32:03,7.6100,1,49465.0000,65,S,7.6000,7.5900,7.5700,7.5600,7.5500,7.6100,7.6200,7.6300,7.6400,7.6500,3,45,72,50,70,5,36,51,100,181
SZ,002337,2017-01-03 09:32:09,7.6100,1,3805.0000,5,B,7.6100,7.6000,7.5900,7.5700,7.5600,7.6200,7.6300,7.6400,7.6500,7.6600,5,3,45,72,50,36,51,100,181,35
SZ,002337,2017-01-03 09:32:18,7.6100,1,761.0000,1,S,7.6100,7.6000,7.5900,7.5700,7.5600,7.6200,7.6300,7.6400,7.6500,7.6600,4,5,45,72,50,36,51,100,181,35
SZ,002337,2017-01-03 09:32:21,7.6100,1,761.0000,1,S,7.6100,7.6000,7.5900,7.5700,7.5600,7.6200,7.6300,7.6400,7.6500,7.6600,3,5,45,72,50,36,51,100,181,35
SZ,002337,2017-01-03 09:32:24,7.6100,1,1522.0000,2,S,7.6100,7.6000,7.5900,7.5700,7.5600,7.6200,7.6300,7.6400,7.6500,7.6600,1,5,45,72,50,36,71,100,181,35
SZ,002337,2017-01-03 09:32:30,7.6200,1,762.0000,1,B,7.6100,7.6000,7.5900,7.5700,7.5600,7.6200,7.6300,7.6400,7.6500,7.6600,1,5,45,72,50,45,71,100,181,35
SZ,002337,2017-01-03 09:32:36,7.6200,1,6858.0000,9,B,7.6100,7.6000,7.5900,7.5700,7.5600,7.6200,7.6300,7.6400,7.6500,7.6600,1,34,45,72,50,36,71,100,181,35
SZ,002337,2017-01-03 09:32:39,7.6200,4,27432.0000,36,B,7.6200,7.6100,7.6000,7.5900,7.5700,7.6300,7.6400,7.6500,7.6600,7.6700,36,1,34,45,72,71,100,181,35,135
SZ,002337,2017-01-03 09:32:42,7.6200,1,4572.0000,6,S,7.6200,7.6000,7.5900,7.5800,7.5700,7.6300,7.6400,7.6500,7.6600,7.6700,55,34,45,20,72,71,100,181,35,135
SZ,002337,2017-01-03 09:32:45,7.6200,3,30480.0000,40,S,7.6200,7.6000,7.5900,7.5800,7.5700,7.6300,7.6400,7.6500,7.6600,7.6700,15,34,45,20,72,71,100,181,35,135
SZ,002337,2017-01-03 09:32:48,7.6200,1,1524.0000,2,S,7.6200,7.6000,7.5900,7.5800,7.5700,7.6300,7.6400,7.6500,7.6600,7.6700,13,34,45,20,72,71,100,181,35,135
SZ,002337,2017-01-03 09:32:57,7.6300,3,9919.0000,13,B,7.6200,7.6000,7.5900,7.5800,7.5700,7.6300,7.6400,7.6500,7.6600,7.6700,77,34,45,20,10,58,100,181,35,135
SZ,002337,2017-01-03 09:33:09,7.6300,3,65541.0000,86,B,7.6000,7.5900,7.5800,7.5700,7.5600,7.6300,7.6400,7.6500,7.6600,7.6700,34,45,20,10,50,79,100,181,57,135
SZ,002337,2017-01-03 09:33:12,7.6400,5,76321.0000,100,B,7.6000,7.5900,7.5800,7.5700,7.5600,7.6400,7.6500,7.6600,7.6700,7.6800,34,45,20,10,50,79,181,57,135,158
SZ,002337,2017-01-03 09:33:18,7.6300,1,763.0000,1,S,7.6300,7.6100,7.6000,7.5900,7.5800,7.6400,7.6500,7.6600,7.6700,7.6800,9,2,34,45,20,79,181,57,135,163
SZ,002337,2017-01-03 09:33:21,7.6000,4,9909.0000,13,S,7.6000,7.5900,7.5800,7.5700,7.5600,7.6300,7.6400,7.6500,7.6600,7.6700,32,45,20,10,50,2,79,181,57,135
SZ,002337,2017-01-03 09:33:30,7.6400,2,7638.0000,10,B,7.6000,7.5900,7.5800,7.5700,7.5600,7.6400,7.6500,7.6600,7.6700,7.6800,32,45,20,10,50,101,181,57,135,173
SZ,002337,2017-01-03 09:33:33,7.6000,4,24320.0000,32,S,7.5900,7.5800,7.5700,7.5600,7.5500,7.6000,7.6400,7.6500,7.6600,7.6700,45,20,10,50,70,55,101,181,57,135
SZ,002337,2017-01-03 09:33:36,7.6000,1,15200.0000,20,B,7.5900,7.5800,7.5700,7.5600,7.5500,7.6000,7.6400,7.6500,7.6600,7.6700,45,20,10,50,70,35,101,181,57,135
SZ,002337,2017-01-03 09:33:45,7.6000,2,11400.0000,15,B,7.5900,7.5800,7.5700,7.5600,7.5500,7.6000,7.6400,7.6500,7.6600,7.6700,45,20,10,50,70,20,101,181,57,135
SZ,002337,2017-01-03 09:33:48,7.6000,1,15200.0000,20,B,7.6100,7.5900,7.5800,7.5700,7.5600,7.6400,7.6500,7.6600,7.6700,7.6800,7,45,20,10,50,101,181,57,135,173
SZ,002337,2017-01-03 09:34:03,7.6400,1,7640.0000,10,B,7.6100,7.6000,7.5900,7.5800,7.5700,7.6400,7.6500,7.6600,7.6700,7.6800,7,55,78,20,136,150,181,72,135,173
SZ,002337,2017-01-03 09:34:09,7.6200,1,4572.0000,6,S,7.6200,7.6100,7.6000,7.5900,7.5800,7.6300,7.6400,7.6500,7.6600,7.6700,65,7,65,78,20,50,150,181,72,135
SZ,002337,2017-01-03 09:34:12,7.6300,1,6867.0000,9,B,7.6200,7.6100,7.6000,7.5900,7.5800,7.6300,7.6400,7.6500,7.6600,7.6700,65,7,65,78,20,46,155,181,72,135
SZ,002337,2017-01-03 09:34:18,7.6200,2,49530.0000,65,S,7.6100,7.6000,7.5900,7.5800,7.5700,7.6200,7.6300,7.6400,7.6500,7.6600,57,75,78,220,136,37,46,175,181,72
SZ,002337,2017-01-03 09:34:27,7.6200,1,6858.0000,9,B,7.6100,7.6000,7.5900,7.5800,7.5700,7.6200,7.6300,7.6400,7.6500,7.6600,57,66,78,220,136,28,46,195,69,72
SZ,002337,2017-01-03 09:34:45,7.6200,1,7620.0000,10,B,7.6100,7.6000,7.5900,7.5800,7.5700,7.6200,7.6300,7.6400,7.6500,7.6600,66,76,78,245,136,18,53,195,70,72
SZ,002337,2017-01-03 09:34:48,7.6100,1,1522.0000,2,S,7.6100,7.6000,7.5900,7.5800,7.5700,7.6200,7.6300,7.6400,7.6500,7.6600,64,76,322,245,136,18,53,195,70,72
SZ,002337,2017-01-03 09:35:12,7.6300,1,7630.0000,10,B,7.6200,7.6100,7.6000,7.5900,7.5800,7.6300,7.6400,7.6500,7.6600,7.6700,9,64,89,324,245,145,195,70,72,135
SZ,002337,2017-01-03 09:35:15,7.6200,1,6858.0000,9,S,7.6100,7.6000,7.5900,7.5800,7.5700,7.6200,7.6300,7.6400,7.6500,7.6600,64,89,324,245,136,6,156,195,70,72
SZ,002337,2017-01-03 09:35:18,7.6100,1,761.0000,1,S,7.6100,7.6000,7.5900,7.5800,7.5700,7.6200,7.6300,7.6400,7.6500,7.6600,63,89,324,245,136,6,156,214,70,72
SZ,002337,2017-01-03 09:35:27,7.6300,6,70190.0000,92,B,7.6100,7.6000,7.5900,7.5800,7.5700,7.6300,7.6400,7.6500,7.6600,7.6700,63,89,324,245,136,70,155,70,72,235
SZ,002337,2017-01-03 09:35:30,7.6300,1,3052.0000,4,B,7.6100,7.6000,7.5900,7.5800,7.5700,7.6300,7.6400,7.6500,7.6600,7.6700,63,89,324,245,136,67,155,70,72,235
SZ,002337,2017-01-03 09:35:33,7.6300,2,9156.0000,12,B,7.6100,7.6000,7.5900,7.5800,7.5700,7.6300,7.6400,7.6500,7.6600,7.6700,63,115,324,245,136,55,155,70,72,235
SZ,002337,2017-01-03 09:35:39,7.6300,2,9919.0000,13,B,7.6100,7.6000,7.5900,7.5800,7.5700,7.6300,7.6400,7.6500,7.6600,7.6700,63,115,324,245,136,42,155,70,72,235
SZ,002337,2017-01-03 09:35:42,7.6300,1,1526.0000,2,B,7.6100,7.6000,7.5900,7.5800,7.5700,7.6300,7.6400,7.6500,7.6600,7.6700,63,115,324,245,136,40,155,70,72,235
SZ,002337,2017-01-03 09:35:54,7.6300,1,6867.0000,9,B,7.6100,7.6000,7.5900,7.5800,7.5700,7.6300,7.6400,7.6500,7.6600,7.6700,89,165,324,245,10,31,150,70,82,235
SZ,002337,2017-01-03 09:36:12,7.6300,1,7630.0000,10,B,7.6100,7.6000,7.5900,7.5800,7.5700,7.6300,7.6400,7.6500,7.6600,7.6700,214,165,324,220,10,41,130,70,117,235
SZ,002337,2017-01-03 09:36:18,7.6100,1,1522.0000,2,S,7.6100,7.6000,7.5900,7.5800,7.5700,7.6300,7.6400,7.6500,7.6600,7.6700,212,165,324,220,10,41,130,70,117,235
SZ,002337,2017-01-03 09:36:27,7.6300,1,6867.0000,9,B,7.6200,7.6100,7.6000,7.5900,7.5800,7.6300,7.6400,7.6500,7.6600,7.6700,10,214,190,324,220,32,130,70,117,235
SZ,002337,2017-01-03 09:36:39,7.6300,1,6867.0000,9,B,7.6200,7.6100,7.6000,7.5900,7.5800,7.6300,7.6400,7.6500,7.6600,7.6700,10,214,190,324,220,36,130,70,127,235
SZ,002337,2017-01-03 09:36:57,7.6300,3,7630.0000,10,B,7.6200,7.6100,7.6000,7.5900,7.5800,7.6300,7.6400,7.6500,7.6600,7.6700,10,214,190,324,270,85,130,70,130,235
SZ,002337,2017-01-03 09:37:00,7.6300,4,22890.0000,30,B,7.6200,7.6100,7.6000,7.5900,7.5800,7.6300,7.6400,7.6500,7.6600,7.6700,10,214,190,324,270,55,130,70,130,235
SZ,002337,2017-01-03 09:37:03,7.6300,2,32809.0000,43,B,7.6200,7.6100,7.6000,7.5900,7.5800,7.6300,7.6400,7.6500,7.6600,7.6700,10,214,190,324,270,12,130,70,130,235
SZ,002337,2017-01-03 09:37:06,7.6200,1,7620.0000,10,S,7.6100,7.6000,7.5900,7.5800,7.5700,7.6200,7.6400,7.6500,7.6600,7.6700,214,190,324,270,10,20,130,70,130,235
SZ,002337,2017-01-03 09:37:09,7.6400,3,19820.0000,26,B,7.6100,7.6000,7.5900,7.5800,7.5700,7.6400,7.6500,7.6600,7.6700,7.6800,214,190,324,270,10,126,70,130,235,195
SZ,002337,2017-01-03 09:37:12,7.6400,3,63412.0000,83,B,7.6300,7.6100,7.6000,7.5900,7.5800,7.6400,7.6500,7.6600,7.6700,7.6800,9,214,190,324,270,43,70,130,235,195
SZ,002337,2017-01-03 09:37:18,7.6300,1,763.0000,1,S,7.6300,7.6100,7.6000,7.5900,7.5800,7.6400,7.6500,7.6600,7.6700,7.6800,8,214,251,324,270,43,70,130,235,195
SZ,002337,2017-01-03 09:37:27,7.6300,4,23679.0000,31,S,7.6300,7.6100,7.6000,7.5900,7.5800,7.6400,7.6500,7.6600,7.6700,7.6800,3,214,251,324,270,17,109,130,235,195
SZ,002337,2017-01-03 09:37:36,7.6400,1,7640.0000,10,B,7.6300,7.6100,7.6000,7.5900,7.5800,7.6400,7.6500,7.6600,7.6700,7.6800,4,214,271,324,270,15,109,130,235,195
SZ,002337,2017-01-03 09:37:39,7.6300,2,3052.0000,4,S,7.6100,7.6000,7.5900,7.5800,7.5700,7.6300,7.6400,7.6500,7.6600,7.6700,214,271,324,270,10,6,15,109,130,235
SZ,002337,2017-01-03 09:37:42,7.6500,5,19863.0000,26,B,7.6100,7.6000,7.5900,7.5800,7.5700,7.6400,7.6500,7.6600,7.6700,7.6800,214,271,324,270,10,20,109,130,235,195
SZ,002337,2017-01-03 09:37:45,7.6400,1,6876.0000,9,B,7.6100,7.6000,7.5900,7.5800,7.5700,7.6400,7.6500,7.6600,7.6700,7.6800,214,271,324,270,10,11,128,130,235,195
SZ,002337,2017-01-03 09:37:51,7.6400,1,7640.0000,10,B,7.6300,7.6100,7.6000,7.5900,7.5800,7.6400,7.6500,7.6600,7.6700,7.6800,6,214,271,324,270,1,128,130,235,195
SZ,002337,2017-01-03 09:37:54,7.6400,1,764.0000,1,B,7.6400,7.6300,7.6100,7.6000,7.5900,7.6500,7.6600,7.6700,7.6800,7.6900,74,6,214,271,324,128,130,235,195,125
SZ,002337,2017-01-03 09:38:03,7.6500,2,19890.0000,26,B,7.6400,7.6300,7.6100,7.6000,7.5900,7.6500,7.6600,7.6700,7.6800,7.6900,74,46,214,271,324,102,130,235,195,125
SZ,002337,2017-01-03 09:38:06,7.6400,1,3820.0000,5,S,7.6400,7.6300,7.6100,7.6000,7.5900,7.6500,7.6600,7.6700,7.6800,7.6900,69,46,214,271,324,102,130,235,195,145
SZ,002337,2017-01-03 09:38:09,7.6500,1,7650.0000,10,B,7.6400,7.6300,7.6100,7.6000,7.5900,7.6500,7.6600,7.6700,7.6800,7.6900,69,46,214,271,324,92,130,235,195,145
SZ,002337,2017-01-03 09:38:12,7.6500,10,70380.0000,92,B,7.6500,7.6400,7.6300,7.6100,7.6000,7.6600,7.6700,7.6800,7.6900,7.7000,58,69,46,214,271,130,235,195,145,150
SZ,002337,2017-01-03 09:38:15,7.6500,1,765.0000,1,S,7.6500,7.6400,7.6300,7.6100,7.6000,7.6600,7.6700,7.6800,7.6900,7.7000,127,69,46,214,271,130,235,195,145,160
SZ,002337,2017-01-03 09:38:18,7.6500,1,765.0000,1,S,7.6500,7.6400,7.6300,7.6100,7.6000,7.6600,7.6700,7.6800,7.6900,7.7000,135,69,46,214,271,140,235,195,145,160
SZ,002337,2017-01-03 09:38:21,7.6500,5,99450.0000,130,S,7.6500,7.6400,7.6300,7.6100,7.6000,7.6600,7.6700,7.6800,7.6900,7.7000,5,69,46,214,231,140,235,175,145,160
SZ,002337,2017-01-03 09:38:30,7.6600,1,766.0000,1,B,7.6500,7.6300,7.6100,7.6000,7.5900,7.6600,7.6700,7.6800,7.6900,7.7000,6,46,188,231,324,143,235,185,145,160
SZ,002337,2017-01-03 09:38:33,7.6500,6,35216.0000,46,S,7.6300,7.6100,7.6000,7.5900,7.5800,7.6500,7.6600,7.6700,7.6800,7.6900,46,188,231,324,270,15,147,235,185,145
SZ,002337,2017-01-03 09:38:36,7.6500,1,4590.0000,6,B,7.6300,7.6100,7.6000,7.5900,7.5800,7.6500,7.6600,7.6700,7.6800,7.6900,46,188,231,324,270,29,147,235,185,145
SZ,002337,2017-01-03 09:38:39,7.6600,7,52825.0000,69,B,7.6300,7.6100,7.6000,7.5900,7.5800,7.6500,7.6600,7.6700,7.6800,7.6900,46,188,231,324,270,51,72,235,185,145
SZ,002337,2017-01-03 09:38:45,7.6600,6,53563.0000,70,B,7.6300,7.6200,7.6100,7.6000,7.5900,7.6600,7.6700,7.6800,7.6900,7.7000,46,7,188,231,319,59,235,185,145,160
SZ,002337,2017-01-03 09:38:54,7.6600,2,5362.0000,7,B,7.6500,7.6300,7.6200,7.6100,7.6000,7.6600,7.6700,7.6800,7.6900,7.7000,2,117,7,188,241,116,235,185,145,140
SZ,002337,2017-01-03 09:38:57,7.6600,4,10724.0000,14,B,7.6500,7.6300,7.6200,7.6100,7.6000,7.6600,7.6700,7.6800,7.6900,7.7000,12,117,33,188,241,113,235,185,145,140
SZ,002337,2017-01-03 09:39:00,7.6500,2,7650.0000,10,S,7.6500,7.6300,7.6200,7.6100,7.6000,7.6600,7.6700,7.6800,7.6900,7.7000,2,117,33,188,241,113,235,185,145,140
SZ,002337,2017-01-03 09:39:06,7.6600,4,38300.0000,50,B,7.6500,7.6300,7.6200,7.6100,7.6000,7.6600,7.6700,7.6800,7.6900,7.7000,2,117,33,188,246,113,235,185,145,158
SZ,002337,2017-01-03 09:39:09,7.6500,1,765.0000,1,S,7.6500,7.6300,7.6200,7.6100,7.6000,7.6600,7.6700,7.6800,7.6900,7.7000,1,117,33,188,246,123,235,185,145,158
SZ,002337,2017-01-03 09:39:15,7.6600,1,7660.0000,10,B,7.6500,7.6300,7.6200,7.6100,7.6000,7.6600,7.6700,7.6800,7.6900,7.7000,1,122,43,188,246,149,235,185,145,158
SZ,002337,2017-01-03 09:39:18,7.6500,2,3829.0000,5,S,7.6300,7.6200,7.6100,7.6000,7.5900,7.6600,7.6700,7.6800,7.6900,7.7000,122,43,188,246,319,145,235,185,145,158
SZ,002337,2017-01-03 09:39:30,7.6600,1,6894.0000,9,B,7.6500,7.6400,7.6300,7.6200,7.6100,7.6600,7.6700,7.6800,7.6900,7.7000,1,140,122,74,188,151,235,185,145,158
SZ,002337,2017-01-03 09:39:42,7.6600,1,7660.0000,10,B,7.6500,7.6400,7.6300,7.6200,7.6100,7.6600,7.6700,7.6800,7.6900,7.7000,1,140,121,74,188,141,235,303,145,158
SZ,002337,2017-01-03 09:39:48,7.6500,1,765.0000,1,S,7.6400,7.6300,7.6200,7.6100,7.6000,7.6500,7.6600,7.6700,7.6800,7.6900,140,121,74,188,266,43,199,235,303,145
SZ,002337,2017-01-03 09:39:51,7.6600,5,54341.0000,71,B,7.6400,7.6300,7.6200,7.6100,7.6000,7.6600,7.6700,7.6800,7.6900,7.7000,139,121,74,188,266,172,235,303,145,177
SZ,002337,2017-01-03 09:39:57,7.6500,1,3825.0000,5,S,7.6400,7.6300,7.6200,7.6100,7.6000,7.6500,7.6600,7.6700,7.6800,7.6900,139,121,74,188,316,11,222,272,303,145
SZ,002337,2017-01-03 09:40:00,7.6500,2,6885.0000,9,B,7.6400,7.6300,7.6200,7.6100,7.6000,7.6500,7.6600,7.6700,7.6800,7.6900,139,121,74,188,316,2,222,272,303,145
SZ,002337,2017-01-03 09:40:03,7.6400,3,9932.0000,13,S,7.6400,7.6300,7.6200,7.6100,7.6000,7.6500,7.6600,7.6700,7.6800,7.6900,131,121,74,188,316,2,212,272,303,145
SZ,002337,2017-01-03 09:40:09,7.8300,82,1155175.0000,1500,B,7.6400,7.6300,7.6200,7.6100,7.6000,7.8300,7.8400,7.8500,7.8600,7.8700,141,134,74,188,316,55,35,6,5,200
SZ,002337,2017-01-03 09:40:18,7.6600,1,1532.0000,2,S,7.6600,7.6500,7.6400,7.6300,7.6200,7.8100,7.8300,7.8400,7.8500,7.8600,63,10,141,134,74,2,55,35,36,5
SZ,002337,2017-01-03 09:40:21,7.6600,4,11690.0000,15,S,7.8100,7.6900,7.6700,7.6600,7.6500,7.8300,7.8400,7.8500,7.8600,7.8700,3,22,30,60,10,545,35,36,5,200
SZ,002337,2017-01-03 09:40:24,7.7900,2,3901.0000,5,S,7.8100,7.6900,7.6700,7.6600,7.6500,7.8300,7.8400,7.8500,7.8600,7.8700,38,22,53,60,10,545,35,36,5,200
SZ,002337,2017-01-03 09:40:27,7.8100,7,236390.0000,302,S,7.6900,7.6700,7.6600,7.6500,7.6400,7.8000,7.8100,7.8200,7.8300,7.8400,22,53,60,10,101,74,15,174,281,35
SZ,002337,2017-01-03 09:40:39,7.7500,1,10850.0000,14,B,7.7000,7.6900,7.6700,7.6600,7.6500,7.7500,7.8000,7.8100,7.8200,7.8300,120,28,63,151,10,986,124,98,667,301
SZ,002337,2017-01-03 09:40:42,7.7400,5,37152.0000,48,S,7.7100,7.7000,7.6900,7.6700,7.6600,7.7400,7.7500,7.8000,7.8100,7.8200,10,120,1467,63,151,12,986,134,450,637
SZ,002337,2017-01-03 09:40:45,7.7100,1,2313.0000,3,S,7.7100,7.7000,7.6900,7.6700,7.6600,7.7400,7.7500,7.7900,7.8000,7.8100,7,120,1467,75,151,12,986,20,634,480
SZ,002337,2017-01-03 09:40:48,7.7500,3,41063.0000,53,B,7.7100,7.7000,7.6900,7.6700,7.6600,7.7500,7.7900,7.8000,7.8100,7.8200,7,123,1467,75,151,945,20,962,603,637
SZ,002337,2017-01-03 09:40:51,7.7400,3,30960.0000,40,S,7.7400,7.7100,7.7000,7.6900,7.6700,7.7500,7.7900,7.8000,7.8100,7.8200,44,7,123,1467,75,945,20,967,603,642
SZ,002337,2017-01-03 09:40:54,7.7400,4,57276.0000,74,S,7.7200,7.7100,7.7000,7.6900,7.6700,7.7400,7.7500,7.7900,7.8000,7.8100,5,12,123,1477,75,18,945,20,967,613
SZ,002337,2017-01-03 09:40:57,7.7500,4,130957.0000,169,B,7.7300,7.7200,7.7100,7.7000,7.6900,7.7500,7.7900,7.8000,7.8100,7.8200,10,5,43,141,1477,794,20,923,593,642
SZ,002337,2017-01-03 09:41:00,7.7400,4,48768.0000,63,S,7.7300,7.7200,7.7100,7.7000,7.6900,7.7400,7.7500,7.7900,7.8000,7.8100,10,5,43,164,1477,3,788,20,923,593
SZ,002337,2017-01-03 09:41:03,7.7300,3,6188.0000,8,S,7.7300,7.7200,7.7100,7.7000,7.6900,7.7500,7.7900,7.8000,7.8100,7.8200,6,5,43,164,1477,788,30,943,593,642
SZ,002337,2017-01-03 09:41:06,7.7500,1,775.0000,1,B,7.7300,7.7200,7.7100,7.7000,7.6900,7.7500,7.7900,7.8000,7.8100,7.8200,6,15,43,164,1477,802,80,973,593,642
SZ,002337,2017-01-03 09:41:09,7.7300,2,11615.0000,15,S,7.7400,7.7300,7.7200,7.7100,7.7000,7.7500,7.7900,7.8000,7.8100,7.8200,20,10,24,43,199,802,280,1009,593,642
SZ,002337,2017-01-03 09:41:12,7.7400,5,19352.0000,25,S,7.7400,7.7300,7.7200,7.7100,7.7000,7.7500,7.7700,7.7900,7.8000,7.8100,12,27,24,243,199,816,5,325,979,593
SZ,002337,2017-01-03 09:41:15,7.7500,2,63550.0000,82,B,7.7400,7.7300,7.7200,7.7100,7.7000,7.7500,7.7700,7.7900,7.8000,7.8100,12,27,24,254,202,734,5,325,979,593
SZ,002337,2017-01-03 09:41:18,7.7400,6,17038.0000,22,S,7.7400,7.7300,7.7200,7.7100,7.7000,7.7500,7.7700,7.7900,7.8000,7.8100,16,42,24,254,202,724,5,407,981,593
SZ,002337,2017-01-03 09:41:21,7.7400,2,81370.0000,105,S,7.7400,7.7300,7.7200,7.7100,7.7000,7.7500,7.7700,7.7900,7.8000,7.8100,11,92,24,254,202,624,5,363,981,593
SZ,002337,2017-01-03 09:41:24,7.7500,2,17823.0000,23,B,7.7400,7.7300,7.7200,7.7100,7.7000,7.7500,7.7700,7.7900,7.8000,7.8100,12,75,24,254,202,603,5,363,981,593
SZ,002337,2017-01-03 09:41:27,7.7500,8,129412.0000,167,B,7.7400,7.7300,7.7200,7.7100,7.7000,7.7500,7.7700,7.7900,7.8000,7.8100,4,75,19,254,214,434,5,363,1006,593
SZ,002337,2017-01-03 09:41:30,7.7400,4,73607.0000,95,S,7.7300,7.7200,7.7100,7.7000,7.6900,7.7400,7.7500,7.7700,7.7900,7.8000,75,19,254,194,1471,12,357,5,363,1006
SZ,002337,2017-01-03 09:41:33,7.7400,5,36406.0000,47,B,7.7300,7.7200,7.7100,7.7000,7.6900,7.7400,7.7500,7.7700,7.7900,7.8000,75,19,254,204,1471,12,829,5,363,1006
SZ,002337,2017-01-03 09:41:36,7.7400,2,14706.0000,19,B,7.7400,7.7300,7.7200,7.7100,7.7000,7.7500,7.7700,7.7800,7.7900,7.8000,91,25,19,254,245,849,36,300,368,1006
SZ,002337,2017-01-03 09:41:39,7.7400,4,20125.0000,26,S,7.7400,7.7300,7.7200,7.7100,7.7000,7.7500,7.7700,7.7800,7.7900,7.8000,88,25,19,254,175,848,36,344,373,1006
SZ,002337,2017-01-03 09:41:45,7.7400,3,21681.0000,28,S,7.7400,7.7300,7.7200,7.7100,7.7000,7.7500,7.7600,7.7700,7.7800,7.7900,71,25,49,254,175,839,1,36,364,373
SZ,002337,2017-01-03 09:41:51,7.7400,1,774.0000,1,S,7.7400,7.7300,7.7200,7.7100,7.7000,7.7500,7.7600,7.7700,7.7800,7.7900,70,91,49,254,175,849,1,36,364,373
SZ,002337,2017-01-03 09:41:54,7.7500,7,136312.0000,176,B,7.7300,7.7200,7.7100,7.7000,7.6900,7.7400,7.7500,7.7600,7.7700,7.7800,91,49,254,175,1487,21,761,1,36,364
SZ,002337,2017-01-03 09:41:57,7.7400,2,11610.0000,15,B,7.7300,7.7200,7.7100,7.7000,7.6900,7.7400,7.7500,7.7600,7.7700,7.7800,91,49,254,205,1487,18,761,1,36,364
SZ,002337,2017-01-03 09:42:00,7.7400,5,20124.0000,26,B,7.7400,7.7300,7.7200,7.7100,7.7000,7.7500,7.7600,7.7700,7.7800,7.7900,34,91,49,254,205,761,1,20,364,373
SZ,002337,2017-01-03 09:42:06,7.7300,6,70379.0000,91,S,7.7300,7.7200,7.7100,7.7000,7.6900,7.7500,7.7600,7.7700,7.7800,7.7900,46,899,254,215,1487,761,1,20,364,353
SZ,002337,2017-01-03 09:42:12,7.7400,1,6966.0000,9,B,7.7300,7.7200,7.7100,7.7000,7.6900,7.7400,7.7500,7.7600,7.7700,7.7800,46,899,254,166,1487,11,781,1,60,369
SZ,002337,2017-01-03 09:42:18,7.7400,3,11608.0000,15,B,7.7300,7.7200,7.7100,7.7000,7.6900,7.7400,7.7500,7.7600,7.7700,7.7800,44,899,254,166,1487,2,781,1,60,369
SZ,002337,2017-01-03 09:42:24,7.7300,1,773.0000,1,S,7.7300,7.7200,7.7100,7.7000,7.6900,7.7400,7.7500,7.7600,7.7700,7.7800,63,899,254,166,1487,29,781,1,60,369
SZ,002337,2017-01-03 09:42:27,7.7400,6,25542.0000,33,B,7.7400,7.7300,7.7200,7.7100,7.7000,7.7500,7.7600,7.7700,7.7800,7.7900,6,63,899,254,166,781,1,60,369,330
SZ,002337,2017-01-03 09:42:30,7.7500,1,64325.0000,83,B,7.7400,7.7300,7.7200,7.7100,7.7000,7.7500,7.7600,7.7700,7.7800,7.7900,105,63,899,254,166,698,1,60,369,330
SZ,002337,2017-01-03 09:42:39,7.7500,3,12390.0000,16,B,7.7400,7.7300,7.7200,7.7100,7.7000,7.7500,7.7600,7.7700,7.7800,7.7900,96,113,899,254,160,661,51,60,369,330
SZ,002337,2017-01-03 09:42:42,7.7500,4,58900.0000,76,B,7.7400,7.7300,7.7200,7.7100,7.7000,7.7500,7.7600,7.7700,7.7800,7.7900,106,113,939,254,160,585,51,60,369,330
SZ,002337,2017-01-03 09:42:45,7.7400,2,24794.0000,32,S,7.7400,7.7300,7.7200,7.7100,7.7000,7.7500,7.7600,7.7700,7.7800,7.7900,100,113,939,254,160,559,51,60,369,330
SZ,002337,2017-01-03 09:42:48,7.7500,1,3875.0000,5,B,7.7400,7.7300,7.7200,7.7100,7.7000,7.7500,7.7600,7.7700,7.7800,7.7900,100,113,939,254,160,554,51,60,369,330
SZ,002337,2017-01-03 09:42:51,7.7500,1,3100.0000,4,B,7.7400,7.7300,7.7200,7.7100,7.7000,7.7500,7.7600,7.7700,7.7800,7.7900,175,113,939,254,160,565,51,55,369,330
SZ,002337,2017-01-03 09:42:54,7.7400,1,774.0000,1,S,7.7400,7.7300,7.7200,7.7100,7.7000,7.7500,7.7600,7.7700,7.7800,7.7900,174,113,939,254,160,565,51,55,69,330
SZ,002337,2017-01-03 09:42:57,7.7500,2,6975.0000,9,B,7.7400,7.7300,7.7200,7.7100,7.7000,7.7500,7.7600,7.7700,7.7800,7.7900,174,113,939,254,160,556,51,55,69,330
SZ,002337,2017-01-03 09:43:00,7.7500,3,16275.0000,21,B,7.7400,7.7300,7.7200,7.7100,7.7000,7.7500,7.7600,7.7700,7.7800,7.7900,174,113,939,254,160,535,51,55,69,330
SZ,002337,2017-01-03 09:43:03,7.7300,10,205972.0000,266,S,7.7300,7.7200,7.7100,7.7000,7.6900,7.7400,7.7500,7.7600,7.7700,7.7800,111,939,254,160,1487,125,445,51,35,109
SZ,002337,2017-01-03 09:43:06,7.7400,1,7740.0000,10,B,7.7300,7.7200,7.7100,7.7000,7.6900,7.7400,7.7500,7.7600,7.7700,7.7800,111,939,254,160,1487,115,450,51,35,109
SZ,002337,2017-01-03 09:43:09,7.7400,2,43344.0000,56,B,7.7300,7.7200,7.7100,7.7000,7.6900,7.7400,7.7500,7.7600,7.7700,7.7800,111,939,254,160,1487,109,459,51,35,115
SZ,002337,2017-01-03 09:43:12,7.7400,1,7740.0000,10,B,7.7300,7.7200,7.7100,7.7000,7.6900,7.7400,7.7500,7.7600,7.7700,7.7800,111,939,254,160,1487,99,64,51,35,115
SZ,002337,2017-01-03 09:43:18,7.7400,7,121517.0000,157,B,7.7400,7.7300,7.7200,7.7100,7.7000,7.7500,7.7600,7.7700,7.7800,7.7900,31,110,939,254,160,64,51,35,135,330
SZ,002337,2017-01-03 09:43:21,7.7400,1,23994.0000,31,S,7.7300,7.7200,7.7100,7.7000,7.6900,7.7400,7.7500,7.7600,7.7700,7.7800,110,939,254,160,1487,508,64,51,35,135
SZ,002337,2017-01-03 09:43:27,7.7400,3,10062.0000,13,B,7.7300,7.7200,7.7100,7.7000,7.6900,7.7400,7.7500,7.7600,7.7700,7.7800,143,939,254,160,1487,500,64,51,51,135
SZ,002337,2017-01-03 09:43:33,7.7300,1,23190.0000,30,S,7.7300,7.7200,7.7100,7.7000,7.6900,7.7400,7.7500,7.7600,7.7700,7.7800,237,49,254,165,1487,503,75,51,51,135
SZ,002337,2017-01-03 09:43:39,7.7300,1,3865.0000,5,S,7.7300,7.7200,7.7100,7.7000,7.6900,7.7400,7.7500,7.7600,7.7700,7.7800,240,49,248,165,26,503,75,51,51,135
SZ,002337,2017-01-03 09:43:45,7.7400,2,12384.0000,16,B,7.7300,7.7200,7.7100,7.7000,7.6900,7.7400,7.7500,7.7600,7.7700,7.7800,207,49,248,165,26,92,104,51,51,135
SZ,002337,2017-01-03 09:43:48,7.7300,10,221881.0000,287,S,7.7200,7.7100,7.7000,7.6900,7.6800,7.7300,7.7400,7.7500,7.7600,7.7700,19,248,165,26,108,138,62,104,51,51
SZ,002337,2017-01-03 09:43:51,7.7300,1,15460.0000,20,B,7.7200,7.7100,7.7000,7.6900,7.6800,7.7300,7.7400,7.7500,7.7600,7.7700,52,248,165,36,108,128,83,109,51,51
SZ,002337,2017-01-03 09:43:57,7.7200,3,28564.0000,37,S,7.7200,7.7100,7.7000,7.6900,7.6800,7.7300,7.7400,7.7500,7.7600,7.7700,15,248,165,36,108,210,93,109,51,53
SZ,002337,2017-01-03 09:44:00,7.7300,1,6957.0000,9,B,7.7200,7.7100,7.7000,7.6900,7.6800,7.7300,7.7400,7.7500,7.7600,7.7700,15,248,158,36,108,201,93,109,51,53
SZ,002337,2017-01-03 09:44:03,7.7300,1,9276.0000,12,B,7.7200,7.7100,7.7000,7.6900,7.6800,7.7300,7.7400,7.7500,7.7600,7.7700,15,248,158,36,108,189,93,109,51,53
SZ,002337,2017-01-03 09:44:06,7.7100,3,12351.0000,16,S,7.7100,7.7000,7.6900,7.6800,7.6700,7.7300,7.7400,7.7500,7.7600,7.7700,267,158,36,108,35,189,93,109,51,53
SZ,002337,2017-01-03 09:44:09,7.7300,1,20098.0000,26,B,7.7100,7.7000,7.6900,7.6800,7.6700,7.7200,7.7300,7.7400,7.7500,7.7600,267,158,25,113,35,29,163,93,109,51
SZ,002337,2017-01-03 09:44:12,7.7200,2,18528.0000,24,B,7.7100,7.7000,7.6900,7.6800,7.6700,7.7200,7.7300,7.7400,7.7500,7.7600,267,158,25,113,35,5,163,93,109,51
SZ,002337,2017-01-03 09:44:15,7.7200,1,3860.0000,5,B,7.7200,7.7100,7.7000,7.6900,7.6800,7.7300,7.7400,7.7500,7.7600,7.7700,15,267,158,25,113,163,93,109,51,53
SZ,002337,2017-01-03 09:44:18,7.7200,1,772.0000,1,S,7.7200,7.7100,7.7000,7.6900,7.6800,7.7300,7.7400,7.7500,7.7600,7.7700,14,267,158,25,113,163,93,109,51,53
SZ,002337,2017-01-03 09:44:24,7.7200,1,772.0000,1,S,7.7200,7.7100,7.7000,7.6900,7.6800,7.7300,7.7400,7.7500,7.7600,7.7700,13,267,158,25,113,168,93,109,51,53
SZ,002337,2017-01-03 09:44:27,7.7200,2,16984.0000,22,S,7.7100,7.7000,7.6900,7.6800,7.6700,7.7200,7.7300,7.7400,7.7500,7.7600,262,158,25,113,35,701,168,93,109,51
SZ,002337,2017-01-03 09:44:30,7.7100,3,63222.0000,82,S,7.7100,7.7000,7.6900,7.6800,7.6700,7.7200,7.7300,7.7400,7.7500,7.7600,180,153,25,113,35,701,86,104,104,51
SZ,002337,2017-01-03 09:44:39,7.7100,1,3855.0000,5,S,7.7100,7.7000,7.6900,7.6800,7.6700,7.7200,7.7300,7.7400,7.7500,7.7600,164,153,25,113,35,701,96,104,104,61
SZ,002337,2017-01-03 09:44:42,7.7200,1,6948.0000,9,B,7.7100,7.7000,7.6900,7.6800,7.6700,7.7200,7.7300,7.7400,7.7500,7.7600,605,153,25,113,35,693,96,104,95,61
SZ,002337,2017-01-03 09:44:45,7.7100,1,6168.0000,8,S,7.7100,7.7000,7.6900,7.6800,7.6700,7.7200,7.7300,7.7400,7.7500,7.7600,597,153,25,113,35,693,96,104,95,61
SZ,002337,2017-01-03 09:44:48,7.7200,1,64076.0000,83,B,7.7100,7.7000,7.6900,7.6800,7.6700,7.7200,7.7300,7.7400,7.7500,7.7600,602,141,51,113,35,610,96,104,105,61
SZ,002337,2017-01-03 09:44:54,7.7100,4,124131.0000,161,S,7.7000,7.6900,7.6800,7.6700,7.6600,7.7100,7.7200,7.7300,7.7400,7.7500,146,51,113,35,79,912,618,96,104,105
SZ,002337,2017-01-03 09:44:57,7.7000,7,384690.0000,499,S,7.7000,7.6900,7.6800,7.6700,7.6600,7.7100,7.7200,7.7300,7.7400,7.7500,107,51,113,35,79,462,618,86,104,105
SZ,002337,2017-01-03 09:45:00,7.7000,1,770.0000,1,S,7.7000,7.6900,7.6800,7.6700,7.6600,7.7100,7.7200,7.7300,7.7400,7.7500,106,62,113,41,79,462,620,86,104,105
SZ,002337,2017-01-03 09:45:03,7.6900,7,82389.0000,107,S,7.6900,7.6800,7.6700,7.6600,7.6500,7.7000,7.7100,7.7200,7.7300,7.7400,61,113,41,109,81,44,462,620,86,104
SZ,002337,2017-01-03 09:45:06,7.7000,1,4620.0000,6,B,7.6900,7.6800,7.6700,7.6600,7.6500,7.7000,7.7100,7.7200,7.7300,7.7400,61,113,41,109,81,40,462,620,15,104
SZ,002337,2017-01-03 09:45:12,7.7000,4,15390.0000,20,B,7.6900,7.6800,7.6700,7.6600,7.6500,7.7000,7.7100,7.7200,7.7300,7.7400,51,113,41,109,81,30,462,620,15,104
SZ,002337,2017-01-03 09:45:18,7.6900,1,769.0000,1,S,7.6900,7.6800,7.6700,7.6600,7.6500,7.7000,7.7100,7.7200,7.7300,7.7400,50,113,41,109,81,30,462,620,15,104
SZ,002337,2017-01-03 09:45:21,7.7000,1,2310.0000,3,B,7.6900,7.6800,7.6700,7.6600,7.6500,7.7000,7.7100,7.7200,7.7300,7.7400,50,75,41,109,81,27,462,620,15,104
SZ,002337,2017-01-03 09:45:27,7.7000,1,7700.0000,10,B,7.6900,7.6800,7.6700,7.6600,7.6500,7.7000,7.7100,7.7200,7.7300,7.7400,598,75,61,109,81,17,10,620,15,104
SZ,002337,2017-01-03 09:45:30,7.7000,1,7700.0000,10,B,7.6900,7.6800,7.6700,7.6600,7.6500,7.7000,7.7100,7.7200,7.7300,7.7400,598,75,61,109,81,7,10,620,15,104
SZ,002337,2017-01-03 09:45:33,7.6900,3,15380.0000,20,S,7.6900,7.6800,7.6700,7.6600,7.6500,7.7000,7.7100,7.7200,7.7300,7.7400,578,75,61,109,111,7,10,620,15,104
SZ,002337,2017-01-03 09:45:36,7.7000,2,5390.0000,7,B,7.7000,7.6900,7.6800,7.6700,7.6600,7.7100,7.7200,7.7300,7.7400,7.7500,33,567,75,61,109,10,620,15,104,105
SZ,002337,2017-01-03 09:45:45,7.7100,2,8480.0000,11,B,7.7000,7.6900,7.6800,7.6700,7.6600,7.7200,7.7300,7.7400,7.7500,7.7600,77,567,75,61,109,620,15,104,105,91
SZ,002337,2017-01-03 09:45:57,7.7100,2,40092.0000,52,B,7.7000,7.6900,7.6800,7.6700,7.6600,7.7100,7.7200,7.7300,7.7400,7.7500,77,572,111,61,109,458,620,15,104,105
SZ,002337,2017-01-03 09:46:00,7.7000,4,59290.0000,77,S,7.6900,7.6800,7.6700,7.6600,7.6500,7.7100,7.7200,7.7300,7.7400,7.7500,572,111,61,109,112,458,620,15,104,105
SZ,002337,2017-01-03 09:46:03,7.6900,3,43147.0000,56,S,7.6900,7.6800,7.6700,7.6600,7.6500,7.7100,7.7200,7.7300,7.7400,7.7500,558,115,61,109,112,417,620,15,104,105
SZ,002337,2017-01-03 09:46:06,7.7100,1,20046.0000,26,B,7.7000,7.6900,7.6800,7.6700,7.6600,7.7100,7.7200,7.7300,7.7400,7.7500,20,558,115,61,109,391,620,15,104,105
SZ,002337,2017-01-03 09:46:15,7.7100,2,50886.0000,66,B,7.7000,7.6900,7.6800,7.6700,7.6600,7.7100,7.7200,7.7300,7.7400,7.7500,20,558,115,1561,109,325,620,15,104,105
SZ,002337,2017-01-03 09:46:18,7.7000,1,1540.0000,2,S,7.7000,7.6900,7.6800,7.6700,7.6600,7.7100,7.7200,7.7300,7.7400,7.7500,18,558,115,1561,109,335,620,15,104,105
SZ,002337,2017-01-03 09:46:21,7.7100,4,25416.0000,33,B,7.7000,7.6900,7.6800,7.6700,7.6600,7.7100,7.7200,7.7300,7.7400,7.7500,71,558,115,1561,109,329,620,15,104,105
SZ,002337,2017-01-03 09:46:24,7.7000,2,89420.0000,116,S,7.7000,7.6900,7.6800,7.6700,7.6600,7.7100,7.7200,7.7300,7.7400,7.7500,105,558,115,1561,109,229,620,15,104,105
SZ,002337,2017-01-03 09:46:27,7.7100,1,6939.0000,9,B,7.7000,7.6900,7.6800,7.6700,7.6600,7.7100,7.7200,7.7300,7.7400,7.7500,155,558,115,1561,109,220,620,15,104,105
SZ,002337,2017-01-03 09:46:30,7.7000,1,770.0000,1,S,7.7000,7.6900,7.6800,7.6700,7.6600,7.7100,7.7200,7.7300,7.7400,7.7500,195,558,115,1561,109,230,620,15,104,105
SZ,002337,2017-01-03 09:46:33,7.7100,1,16191.0000,21,B,7.7000,7.6900,7.6800,7.6700,7.6600,7.7100,7.7200,7.7300,7.7400,7.7500,207,558,115,1561,109,209,620,15,104,105
SZ,002337,2017-01-03 09:46:36,7.7100,2,73245.0000,95,B,7.7000,7.6900,7.6800,7.6700,7.6600,7.7100,7.7200,7.7300,7.7400,7.7500,212,558,115,1561,109,114,620,15,104,105
SZ,002337,2017-01-03 09:46:42,7.7100,1,7710.0000,10,B,7.7000,7.6900,7.6800,7.6700,7.6600,7.7100,7.7200,7.7300,7.7400,7.7500,230,558,115,1572,109,104,620,15,104,105
SZ,002337,2017-01-03 09:46:45,7.7000,1,10780.0000,14,S,7.7000,7.6900,7.6800,7.6700,7.6600,7.7100,7.7200,7.7300,7.7400,7.7500,216,558,165,1572,109,104,620,15,104,105
SZ,002337,2017-01-03 09:46:48,7.7100,1,4626.0000,6,B,7.7000,7.6900,7.6800,7.6700,7.6600,7.7100,7.7200,7.7300,7.7400,7.7500,216,558,165,1572,109,588,620,15,104,105
SZ,002337,2017-01-03 09:46:54,7.7000,11,172480.0000,224,S,7.6900,7.6800,7.6700,7.6600,7.6500,7.7000,7.7100,7.7200,7.7300,7.7400,558,165,1572,109,100,276,630,620,15,104
SZ,002337,2017-01-03 09:46:57,7.7000,1,38500.0000,50,B,7.6900,7.6800,7.6700,7.6600,7.6500,7.7000,7.7100,7.7200,7.7300,7.7400,558,165,1572,109,100,226,630,620,15,104
SZ,002337,2017-01-03 09:47:00,7.7000,3,12320.0000,16,B,7.6900,7.6800,7.6700,7.6600,7.6500,7.7000,7.7100,7.7200,7.7300,7.7400,558,165,1572,109,100,210,635,620,15,104
SZ,002337,2017-01-03 09:47:03,7.7000,1,7700.0000,10,B,7.6900,7.6800,7.6700,7.6600,7.6500,7.7000,7.7100,7.7200,7.7300,7.7400,558,168,1572,109,100,220,644,620,15,104
SZ,002337,2017-01-03 09:47:09,7.7000,2,83160.0000,108,B,7.6900,7.6800,7.6700,7.6600,7.6500,7.7000,7.7100,7.7200,7.7300,7.7400,558,168,1572,109,95,112,644,620,315,104
SZ,002337,2017-01-03 09:47:12,7.7000,3,84700.0000,110,B,7.6900,7.6800,7.6700,7.6600,7.6500,7.7000,7.7100,7.7200,7.7300,7.7400,558,168,1572,109,95,2,644,620,315,104
SZ,002337,2017-01-03 09:47:18,7.6900,2,1539.0000,2,S,7.6900,7.6800,7.6700,7.6600,7.6500,7.7000,7.7100,7.7200,7.7300,7.7400,557,168,1572,116,115,1,124,620,315,104
SZ,002337,2017-01-03 09:47:21,7.7000,2,8470.0000,11,B,7.7000,7.6900,7.6800,7.6700,7.6600,7.7100,7.7200,7.7300,7.7400,7.7500,56,557,168,1572,116,124,620,310,104,105
SZ,002337,2017-01-03 09:47:24,7.7100,2,40092.0000,52,B,7.7000,7.6900,7.6800,7.6700,7.6600,7.7100,7.7200,7.7300,7.7400,7.7500,56,557,191,1572,116,72,620,310,104,105
SZ,002337,2017-01-03 09:47:42,7.7100,3,10794.0000,14,B,7.7000,7.6900,7.6800,7.6700,7.6600,7.7100,7.7200,7.7300,7.7400,7.7500,120,726,191,1572,116,569,620,310,104,105
SZ,002337,2017-01-03 09:47:45,7.7100,4,115650.0000,150,B,7.7000,7.6900,7.6800,7.6700,7.6600,7.7100,7.7200,7.7300,7.7400,7.7500,140,726,201,1577,116,428,620,310,104,105
SZ,002337,2017-01-03 09:47:51,7.7000,1,770.0000,1,S,7.7000,7.6900,7.6800,7.6700,7.6600,7.7100,7.7200,7.7300,7.7400,7.7500,139,726,201,1577,116,428,620,310,104,105
SZ,002337,2017-01-03 09:47:57,7.7100,2,40092.0000,52,B,7.7000,7.6900,7.6800,7.6700,7.6600,7.7100,7.7200,7.7300,7.7400,7.7500,139,728,201,1577,116,376,620,310,104,105
SZ,002337,2017-01-03 09:48:00,7.7000,3,57770.0000,75,S,7.7000,7.6900,7.6800,7.6700,7.6600,7.7100,7.7200,7.7300,7.7400,7.7500,75,728,201,1566,116,356,620,310,104,105
SZ,002337,2017-01-03 09:48:09,7.7000,1,7700.0000,10,S,7.7000,7.6900,7.6800,7.6700,7.6600,7.7100,7.7200,7.7300,7.7400,7.7500,109,1228,201,1566,116,368,620,310,104,168
SZ,002337,2017-01-03 09:48:15,7.7000,2,15410.0000,20,S,7.7000,7.6900,7.6800,7.6700,7.6600,7.7100,7.7200,7.7300,7.7400,7.7500,94,1228,212,1566,116,358,620,310,104,168
SZ,002337,2017-01-03 09:48:18,7.7000,1,770.0000,1,S,7.7000,7.6900,7.6800,7.6700,7.6600,7.7100,7.7200,7.7300,7.7400,7.7500,97,1228,212,1566,116,358,620,310,104,168
SZ,002337,2017-01-03 09:48:27,7.7100,2,10789.0000,14,B,7.7000,7.6900,7.6800,7.6700,7.6600,7.7100,7.7200,7.7300,7.7400,7.7500,196,1228,212,1566,116,349,620,310,101,168
SZ,002337,2017-01-03 09:48:33,7.7100,1,40092.0000,52,B,7.7000,7.6900,7.6800,7.6700,7.6600,7.7100,7.7200,7.7300,7.7400,7.7500,196,1238,217,1566,116,288,620,310,101,168
SZ,002337,2017-01-03 09:48:36,7.7000,1,770.0000,1,S,7.7000,7.6900,7.6800,7.6700,7.6600,7.7100,7.7200,7.7300,7.7400,7.7500,195,1238,217,1566,116,288,620,310,101,168
SZ,002337,2017-01-03 09:48:39,7.7000,2,10793.0000,14,S,7.7000,7.6900,7.6800,7.6700,7.6600,7.7100,7.7200,7.7300,7.7400,7.7500,194,1238,217,1566,116,275,620,310,101,170
SZ,002337,2017-01-03 09:48:42,7.7100,1,6939.0000,9,B,7.7000,7.6900,7.6800,7.6700,7.6600,7.7100,7.7200,7.7300,7.7400,7.7500,194,1238,217,1566,116,266,620,310,101,170
SZ,002337,2017-01-03 09:48:48,7.7100,2,59367.0000,77,B,7.7000,7.6900,7.6800,7.6700,7.6600,7.7100,7.7200,7.7300,7.7400,7.7500,209,1238,217,1566,116,189,620,310,101,170
SZ,002337,2017-01-03 09:48:54,7.7100,1,7710.0000,10,B,7.7000,7.6900,7.6800,7.6700,7.6600,7.7100,7.7200,7.7300,7.7400,7.7500,209,1238,217,1561,116,179,620,310,101,170
SZ,002337,2017-01-03 09:48:57,7.7100,2,40863.0000,53,B,7.7000,7.6900,7.6800,7.6700,7.6600,7.7100,7.7200,7.7300,7.7400,7.7500,209,1233,217,1561,116,126,620,310,101,190
SZ,002337,2017-01-03 09:49:12,7.7100,1,6939.0000,9,B,7.7000,7.6900,7.6800,7.6700,7.6600,7.7100,7.7200,7.7300,7.7400,7.7500,209,1233,217,1557,116,617,620,310,101,190
SZ,002337,2017-01-03 09:49:15,7.7100,2,15418.0000,20,B,7.7000,7.6900,7.6800,7.6700,7.6600,7.7100,7.7200,7.7300,7.7400,7.7500,216,1233,217,1557,116,604,620,310,101,190
SZ,002337,2017-01-03 09:49:18,7.7000,2,16190.0000,21,S,7.7000,7.6900,7.6800,7.6700,7.6600,7.7100,7.7200,7.7300,7.7400,7.7500,215,1233,217,1557,116,584,620,310,101,190
SZ,002337,2017-01-03 09:49:21,7.7100,5,70932.0000,92,B,7.7000,7.6900,7.6800,7.6700,7.6600,7.7100,7.7200,7.7300,7.7400,7.7500,121,1233,194,1557,116,492,620,310,101,190
SZ,002337,2017-01-03 09:49:27,7.7100,1,7710.0000,10,B,7.7000,7.6900,7.6800,7.6700,7.6600,7.7100,7.7200,7.7300,7.7400,7.7500,186,1233,194,1557,116,489,620,310,101,190
SZ,002337,2017-01-03 09:49:30,7.7100,1,6939.0000,9,B,7.7000,7.6900,7.6800,7.6700,7.6600,7.7100,7.7200,7.7300,7.7400,7.7500,189,1233,194,1557,116,480,620,310,101,190
SZ,002337,2017-01-03 09:49:36,7.7100,1,10794.0000,14,B,7.7000,7.6900,7.6800,7.6700,7.6600,7.7100,7.7200,7.7300,7.7400,7.7500,189,1233,194,1557,116,466,620,310,101,190
SZ,002337,2017-01-03 09:49:42,7.7000,3,106397.0000,138,S,7.7000,7.6900,7.6800,7.6700,7.6600,7.7100,7.7200,7.7300,7.7400,7.7500,188,1233,194,1557,116,329,620,310,101,190
SZ,002337,2017-01-03 09:49:45,7.7100,2,13878.0000,18,B,7.7000,7.6900,7.6800,7.6700,7.6600,7.7100,7.7200,7.7300,7.7400,7.7500,188,1233,194,1557,116,311,620,310,101,190
SZ,002337,2017-01-03 09:49:51,7.7100,2,5392.0000,7,B,7.7000,7.6900,7.6800,7.6700,7.6600,7.7100,7.7200,7.7300,7.7400,7.7500,183,1233,194,1534,116,309,620,310,101,190
SZ,002337,2017-01-03 09:49:54,7.7100,2,48573.0000,63,B,7.7000,7.6900,7.6800,7.6700,7.6600,7.7100,7.7200,7.7300,7.7400,7.7500,183,1233,214,1534,116,246,620,310,101,190
SZ,002337,2017-01-03 09:49:57,7.7100,2,38550.0000,50,B,7.7000,7.6900,7.6800,7.6700,7.6600,7.7100,7.7200,7.7300,7.7400,7.7500,183,185,214,34,116,196,620,310,101,190
SZ,002337,2017-01-03 09:50:00,7.7100,1,20046.0000,26,B,7.7000,7.6900,7.6800,7.6700,7.6600,7.7100,7.7200,7.7300,7.7400,7.7500,183,185,214,34,116,170,620,310,101,190
SZ,002337,2017-01-03 09:50:03,7.7000,4,10780.0000,14,S,7.7000,7.6900,7.6800,7.6700,7.6600,7.7100,7.7200,7.7300,7.7400,7.7500,199,185,214,34,116,170,620,310,101,190
SZ,002337,2017-01-03 09:50:06,7.7100,2,37779.0000,49,B,7.7000,7.6900,7.6800,7.6700,7.6600,7.7100,7.7200,7.7300,7.7400,7.7500,216,185,214,34,116,124,620,310,101,190
SZ,002337,2017-01-03 09:50:09,7.7100,3,46240.0000,60,B,7.7000,7.6900,7.6800,7.6700,7.6600,7.7100,7.7200,7.7300,7.7400,7.7500,192,197,214,34,116,84,620,310,101,190
SZ,002337,2017-01-03 09:50:12,7.7100,2,10023.0000,13,B,7.7000,7.6900,7.6800,7.6700,7.6600,7.7100,7.7200,7.7300,7.7400,7.7500,192,197,214,34,116,71,620,310,101,190
SZ,002337,2017-01-03 09:50:15,7.7200,6,59373.0000,77,B,7.7100,7.7000,7.6900,7.6800,7.6700,7.7200,7.7300,7.7400,7.7500,7.7600,1,192,197,214,34,614,310,101,190,91
SZ,002337,2017-01-03 09:50:18,7.7100,1,771.0000,1,S,7.7000,7.6900,7.6800,7.6700,7.6600,7.7100,7.7200,7.7300,7.7400,7.7500,192,197,214,34,116,1,614,310,101,190
SZ,002337,2017-01-03 09:50:21,7.7200,2,7719.0000,10,B,7.7100,7.7000,7.6900,7.6800,7.6700,7.7200,7.7300,7.7400,7.7500,7.7600,3,192,197,214,34,605,310,101,190,91
SZ,002337,2017-01-03 09:50:30,7.7100,3,13878.0000,18,S,7.7000,7.6900,7.6800,7.6700,7.6600,7.7100,7.7200,7.7300,7.7400,7.7500,192,261,214,34,116,3,605,310,101,190
SZ,002337,2017-01-03 09:50:42,7.7200,3,66389.0000,86,B,7.7100,7.7000,7.6900,7.6800,7.6700,7.7200,7.7300,7.7400,7.7500,7.7600,10,192,291,194,34,522,310,101,190,96
SZ,002337,2017-01-03 09:50:54,7.7100,2,40906.0000,53,S,7.7100,7.7000,7.6900,7.6800,7.6700,7.7200,7.7300,7.7400,7.7500,7.7600,26,428,279,194,34,480,310,101,190,96
SZ,002337,2017-01-03 09:50:57,7.7200,2,14668.0000,19,B,7.7100,7.7000,7.6900,7.6800,7.6700,7.7200,7.7300,7.7400,7.7500,7.7600,26,411,284,194,34,461,310,101,190,96
SZ,002337,2017-01-03 09:51:03,7.7200,1,33196.0000,43,B,7.7100,7.7000,7.6900,7.6800,7.6700,7.7200,7.7300,7.7400,7.7500,7.7600,43,411,284,194,34,418,310,101,190,96
SZ,002337,2017-01-03 09:51:06,7.7100,2,33153.0000,43,S,7.7000,7.6900,7.6800,7.6700,7.6600,7.7100,7.7200,7.7300,7.7400,7.7500,414,284,194,34,116,33,418,310,101,190
SZ,002337,2017-01-03 09:51:09,7.7100,2,5397.0000,7,B,7.7000,7.6900,7.6800,7.6700,7.6600,7.7100,7.7200,7.7300,7.7400,7.7500,414,284,194,54,116,26,418,310,101,190
SZ,002337,2017-01-03 09:51:15,7.7100,2,8481.0000,11,B,7.7000,7.6900,7.6800,7.6700,7.6600,7.7100,7.7200,7.7300,7.7400,7.7500,414,284,194,54,116,16,418,310,101,190
SZ,002337,2017-01-03 09:51:18,7.7100,4,14646.0000,19,B,7.7100,7.7000,7.6900,7.6800,7.6700,7.7200,7.7300,7.7400,7.7500,7.7600,9,411,284,194,54,418,310,101,210,96
SZ,002337,2017-01-03 09:51:36,7.7100,2,7710.0000,10,S,7.7100,7.7000,7.6900,7.6800,7.6700,7.7200,7.7300,7.7400,7.7500,7.7600,23,169,284,194,307,419,310,101,215,96
SZ,002337,2017-01-03 09:51:39,7.7200,1,77200.0000,100,B,7.7100,7.7000,7.6900,7.6800,7.6700,7.7200,7.7300,7.7400,7.7500,7.7600,23,169,284,194,307,319,310,101,215,96
SZ,002337,2017-01-03 09:51:42,7.7200,1,20072.0000,26,B,7.7100,7.7000,7.6900,7.6800,7.6700,7.7200,7.7300,7.7400,7.7500,7.7600,23,169,284,194,307,293,310,101,215,96
SZ,002337,2017-01-03 09:51:45,7.7200,1,7720.0000,10,B,7.7100,7.7000,7.6900,7.6800,7.6700,7.7200,7.7300,7.7400,7.7500,7.7600,23,169,284,194,307,283,310,101,215,96
SZ,002337,2017-01-03 09:51:48,7.7200,3,27782.0000,36,B,7.7100,7.7000,7.6900,7.6800,7.6700,7.7200,7.7300,7.7400,7.7500,7.7600,14,169,284,194,317,257,310,101,215,96
SZ,002337,2017-01-03 09:51:51,7.7200,1,20844.0000,27,B,7.7100,7.7000,7.6900,7.6800,7.6700,7.7200,7.7300,7.7400,7.7500,7.7600,14,169,284,194,317,230,310,101,215,96
SZ,002337,2017-01-03 09:51:57,7.7100,3,19284.0000,25,S,7.7100,7.7000,7.6900,7.6800,7.6700,7.7200,7.7300,7.7400,7.7500,7.7600,10,169,284,194,317,221,310,101,215,96
SZ,002337,2017-01-03 09:52:03,7.7200,2,33968.0000,44,B,7.7100,7.7000,7.6900,7.6800,7.6700,7.7200,7.7300,7.7400,7.7500,7.7600,10,169,284,194,317,177,310,101,215,96
SZ,002337,2017-01-03 09:52:09,7.7200,1,44004.0000,57,B,7.7100,7.7000,7.6900,7.6800,7.6700,7.7200,7.7300,7.7400,7.7500,7.7600,210,169,284,194,317,120,310,101,215,96
SZ,002337,2017-01-03 09:52:12,7.7200,1,10036.0000,13,B,7.7100,7.7000,7.6900,7.6800,7.6700,7.7200,7.7300,7.7400,7.7500,7.7600,210,169,284,194,317,107,310,101,215,96
SZ,002337,2017-01-03 09:52:15,7.7200,1,7720.0000,10,B,7.7100,7.7000,7.6900,7.6800,7.6700,7.7200,7.7300,7.7400,7.7500,7.7600,210,169,284,194,317,97,310,101,215,96
SZ,002337,2017-01-03 09:52:18,7.7100,2,3084.0000,4,S,7.7100,7.7000,7.6900,7.6800,7.6700,7.7200,7.7300,7.7400,7.7500,7.7600,206,169,284,194,317,97,310,101,215,96
SZ,002337,2017-01-03 09:52:27,7.7200,1,6948.0000,9,B,7.7100,7.7000,7.6900,7.6800,7.6700,7.7200,7.7300,7.7400,7.7500,7.7600,206,169,284,194,317,88,310,101,215,96
SZ,002337,2017-01-03 09:52:42,7.7200,1,6948.0000,9,B,7.7100,7.7000,7.6900,7.6800,7.6700,7.7200,7.7300,7.7400,7.7500,7.7600,206,169,284,194,317,79,310,101,215,96
SZ,002337,2017-01-03 09:52:51,7.7100,2,154200.0000,200,S,7.7100,7.7000,7.6900,7.6800,7.6700,7.7200,7.7300,7.7400,7.7500,7.7600,6,169,284,194,317,79,310,101,215,101
SZ,002337,2017-01-03 09:52:54,7.7100,2,11576.0000,15,S,7.7100,7.7000,7.6900,7.6800,7.6700,7.7200,7.7300,7.7400,7.7500,7.7600,2,169,284,194,317,68,310,101,215,101
SZ,002337,2017-01-03 09:52:57,7.7200,5,27008.0000,35,B,7.7000,7.6900,7.6800,7.6700,7.6600,7.7200,7.7300,7.7400,7.7500,7.7600,164,284,194,317,116,39,310,101,215,101
SZ,002337,2017-01-03 09:53:00,7.7000,2,10780.0000,14,S,7.7000,7.6900,7.6800,7.6700,7.6600,7.7200,7.7300,7.7400,7.7500,7.7600,150,284,194,317,116,39,310,108,215,101
SZ,002337,2017-01-03 09:53:03,7.7200,1,2316.0000,3,B,7.7000,7.6900,7.6800,7.6700,7.6600,7.7200,7.7300,7.7400,7.7500,7.7600,150,284,194,317,116,36,310,108,215,101
SZ,002337,2017-01-03 09:53:06,7.7200,1,15440.0000,20,B,7.7000,7.6900,7.6800,7.6700,7.6600,7.7200,7.7300,7.7400,7.7500,7.7600,150,284,194,317,116,16,310,108,215,101
SZ,002337,2017-01-03 09:53:15,7.7200,3,6948.0000,9,B,7.7000,7.6900,7.6800,7.6700,7.6600,7.7200,7.7300,7.7400,7.7500,7.7600,172,284,194,305,116,207,310,108,215,101
SZ,002337,2017-01-03 09:53:18,7.7000,1,1540.0000,2,S,7.7000,7.6900,7.6800,7.6700,7.6600,7.7200,7.7300,7.7400,7.7500,7.7600,170,284,194,305,116,257,310,108,215,101
SZ,002337,2017-01-03 09:53:30,7.7000,6,84710.0000,110,S,7.7000,7.6900,7.6800,7.6700,7.6600,7.7100,7.7200,7.7300,7.7400,7.7500,70,284,190,305,116,153,283,310,108,215
SZ,002337,2017-01-03 09:53:36,7.7100,1,771.0000,1,B,7.7000,7.6900,7.6800,7.6700,7.6600,7.7100,7.7200,7.7300,7.7400,7.7500,74,284,190,305,116,152,283,310,108,215
SZ,002337,2017-01-03 09:53:42,7.7100,1,10794.0000,14,B,7.7000,7.6900,7.6800,7.6700,7.6600,7.7100,7.7200,7.7300,7.7400,7.7500,79,284,190,305,116,138,283,310,108,215
SZ,002337,2017-01-03 09:53:45,7.7100,2,7709.0000,10,B,7.7000,7.6900,7.6800,7.6700,7.6600,7.7100,7.7200,7.7300,7.7400,7.7500,78,284,190,305,116,129,287,310,108,215
SZ,002337,2017-01-03 09:53:48,7.7000,6,46200.0000,60,S,7.7000,7.6900,7.6800,7.6700,7.6600,7.7100,7.7200,7.7300,7.7400,7.7500,19,284,190,305,116,129,287,310,108,215
SZ,002337,2017-01-03 09:53:51,7.7100,2,75558.0000,98,B,7.7000,7.6900,7.6800,7.6700,7.6600,7.7100,7.7200,7.7300,7.7400,7.7500,19,284,190,305,116,39,287,310,108,215
SZ,002337,2017-01-03 09:53:54,7.7000,4,14630.0000,19,S,7.6900,7.6800,7.6700,7.6600,7.6500,7.7100,7.7200,7.7300,7.7400,7.7500,284,190,305,116,265,45,287,310,108,215
SZ,002337,2017-01-03 09:54:00,7.7100,1,7710.0000,10,B,7.7000,7.6900,7.6800,7.6700,7.6600,7.7100,7.7200,7.7300,7.7400,7.7500,4,284,190,305,116,35,287,310,108,215
SZ,002337,2017-01-03 09:54:03,7.7100,2,16962.0000,22,B,7.7000,7.6900,7.6800,7.6700,7.6600,7.7100,7.7200,7.7300,7.7400,7.7500,4,284,190,305,116,13,287,310,108,215
SZ,002337,2017-01-03 09:54:06,7.6900,3,9232.0000,12,S,7.7000,7.6900,7.6800,7.6700,7.6600,7.7100,7.7200,7.7300,7.7400,7.7500,30,276,190,305,116,13,287,310,108,215
SZ,002337,2017-01-03 09:54:12,7.7000,1,23100.0000,30,S,7.6900,7.6800,7.6700,7.6600,7.6500,7.7000,7.7100,7.7200,7.7300,7.7400,276,190,305,116,265,74,13,287,310,218
SZ,002337,2017-01-03 09:54:18,7.6900,3,8468.0000,11,S,7.6900,7.6800,7.6700,7.6600,7.6500,7.7000,7.7100,7.7200,7.7300,7.7400,279,190,305,116,265,65,13,287,310,218
SZ,002337,2017-01-03 09:54:30,7.7000,1,6930.0000,9,B,7.6900,7.6800,7.6700,7.6600,7.6500,7.7000,7.7100,7.7200,7.7300,7.7400,279,190,305,116,275,59,13,287,310,211
SZ,002337,2017-01-03 09:54:33,7.6900,1,3076.0000,4,S,7.6900,7.6800,7.6700,7.6600,7.6500,7.7000,7.7100,7.7200,7.7300,7.7400,275,190,305,116,275,59,13,287,310,211
SZ,002337,2017-01-03 09:54:39,7.7000,2,9232.0000,12,B,7.6900,7.6800,7.6700,7.6600,7.6500,7.7000,7.7100,7.7200,7.7300,7.7400,267,179,305,139,275,55,13,287,310,211
SZ,002337,2017-01-03 09:54:45,7.7100,3,43892.0000,57,B,7.7000,7.6900,7.6800,7.6700,7.6600,7.7100,7.7200,7.7300,7.7400,7.7500,25,277,179,305,139,11,287,310,211,215
SZ,002337,2017-01-03 09:54:51,7.7000,1,6930.0000,9,S,7.7000,7.6900,7.6800,7.6700,7.6600,7.7100,7.7200,7.7300,7.7400,7.7500,16,377,179,305,139,154,287,310,211,215
SZ,002337,2017-01-03 09:54:54,7.7000,2,5390.0000,7,S,7.7000,7.6900,7.6800,7.6700,7.6600,7.7100,7.7200,7.7300,7.7400,7.7500,9,377,182,305,139,11,287,310,211,220
SZ,002337,2017-01-03 09:54:57,7.7100,2,6939.0000,9,B,7.7000,7.6900,7.6800,7.6700,7.6600,7.7100,7.7200,7.7300,7.7400,7.7500,9,377,182,305,139,2,287,310,211,220
SZ,002337,2017-01-03 09:55:00,7.7000,1,6930.0000,9,S,7.6900,7.6800,7.6700,7.6600,7.6500,7.7000,7.7100,7.7200,7.7300,7.7400,377,182,305,139,265,72,2,287,310,211
SZ,002337,2017-01-03 09:55:03,7.7000,2,24628.0000,32,B,7.6900,7.6800,7.6700,7.6600,7.6500,7.7000,7.7100,7.7200,7.7300,7.7400,365,182,305,139,265,52,2,287,310,211
SZ,002337,2017-01-03 09:55:09,7.6900,1,1538.0000,2,S,7.6900,7.6800,7.6700,7.6600,7.6500,7.7000,7.7100,7.7200,7.7300,7.7400,363,182,305,139,295,52,2,287,310,200
SZ,002337,2017-01-03 09:55:15,7.7000,2,15400.0000,20,B,7.6900,7.6800,7.6700,7.6600,7.6500,7.7000,7.7100,7.7200,7.7300,7.7400,363,182,305,139,295,52,2,287,310,200
SZ,002337,2017-01-03 09:55:18,7.7000,3,40810.0000,53,B,7.7000,7.6900,7.6800,7.6700,7.6600,7.7100,7.7200,7.7300,7.7400,7.7500,38,363,182,305,139,2,287,310,200,200
SZ,002337,2017-01-03 09:55:21,7.7200,5,66390.0000,86,B,7.7100,7.7000,7.6900,7.6800,7.6700,7.7200,7.7300,7.7400,7.7500,7.7600,3,238,363,182,305,214,310,200,200,101
SZ,002337,2017-01-03 09:55:24,7.7100,1,2313.0000,3,S,7.7000,7.6900,7.6800,7.6700,7.6600,7.7100,7.7200,7.7300,7.7400,7.7500,238,363,182,305,150,37,214,310,200,200
SZ,002337,2017-01-03 09:55:27,7.7000,1,770.0000,1,S,7.7000,7.6900,7.6800,7.6700,7.6600,7.7100,7.7200,7.7300,7.7400,7.7500,237,363,182,305,150,37,214,310,200,220
SZ,002337,2017-01-03 09:55:30,7.7100,1,6939.0000,9,B,7.7000,7.6900,7.6800,7.6700,7.6600,7.7100,7.7200,7.7300,7.7400,7.7500,237,363,182,305,156,188,214,310,200,220
SZ,002337,2017-01-03 09:55:39,7.7100,2,55512.0000,72,B,7.7000,7.6900,7.6800,7.6700,7.6600,7.7100,7.7200,7.7300,7.7400,7.7500,237,363,182,305,156,124,204,310,200,220
SZ,002337,2017-01-03 09:55:42,7.7100,1,7710.0000,10,B,7.7000,7.6900,7.6800,7.6700,7.6600,7.7100,7.7200,7.7300,7.7400,7.7500,237,363,182,305,156,114,209,310,200,320
SZ,002337,2017-01-03 09:55:45,7.7100,1,11565.0000,15,B,7.7000,7.6900,7.6800,7.6700,7.6600,7.7100,7.7200,7.7300,7.7400,7.7500,237,363,182,305,156,99,229,310,200,320
SZ,002337,2017-01-03 09:55:54,7.7000,2,8479.0000,11,S,7.7000,7.6900,7.6800,7.6700,7.6600,7.7100,7.7200,7.7300,7.7400,7.7500,235,363,146,305,156,82,249,310,200,320
SZ,002337,2017-01-03 09:55:57,7.7100,1,6939.0000,9,B,7.7000,7.6900,7.6800,7.6700,7.6600,7.7100,7.7200,7.7300,7.7400,7.7500,235,363,146,305,156,73,249,310,200,320
SZ,002337,2017-01-03 09:56:06,7.7100,1,7710.0000,10,B,7.7000,7.6900,7.6800,7.6700,7.6600,7.7100,7.7200,7.7300,7.7400,7.7500,245,363,146,305,156,63,249,310,200,320
SZ,002337,2017-01-03 09:56:12,7.7100,1,7710.0000,10,B,7.7000,7.6900,7.6800,7.6700,7.6600,7.7100,7.7200,7.7300,7.7400,7.7500,245,363,146,305,156,53,249,310,200,320
SZ,002337,2017-01-03 09:56:18,7.7000,1,1540.0000,2,S,7.7000,7.6900,7.6800,7.6700,7.6600,7.7100,7.7200,7.7300,7.7400,7.7500,243,363,146,305,156,56,248,310,200,320
SZ,002337,2017-01-03 09:56:27,7.7100,2,14639.0000,19,B,7.7000,7.6900,7.6800,7.6700,7.6600,7.7100,7.7200,7.7300,7.7400,7.7500,33,363,146,305,156,59,248,310,200,320
SZ,002337,2017-01-03 09:56:36,7.7100,1,6939.0000,9,B,7.7000,7.6900,7.6800,7.6700,7.6600,7.7100,7.7200,7.7300,7.7400,7.7500,33,363,196,305,156,60,248,318,200,320
SZ,002337,2017-01-03 09:56:39,7.7000,1,7700.0000,10,S,7.7000,7.6900,7.6800,7.6700,7.6600,7.7100,7.7200,7.7300,7.7400,7.7500,23,363,196,305,156,60,248,318,200,320
SZ,002337,2017-01-03 09:56:42,7.7100,2,7709.0000,10,B,7.7000,7.6900,7.6800,7.6700,7.6600,7.7100,7.7200,7.7300,7.7400,7.7500,22,363,196,305,156,51,248,318,200,320
SZ,002337,2017-01-03 09:56:51,7.7000,1,7700.0000,10,S,7.7000,7.6900,7.6800,7.6700,7.6600,7.7100,7.7200,7.7300,7.7400,7.7500,12,363,196,305,156,51,248,318,200,320
SZ,002337,2017-01-03 09:57:00,7.7100,1,7710.0000,10,B,7.7000,7.6900,7.6800,7.6700,7.6600,7.7100,7.7200,7.7300,7.7400,7.7500,12,353,196,305,156,61,248,323,200,320
SZ,002337,2017-01-03 09:57:06,7.7000,2,7700.0000,10,S,7.7000,7.6900,7.6800,7.6700,7.6600,7.7100,7.7200,7.7300,7.7400,7.7500,112,353,209,305,156,61,125,323,200,320
SZ,002337,2017-01-03 09:57:09,7.7100,6,47802.0000,62,B,7.7100,7.7000,7.6900,7.6800,7.6700,7.7200,7.7300,7.7400,7.7500,7.7600,11,112,353,209,305,125,323,200,320,101
SZ,002337,2017-01-03 09:57:18,7.7100,1,1542.0000,2,S,7.7100,7.7000,7.6900,7.6800,7.6700,7.7200,7.7300,7.7400,7.7500,7.7600,18,112,353,209,305,125,323,200,320,101
SZ,002337,2017-01-03 09:57:21,7.7200,1,13896.0000,18,B,7.7100,7.7000,7.6900,7.6800,7.6700,7.7200,7.7300,7.7400,7.7500,7.7600,118,112,353,209,305,107,323,200,320,101
SZ,002337,2017-01-03 09:57:27,7.7200,1,7720.0000,10,B,7.7100,7.7000,7.6900,7.6800,7.6700,7.7200,7.7300,7.7400,7.7500,7.7600,118,112,353,209,305,97,323,200,320,101
SZ,002337,2017-01-03 09:57:30,7.7200,2,20072.0000,26,B,7.7100,7.7000,7.6900,7.6800,7.6700,7.7200,7.7300,7.7400,7.7500,7.7600,118,112,353,209,305,71,323,200,320,101
SZ,002337,2017-01-03 09:57:33,7.7200,2,1544.0000,2,B,7.7100,7.7000,7.6900,7.6800,7.6700,7.7200,7.7300,7.7400,7.7500,7.7600,118,112,353,209,305,69,323,200,320,101
SZ,002337,2017-01-03 09:57:45,7.7200,2,6948.0000,9,B,7.7100,7.7000,7.6900,7.6800,7.6700,7.7200,7.7300,7.7400,7.7500,7.7600,109,112,353,209,305,45,323,200,320,101
SZ,002337,2017-01-03 09:57:48,7.7100,2,61680.0000,80,S,7.7100,7.7000,7.6900,7.6800,7.6700,7.7200,7.7300,7.7400,7.7500,7.7600,29,112,353,146,305,55,323,200,320,101
SZ,002337,2017-01-03 09:57:54,7.7200,2,11580.0000,15,B,7.7100,7.7000,7.6900,7.6800,7.6700,7.7200,7.7300,7.7400,7.7500,7.7600,29,112,353,146,305,40,323,200,320,101
SZ,002337,2017-01-03 09:58:00,7.7200,2,7720.0000,10,B,7.7100,7.7000,7.6900,7.6800,7.6700,7.7200,7.7300,7.7400,7.7500,7.7600,29,112,353,146,305,30,323,200,320,101
SZ,002337,2017-01-03 09:58:03,7.7200,1,6948.0000,9,B,7.7100,7.7000,7.6900,7.6800,7.6700,7.7200,7.7300,7.7400,7.7500,7.7600,29,112,353,146,305,21,323,200,320,101
SZ,002337,2017-01-03 09:58:12,7.7200,2,6948.0000,9,B,7.7100,7.7000,7.6900,7.6800,7.6700,7.7200,7.7300,7.7400,7.7500,7.7600,89,112,353,146,305,42,323,200,320,101
SZ,002337,2017-01-03 09:58:18,7.7100,1,771.0000,1,S,7.7100,7.7000,7.6900,7.6800,7.6700,7.7200,7.7300,7.7400,7.7500,7.7600,88,112,353,146,305,43,323,200,320,101
SZ,002337,2017-01-03 09:58:30,7.7200,4,13124.0000,17,B,7.7100,7.7000,7.6900,7.6800,7.6700,7.7200,7.7300,7.7400,7.7500,7.7600,88,112,353,146,305,176,323,200,320,101
SZ,002337,2017-01-03 09:58:42,7.7100,2,1542.0000,2,S,7.7100,7.7000,7.6900,7.6800,7.6700,7.7200,7.7300,7.7400,7.7500,7.7600,188,162,353,146,305,175,323,220,320,101
SZ,002337,2017-01-03 09:58:45,7.7200,1,7720.0000,10,B,7.7100,7.7000,7.6900,7.6800,7.6700,7.7200,7.7300,7.7400,7.7500,7.7600,188,162,353,146,305,165,323,220,320,101
SZ,002337,2017-01-03 09:58:57,7.7200,2,14658.0000,19,B,7.7100,7.7000,7.6900,7.6800,7.6700,7.7200,7.7300,7.7400,7.7500,7.7600,178,174,353,146,305,156,323,220,330,101
SZ,002337,2017-01-03 09:59:00,7.7200,2,56356.0000,73,B,7.7100,7.7000,7.6900,7.6800,7.6700,7.7200,7.7300,7.7400,7.7500,7.7600,178,174,353,146,305,83,323,220,330,101
SZ,002337,2017-01-03 09:59:03,7.7200,2,64076.0000,83,B,7.7200,7.7100,7.7000,7.6900,7.6800,7.7300,7.7400,7.7500,7.7600,7.7700,17,178,174,353,146,323,220,330,101,264
SZ,002337,2017-01-03 09:59:06,7.7300,2,54883.0000,71,B,7.7200,7.7100,7.7000,7.6900,7.6800,7.7300,7.7400,7.7500,7.7600,7.7700,17,178,174,353,146,252,220,330,101,264
SZ,002337,2017-01-03 09:59:12,7.7300,2,10810.0000,14,B,7.7200,7.7100,7.7000,7.6900,7.6800,7.7300,7.7400,7.7500,7.7600,7.7700,5,178,174,353,146,250,220,330,111,264
SZ,002337,2017-01-03 09:59:18,7.7200,1,772.0000,1,S,7.7200,7.7100,7.7000,7.6900,7.6800,7.7300,7.7400,7.7500,7.7600,7.7700,14,180,174,353,146,250,220,330,111,264
SZ,002337,2017-01-03 09:59:21,7.7200,1,1544.0000,2,S,7.7200,7.7100,7.7000,7.6900,7.6800,7.7300,7.7400,7.7500,7.7600,7.7700,12,180,174,353,146,250,220,330,111,264
SZ,002337,2017-01-03 09:59:30,7.7300,2,8503.0000,11,B,7.7200,7.7100,7.7000,7.6900,7.6800,7.7300,7.7400,7.7500,7.7600,7.7700,12,180,174,353,146,249,215,330,111,264
SZ,002337,2017-01-03 09:59:42,7.7300,2,9276.0000,12,B,7.7200,7.7100,7.7000,7.6900,7.6800,7.7300,7.7400,7.7500,7.7600,7.7700,12,220,191,353,146,267,235,330,111,299
SZ,002337,2017-01-03 09:59:48,7.7200,1,1544.0000,2,S,7.7100,7.7000,7.6900,7.6800,7.6700,7.7200,7.7300,7.7400,7.7500,7.7600,220,191,353,146,305,223,267,235,330,111
SZ,002337,2017-01-03 10:00:00,7.7100,8,161148.0000,209,S,7.7100,7.7000,7.6900,7.6800,7.6700,7.7200,7.7300,7.7400,7.7500,7.7600,20,191,353,146,305,218,258,235,330,111
SZ,002337,2017-01-03 10:00:03,7.7200,4,9254.0000,12,B,7.7100,7.7000,7.6900,7.6800,7.6700,7.7200,7.7300,7.7400,7.7500,7.7600,10,191,353,146,305,216,258,235,330,111
SZ,002337,2017-01-03 10:00:06,7.7100,1,7710.0000,10,S,7.7000,7.6900,7.6800,7.6700,7.6600,7.7100,7.7200,7.7300,7.7400,7.7500,191,353,146,305,156,90,216,258,235,330
SZ,002337,2017-01-03 10:00:15,7.7100,1,7710.0000,10,B,7.7000,7.6900,7.6800,7.6700,7.6600,7.7100,7.7200,7.7300,7.7400,7.7500,191,353,146,305,156,80,216,268,235,330
SZ,002337,2017-01-03 10:00:18,7.7100,2,31610.0000,41,B,7.7000,7.6900,7.6800,7.6700,7.6600,7.7100,7.7200,7.7300,7.7400,7.7500,190,253,146,305,156,70,216,268,235,330
SZ,002337,2017-01-03 10:00:21,7.7100,1,2313.0000,3,B,7.7000,7.6900,7.6800,7.6700,7.6600,7.7100,7.7200,7.7300,7.7400,7.7500,190,253,146,305,156,67,216,268,235,330
SZ,002337,2017-01-03 10:00:27,7.7100,1,6939.0000,9,B,7.7000,7.6900,7.6800,7.6700,7.6600,7.7100,7.7200,7.7300,7.7400,7.7500,190,253,146,305,156,58,212,268,235,331
SZ,002337,2017-01-03 10:00:30,7.7100,2,44718.0000,58,B,7.7100,7.7000,7.6900,7.6800,7.6700,7.7200,7.7300,7.7400,7.7500,7.7600,15,190,253,146,305,212,268,235,331,111
SZ,002337,2017-01-03 10:00:36,7.7100,1,7710.0000,10,S,7.7100,7.7000,7.6900,7.6800,7.6700,7.7200,7.7300,7.7400,7.7500,7.7600,105,190,253,146,305,212,268,235,331,111
SZ,002337,2017-01-03 10:00:39,7.7100,1,771.0000,1,S,7.7100,7.7000,7.6900,7.6800,7.6700,7.7200,7.7300,7.7400,7.7500,7.7600,104,190,253,146,305,212,268,235,331,111
SZ,002337,2017-01-03 10:00:45,7.7200,1,6948.0000,9,B,7.7100,7.7000,7.6900,7.6800,7.6700,7.7200,7.7300,7.7400,7.7500,7.7600,333,190,253,146,305,203,268,235,331,111
SZ,002337,2017-01-03 10:00:54,7.7100,2,23130.0000,30,S,7.7100,7.7000,7.6900,7.6800,7.6700,7.7200,7.7300,7.7400,7.7500,7.7600,304,190,253,146,305,207,268,235,331,111
SZ,002337,2017-01-03 10:01:00,7.7200,1,7720.0000,10,B,7.7100,7.7000,7.6900,7.6800,7.6700,7.7200,7.7300,7.7400,7.7500,7.7600,304,190,253,146,305,197,268,235,331,111
SZ,002337,2017-01-03 10:01:15,7.7200,2,13124.0000,17,B,7.7100,7.7000,7.6900,7.6800,7.6700,7.7200,7.7300,7.7400,7.7500,7.7600,304,210,253,146,305,210,268,235,311,111
SZ,002337,2017-01-03 10:01:18,7.7100,1,1542.0000,2,S,7.7100,7.7000,7.6900,7.6800,7.6700,7.7200,7.7300,7.7400,7.7500,7.7600,302,239,253,146,305,210,268,235,311,111
SZ,002337,2017-01-03 10:01:24,7.7100,1,7710.0000,10,S,7.7100,7.7000,7.6900,7.6800,7.6700,7.7200,7.7300,7.7400,7.7500,7.7600,292,239,253,146,305,206,268,235,311,111
SZ,002337,2017-01-03 10:01:27,7.7200,2,8491.0000,11,B,7.7100,7.7000,7.6900,7.6800,7.6700,7.7200,7.7300,7.7400,7.7500,7.7600,291,239,253,146,305,196,268,235,311,111
SZ,002337,2017-01-03 10:01:30,7.7200,1,5404.0000,7,B,7.7100,7.7000,7.6900,7.6800,7.6700,7.7200,7.7300,7.7400,7.7500,7.7600,291,239,253,146,305,189,268,235,311,111
SZ,002337,2017-01-03 10:01:36,7.7200,1,11580.0000,15,B,7.7100,7.7000,7.6900,7.6800,7.6700,7.7200,7.7300,7.7400,7.7500,7.7600,291,239,253,146,305,174,268,235,311,121
SZ,002337,2017-01-03 10:01:42,7.7200,5,92540.0000,120,B,7.7100,7.7000,7.6900,7.6800,7.6700,7.7200,7.7300,7.7400,7.7500,7.7600,191,239,253,146,305,154,268,235,311,121
SZ,002337,2017-01-03 10:01:45,7.7200,1,6948.0000,9,B,7.7100,7.7000,7.6900,7.6800,7.6700,7.7200,7.7300,7.7400,7.7500,7.7600,191,239,253,146,305,145,268,235,311,121
SZ,002337,2017-01-03 10:01:51,7.7200,1,3860.0000,5,B,7.7100,7.7000,7.6900,7.6800,7.6700,7.7200,7.7300,7.7400,7.7500,7.7600,197,239,253,146,305,140,268,235,311,121
SZ,002337,2017-01-03 10:01:57,7.7200,2,19300.0000,25,B,7.7100,7.7000,7.6900,7.6800,7.6700,7.7200,7.7300,7.7400,7.7500,7.7600,197,222,248,146,305,128,268,235,312,121
SZ,002337,2017-01-03 10:02:03,7.7200,1,44776.0000,58,B,7.7100,7.7000,7.6900,7.6800,7.6700,7.7200,7.7300,7.7400,7.7500,7.7600,197,222,248,146,305,70,268,235,312,121
SZ,002337,2017-01-03 10:02:06,7.7100,1,771.0000,1,S,7.7100,7.7000,7.6900,7.6800,7.6700,7.7200,7.7300,7.7400,7.7500,7.7600,196,222,248,146,303,70,268,235,312,121
SZ,002337,2017-01-03 10:02:12,7.7100,1,3855.0000,5,S,7.7100,7.7000,7.6900,7.6800,7.6700,7.7200,7.7300,7.7400,7.7500,7.7600,191,222,248,146,303,70,268,235,312,121
SZ,002337,2017-01-03 10:02:15,7.7200,2,6948.0000,9,B,7.7100,7.7000,7.6900,7.6800,7.6700,7.7200,7.7300,7.7400,7.7500,7.7600,196,222,248,146,303,61,268,235,312,121
SZ,002337,2017-01-03 10:02:18,7.7100,1,771.0000,1,S,7.7100,7.7000,7.6900,7.6800,7.6700,7.7200,7.7300,7.7400,7.7500,7.7600,195,222,248,146,303,61,268,235,312,121
SZ,002337,2017-01-03 10:02:21,7.7200,4,47092.0000,61,B,7.7200,7.7100,7.7000,7.6900,7.6800,7.7300,7.7400,7.7500,7.7600,7.7700,11,195,222,248,146,268,235,312,121,249
SZ,002337,2017-01-03 10:02:27,7.7200,1,8492.0000,11,S,7.7100,7.7000,7.6900,7.6800,7.6700,7.7200,7.7300,7.7400,7.7500,7.7600,195,222,248,146,303,19,268,235,312,121
SZ,002337,2017-01-03 10:02:30,7.7200,1,7720.0000,10,B,7.7100,7.7000,7.6900,7.6800,7.6700,7.7200,7.7300,7.7400,7.7500,7.7600,195,222,248,146,303,9,268,235,312,121
SZ,002337,2017-01-03 10:02:36,7.7200,1,772.0000,1,B,7.7100,7.7000,7.6900,7.6800,7.6700,7.7200,7.7300,7.7400,7.7500,7.7600,195,222,248,146,303,8,268,235,332,121
SZ,002337,2017-01-03 10:02:45,7.7200,2,6948.0000,9,B,7.7100,7.7000,7.6900,7.6800,7.6700,7.7200,7.7300,7.7400,7.7500,7.7600,195,222,248,146,303,14,268,235,332,121
SZ,002337,2017-01-03 10:02:57,7.7200,2,7719.0000,10,B,7.7100,7.7000,7.6900,7.6800,7.6700,7.7200,7.7300,7.7400,7.7500,7.7600,194,222,248,146,312,36,268,320,332,121
SZ,002337,2017-01-03 10:03:03,7.7200,4,43232.0000,56,B,7.7100,7.7000,7.6900,7.6800,7.6700,7.7200,7.7300,7.7400,7.7500,7.7600,194,242,248,146,312,30,268,320,332,121
SZ,002337,2017-01-03 10:03:15,7.7200,1,7720.0000,10,B,7.7100,7.7000,7.6900,7.6800,7.6700,7.7200,7.7300,7.7400,7.7500,7.7600,194,242,248,160,312,50,268,235,417,121
SZ,002337,2017-01-03 10:03:18,7.7100,2,5397.0000,7,S,7.7100,7.7000,7.6900,7.6800,7.6700,7.7200,7.7300,7.7400,7.7500,7.7600,187,242,248,160,312,50,268,235,417,121
SZ,002337,2017-01-03 10:03:24,7.7100,1,1542.0000,2,S,7.7100,7.7000,7.6900,7.6800,7.6700,7.7200,7.7300,7.7400,7.7500,7.7600,185,242,248,160,312,50,268,235,417,121
SZ,002337,2017-01-03 10:03:30,7.7200,1,6948.0000,9,B,7.7100,7.7000,7.6900,7.6800,7.6700,7.7200,7.7300,7.7400,7.7500,7.7600,235,242,248,160,312,41,268,235,417,121
SZ,002337,2017-01-03 10:03:33,7.7100,1,771.0000,1,S,7.7100,7.7000,7.6900,7.6800,7.6700,7.7200,7.7300,7.7400,7.7500,7.7600,234,242,248,160,312,41,268,235,417,121
SZ,002337,2017-01-03 10:03:36,7.7200,3,31652.0000,41,B,7.7200,7.7100,7.7000,7.6900,7.6800,7.7300,7.7400,7.7500,7.7600,7.7700,43,234,242,248,160,268,235,417,121,334
SZ,002337,2017-01-03 10:03:42,7.7300,1,7730.0000,10,B,7.7200,7.7100,7.7000,7.6900,7.6800,7.7300,7.7400,7.7500,7.7600,7.7700,67,244,242,248,160,258,235,417,121,334
SZ,002337,2017-01-03 10:03:57,7.7300,3,66465.0000,86,B,7.7200,7.7100,7.7000,7.6900,7.6800,7.7300,7.7400,7.7500,7.7600,7.7700,54,244,242,248,160,185,235,417,121,334
SZ,002337,2017-01-03 10:04:00,7.7200,2,14677.0000,19,S,7.7200,7.7100,7.7000,7.6900,7.6800,7.7300,7.7400,7.7500,7.7600,7.7700,44,244,242,248,160,176,235,417,121,334
SZ,002337,2017-01-03 10:04:03,7.7200,2,10809.0000,14,S,7.7200,7.7100,7.7000,7.6900,7.6800,7.7300,7.7400,7.7500,7.7600,7.7700,31,244,242,248,160,175,235,417,121,334
SZ,002337,2017-01-03 10:04:06,7.7300,1,1546.0000,2,B,7.7200,7.7100,7.7000,7.6900,7.6800,7.7300,7.7400,7.7500,7.7600,7.7700,31,244,242,248,160,173,235,417,121,334
SZ,002337,2017-01-03 10:04:12,7.7300,1,7730.0000,10,B,7.7200,7.7100,7.7000,7.6900,7.6800,7.7300,7.7400,7.7500,7.7600,7.7700,7,244,242,248,160,163,235,417,121,334
SZ,002337,2017-01-03 10:04:15,7.7200,1,5404.0000,7,S,7.7100,7.7000,7.6900,7.6800,7.6700,7.7200,7.7300,7.7400,7.7500,7.7600,244,242,248,160,312,43,163,235,417,121
SZ,002337,2017-01-03 10:04:18,7.7100,1,1542.0000,2,S,7.7100,7.7000,7.6900,7.6800,7.6700,7.7200,7.7300,7.7400,7.7500,7.7600,242,242,248,160,312,43,163,235,417,121
SZ,002337,2017-01-03 10:04:27,7.7200,1,1544.0000,2,B,7.7100,7.7000,7.6900,7.6800,7.6700,7.7200,7.7300,7.7400,7.7500,7.7600,242,242,248,160,312,106,183,235,417,121
SZ,002337,2017-01-03 10:04:30,7.7200,1,6948.0000,9,B,7.7100,7.7000,7.6900,7.6800,7.6700,7.7200,7.7300,7.7400,7.7500,7.7600,242,242,248,160,312,147,183,235,417,121
SZ,002337,2017-01-03 10:04:33,7.7200,1,20072.0000,26,B,7.7100,7.7000,7.6900,7.6800,7.6700,7.7200,7.7300,7.7400,7.7500,7.7600,242,242,248,160,312,121,183,235,417,121
SZ,002337,2017-01-03 10:04:42,7.7200,3,27020.0000,35,B,7.7100,7.7000,7.6900,7.6800,7.6700,7.7200,7.7300,7.7400,7.7500,7.7600,242,242,248,160,312,121,185,235,417,121
SZ,002337,2017-01-03 10:04:48,7.7200,2,10036.0000,13,B,7.7100,7.7000,7.6900,7.6800,7.6700,7.7200,7.7300,7.7400,7.7500,7.7600,242,242,248,160,312,132,185,235,417,121
SZ,002337,2017-01-03 10:04:51,7.7200,2,20072.0000,26,B,7.7100,7.7000,7.6900,7.6800,7.6700,7.7200,7.7300,7.7400,7.7500,7.7600,242,242,248,160,312,106,185,235,417,121
SZ,002337,2017-01-03 10:05:00,7.7200,2,27792.0000,36,B,7.7100,7.7000,7.6900,7.6800,7.6700,7.7200,7.7300,7.7400,7.7500,7.7600,242,182,248,160,312,70,195,235,417,121
SZ,002337,2017-01-03 10:05:15,7.7100,4,23152.0000,30,S,7.7100,7.7000,7.6900,7.6800,7.6700,7.7200,7.7300,7.7400,7.7500,7.7600,234,182,248,160,312,48,195,235,417,121
SZ,002337,2017-01-03 10:05:18,7.7200,5,50180.0000,65,B,7.7200,7.7100,7.7000,7.6900,7.6800,7.7300,7.7400,7.7500,7.7600,7.7700,4,234,182,248,160,195,235,417,121,334
SZ,002337,2017-01-03 10:05:21,7.7300,4,30915.0000,40,B,7.7100,7.7000,7.6900,7.6800,7.6700,7.7300,7.7400,7.7500,7.7600,7.7700,234,182,248,160,312,160,235,417,121,334
SZ,002337,2017-01-03 10:05:33,7.7300,6,76527.0000,99,B,7.7200,7.7100,7.7000,7.6900,7.6800,7.7300,7.7400,7.7500,7.7600,7.7700,10,234,182,248,160,61,235,407,121,339
SZ,002337,2017-01-03 10:05:42,7.7200,2,23160.0000,30,S,7.7100,7.7000,7.6900,7.6800,7.6700,7.7200,7.7300,7.7400,7.7500,7.7600,234,182,248,160,317,20,61,235,407,121
SZ,002337,2017-01-03 10:05:45,7.7200,1,6948.0000,9,B,7.7100,7.7000,7.6900,7.6800,7.6700,7.7200,7.7300,7.7400,7.7500,7.7600,234,182,248,160,317,11,61,235,407,121
SZ,002337,2017-01-03 10:05:57,7.7200,1,7720.0000,10,B,7.7100,7.7000,7.6900,7.6800,7.6700,7.7200,7.7300,7.7400,7.7500,7.7600,234,182,249,160,317,1,84,235,407,121
SZ,002337,2017-01-03 10:06:15,7.7200,3,10808.0000,14,B,7.7100,7.7000,7.6900,7.6800,7.6700,7.7200,7.7300,7.7400,7.7500,7.7600,234,174,249,160,317,7,84,235,407,121
SZ,002337,2017-01-03 10:06:18,7.7200,1,5404.0000,7,B,7.7200,7.7100,7.7000,7.6900,7.6800,7.7300,7.7400,7.7500,7.7600,7.7700,13,234,174,249,160,84,235,407,121,359
SZ,002337,2017-01-03 10:06:30,7.7300,1,7730.0000,10,B,7.7200,7.7100,7.7000,7.6900,7.6800,7.7300,7.7400,7.7500,7.7600,7.7700,48,234,174,249,160,74,181,407,141,359
SZ,002337,2017-01-03 10:06:36,7.7200,3,37056.0000,48,S,7.7100,7.7000,7.6900,7.6800,7.6700,7.7200,7.7300,7.7400,7.7500,7.7600,234,174,249,160,317,2,74,181,407,141
SZ,002337,2017-01-03 10:06:39,7.7200,2,3860.0000,5,B,7.7100,7.7000,7.6900,7.6800,7.6700,7.7200,7.7300,7.7400,7.7500,7.7600,234,174,249,160,317,17,84,181,407,141
SZ,002337,2017-01-03 10:06:42,7.7200,1,6948.0000,9,B,7.7100,7.7000,7.6900,7.6800,7.6700,7.7200,7.7300,7.7400,7.7500,7.7600,234,174,249,160,317,9,84,181,407,141
SZ,002337,2017-01-03 10:06:51,7.7200,4,33968.0000,44,B,7.7100,7.7000,7.6900,7.6800,7.6700,7.7200,7.7300,7.7400,7.7500,7.7600,294,174,249,160,317,70,84,181,407,91
SZ,002337,2017-01-03 10:06:57,7.7200,1,6948.0000,9,B,7.7100,7.7000,7.6900,7.6800,7.6700,7.7200,7.7300,7.7400,7.7500,7.7600,294,174,249,160,317,65,84,181,407,91
SZ,002337,2017-01-03 10:07:00,7.7200,2,50180.0000,65,B,7.7200,7.7100,7.7000,7.6900,7.6800,7.7300,7.7400,7.7500,7.7600,7.7700,40,294,174,249,160,84,181,407,91,359
SZ,002337,2017-01-03 10:07:09,7.7300,4,30920.0000,40,B,7.7200,7.7100,7.7000,7.6900,7.6800,7.7300,7.7400,7.7500,7.7600,7.7700,40,294,174,249,160,44,181,407,91,359
SZ,002337,2017-01-03 10:07:12,7.7300,5,16998.0000,22,B,7.7200,7.7100,7.7000,7.6900,7.6800,7.7300,7.7400,7.7500,7.7600,7.7700,32,294,174,249,160,30,181,407,91,359
SZ,002337,2017-01-03 10:07:18,7.7200,6,22415.0000,29,S,7.7200,7.7100,7.7000,7.6900,7.6800,7.7300,7.7400,7.7500,7.7600,7.7700,30,294,174,249,160,57,181,407,91,359
SZ,002337,2017-01-03 10:07:21,7.7300,3,10822.0000,14,B,7.7200,7.7100,7.7000,7.6900,7.6800,7.7300,7.7400,7.7500,7.7600,7.7700,30,294,174,249,160,43,181,407,91,359
SZ,002337,2017-01-03 10:07:24,7.7300,7,94999.0000,123,B,7.7300,7.7100,7.7000,7.6900,7.6800,7.7400,7.7500,7.7600,7.7700,7.7800,54,132,174,249,160,181,407,91,359,417
SZ,002337,2017-01-03 10:07:30,7.7400,2,17015.0000,22,B,7.7300,7.7100,7.7000,7.6900,7.6800,7.7400,7.7500,7.7600,7.7700,7.7800,57,132,174,249,160,172,407,91,359,417
SZ,002337,2017-01-03 10:07:36,7.7300,1,3092.0000,4,S,7.7300,7.7100,7.7000,7.6900,7.6800,7.7400,7.7500,7.7600,7.7700,7.7800,53,132,525,249,160,172,407,91,359,417
SZ,002337,2017-01-03 10:07:42,7.7400,1,7740.0000,10,B,7.7300,7.7100,7.7000,7.6900,7.6800,7.7400,7.7500,7.7600,7.7700,7.7800,53,132,525,249,160,162,407,91,359,417
SZ,002337,2017-01-03 10:07:45,7.7400,3,26316.0000,34,B,7.7300,7.7100,7.7000,7.6900,7.6800,7.7400,7.7500,7.7600,7.7700,7.7800,53,132,525,249,160,128,407,91,359,417
SZ,002337,2017-01-03 10:07:48,7.7400,1,6966.0000,9,B,7.7300,7.7100,7.7000,7.6900,7.6800,7.7400,7.7500,7.7600,7.7700,7.7800,53,132,525,249,160,120,407,91,359,417
SZ,002337,2017-01-03 10:07:51,7.7300,1,7730.0000,10,S,7.7300,7.7200,7.7100,7.7000,7.6900,7.7400,7.7500,7.7600,7.7700,7.7800,48,30,132,525,249,120,407,91,359,417
SZ,002337,2017-01-03 10:08:00,7.7400,1,6966.0000,9,B,7.7300,7.7200,7.7100,7.7000,7.6900,7.7400,7.7500,7.7600,7.7700,7.7800,39,30,132,525,249,111,412,91,359,417
SZ,002337,2017-01-03 10:08:12,7.7400,3,40248.0000,52,B,7.7300,7.7200,7.7100,7.7000,7.6900,7.7400,7.7500,7.7600,7.7700,7.7800,32,30,132,525,249,59,412,91,359,417
SZ,002337,2017-01-03 10:08:15,7.7300,1,4638.0000,6,S,7.7300,7.7200,7.7100,7.7000,7.6900,7.7400,7.7500,7.7600,7.7700,7.7800,44,30,192,525,249,59,412,91,359,417
SZ,002337,2017-01-03 10:08:18,7.7300,2,2320.0000,3,S,7.7300,7.7200,7.7100,7.7000,7.6900,7.7400,7.7500,7.7600,7.7700,7.7800,42,30,192,525,249,58,412,91,359,417
SZ,002337,2017-01-03 10:08:21,7.7400,2,12384.0000,16,B,7.7300,7.7200,7.7100,7.7000,7.6900,7.7400,7.7500,7.7600,7.7700,7.7800,42,30,192,525,249,62,412,91,359,417
SZ,002337,2017-01-03 10:08:27,7.7400,4,25542.0000,33,B,7.7300,7.7200,7.7100,7.7000,7.6900,7.7400,7.7500,7.7600,7.7700,7.7800,42,33,192,525,249,79,412,91,359,417
SZ,002337,2017-01-03 10:08:36,7.7400,5,45662.0000,59,B,7.7300,7.7200,7.7100,7.7000,7.6900,7.7400,7.7500,7.7600,7.7700,7.7800,38,33,192,525,249,34,349,91,359,417
SZ,002337,2017-01-03 10:08:42,7.7400,1,6966.0000,9,B,7.7300,7.7200,7.7100,7.7000,7.6900,7.7400,7.7500,7.7600,7.7700,7.7800,38,33,192,541,249,27,349,91,359,417
SZ,002337,2017-01-03 10:08:45,7.7400,3,20898.0000,27,B,7.7400,7.7300,7.7200,7.7100,7.7000,7.7500,7.7600,7.7700,7.7800,7.7900,33,38,33,192,541,349,91,359,417,301
SZ,002337,2017-01-03 10:08:51,7.7400,2,28638.0000,37,S,7.7300,7.7200,7.7100,7.7000,7.6900,7.7400,7.7500,7.7600,7.7700,7.7800,38,33,192,541,249,18,349,91,359,417
SZ,002337,2017-01-03 10:08:57,7.7400,3,14706.0000,19,B,7.7400,7.7300,7.7200,7.7100,7.7000,7.7500,7.7600,7.7700,7.7800,7.7900,54,38,33,192,541,349,91,359,417,301
SZ,002337,2017-01-03 10:09:00,7.7400,1,41796.0000,54,S,7.7400,7.7300,7.7200,7.7100,7.7000,7.7500,7.7600,7.7700,7.7800,7.7900,15,38,33,202,541,349,91,409,417,301
SZ,002337,2017-01-03 10:09:12,7.7500,1,6975.0000,9,B,7.7400,7.7300,7.7200,7.7100,7.7000,7.7500,7.7600,7.7700,7.7800,7.7900,49,38,133,202,570,340,91,409,417,301
SZ,002337,2017-01-03 10:09:15,7.7400,2,7740.0000,10,S,7.7400,7.7300,7.7200,7.7100,7.7000,7.7500,7.7600,7.7700,7.7800,7.7900,39,38,133,202,570,340,92,410,417,301
SZ,002337,2017-01-03 10:09:18,7.7400,1,774.0000,1,S,7.7400,7.7300,7.7200,7.7100,7.7000,7.7500,7.7600,7.7700,7.7800,7.7900,38,38,133,202,570,340,92,410,417,301
SZ,002337,2017-01-03 10:09:21,7.7400,2,10836.0000,14,S,7.7400,7.7300,7.7200,7.7100,7.7000,7.7500,7.7600,7.7700,7.7800,7.7900,24,38,133,202,570,340,92,410,417,301
SZ,002337,2017-01-03 10:09:27,7.7500,2,7750.0000,10,B,7.7400,7.7300,7.7200,7.7100,7.7000,7.7500,7.7600,7.7700,7.7800,7.7900,24,73,133,202,570,330,97,410,417,301
SZ,002337,2017-01-03 10:09:42,7.7400,2,25542.0000,33,S,7.7300,7.7200,7.7100,7.7000,7.6900,7.7400,7.7500,7.7600,7.7700,7.7800,73,133,202,570,249,207,335,101,410,377
SZ,002337,2017-01-03 10:09:48,7.7400,1,10062.0000,13,B,7.7300,7.7200,7.7100,7.7000,7.6900,7.7400,7.7500,7.7600,7.7700,7.7800,73,133,142,570,249,194,335,101,410,377
SZ,002337,2017-01-03 10:09:54,7.7400,1,26316.0000,34,B,7.7300,7.7200,7.7100,7.7000,7.6900,7.7400,7.7500,7.7600,7.7700,7.7800,101,133,142,575,249,160,337,81,410,377
SZ,002337,2017-01-03 10:10:00,7.7400,1,7740.0000,10,B,7.7300,7.7200,7.7100,7.7000,7.6900,7.7400,7.7500,7.7600,7.7700,7.7800,123,133,142,575,249,150,332,81,410,377
SZ,002337,2017-01-03 10:10:03,7.7400,5,85903.0000,111,B,7.7300,7.7200,7.7100,7.7000,7.6900,7.7400,7.7500,7.7600,7.7700,7.7800,112,133,142,575,249,59,332,81,410,377
SZ,002337,2017-01-03 10:10:12,7.7400,2,15480.0000,20,B,7.7300,7.7200,7.7100,7.7000,7.6900,7.7400,7.7500,7.7600,7.7700,7.7800,112,133,142,575,249,39,332,76,410,379
SZ,002337,2017-01-03 10:10:18,7.7300,2,1547.0000,2,S,7.7300,7.7200,7.7100,7.7000,7.6900,7.7400,7.7500,7.7600,7.7700,7.7800,111,133,142,575,249,38,332,76,410,379
SZ,002337,2017-01-03 10:10:21,7.7400,2,3096.0000,4,B,7.7300,7.7200,7.7100,7.7000,7.6900,7.7400,7.7500,7.7600,7.7700,7.7800,111,133,142,575,249,34,303,76,410,379
SZ,002337,2017-01-03 10:10:30,7.7400,2,6966.0000,9,B,7.7400,7.7300,7.7200,7.7100,7.7000,7.7500,7.7600,7.7700,7.7800,7.7900,108,111,133,142,575,303,76,410,379,314
SZ,002337,2017-01-03 10:10:36,7.7400,3,83592.0000,108,S,7.7300,7.7200,7.7100,7.7000,7.6900,7.7400,7.7500,7.7600,7.7700,7.7800,111,133,142,575,249,42,303,76,410,379
SZ,002337,2017-01-03 10:10:42,7.7400,3,33282.0000,43,B,7.7300,7.7200,7.7100,7.7000,7.6900,7.7400,7.7500,7.7600,7.7700,7.7800,161,133,146,575,249,234,303,76,410,442
SZ,002337,2017-01-03 10:10:48,7.7400,1,3096.0000,4,B,7.7300,7.7200,7.7100,7.7000,7.6900,7.7400,7.7500,7.7600,7.7700,7.7800,161,133,146,577,249,238,303,76,410,442
SZ,002337,2017-01-03 10:10:57,7.7400,1,6966.0000,9,B,7.7300,7.7200,7.7100,7.7000,7.6900,7.7400,7.7500,7.7600,7.7700,7.7800,161,133,146,577,249,221,308,76,410,442
SZ,002337,2017-01-03 10:11:00,7.7400,2,10828.0000,14,B,7.7300,7.7200,7.7100,7.7000,7.6900,7.7400,7.7500,7.7600,7.7700,7.7800,153,133,146,577,249,225,318,76,410,442
SZ,002337,2017-01-03 10:11:06,7.7400,1,26316.0000,34,B,7.7300,7.7200,7.7100,7.7000,7.6900,7.7400,7.7500,7.7600,7.7700,7.7800,153,133,146,577,249,191,318,76,410,442
SZ,002337,2017-01-03 10:11:12,7.7400,1,7740.0000,10,B,7.7300,7.7200,7.7100,7.7000,7.6900,7.7400,7.7500,7.7600,7.7700,7.7800,153,133,162,579,249,181,318,76,410,442
SZ,002337,2017-01-03 10:11:18,7.7300,3,18575.0000,24,S,7.7300,7.7200,7.7100,7.7000,7.6900,7.7400,7.7500,7.7600,7.7700,7.7800,212,133,162,579,249,168,318,76,410,442
SZ,002337,2017-01-03 10:11:21,7.7400,1,774.0000,1,B,7.7300,7.7200,7.7100,7.7000,7.6900,7.7400,7.7500,7.7600,7.7700,7.7800,212,133,162,579,249,167,318,76,410,442
SZ,002337,2017-01-03 10:11:30,7.7400,2,33282.0000,43,B,7.7300,7.7200,7.7100,7.7000,7.6900,7.7400,7.7500,7.7600,7.7700,7.7800,212,133,162,579,249,124,318,76,410,442
SZ,002337,2017-01-03 10:11:36,7.7300,2,3865.0000,5,S,7.7300,7.7200,7.7100,7.7000,7.6900,7.7400,7.7500,7.7600,7.7700,7.7800,257,133,162,579,249,134,318,76,410,442
SZ,002337,2017-01-03 10:11:42,7.7300,4,67251.0000,87,S,7.7300,7.7200,7.7100,7.7000,7.6900,7.7400,7.7500,7.7600,7.7700,7.7800,170,133,162,579,249,134,318,76,410,442
SZ,002337,2017-01-03 10:11:45,7.7300,2,11605.0000,15,S,7.7300,7.7200,7.7100,7.7000,7.6900,7.7400,7.7500,7.7600,7.7700,7.7800,182,133,162,579,249,124,318,106,410,442
SZ,002337,2017-01-03 10:11:54,7.7400,1,26316.0000,34,B,7.7300,7.7200,7.7100,7.7000,7.6900,7.7400,7.7500,7.7600,7.7700,7.7800,182,133,162,579,249,90,318,106,410,442
SZ,002337,2017-01-03 10:12:00,7.7400,1,6966.0000,9,B,7.7300,7.7200,7.7100,7.7000,7.6900,7.7400,7.7500,7.7600,7.7700,7.7800,182,133,162,579,249,93,318,106,410,442
SZ,002337,2017-01-03 10:12:06,7.7400,1,26316.0000,34,B,7.7300,7.7200,7.7100,7.7000,7.6900,7.7400,7.7500,7.7600,7.7700,7.7800,182,133,162,579,249,60,328,106,410,442
SZ,002337,2017-01-03 10:12:09,7.7400,7,46440.0000,60,B,7.7400,7.7300,7.7200,7.7100,7.7000,7.7500,7.7600,7.7700,7.7800,7.7900,12,182,133,162,579,328,106,410,442,314
SZ,002337,2017-01-03 10:12:12,7.7300,2,10061.0000,13,S,7.7400,7.7300,7.7200,7.7100,7.7000,7.7500,7.7600,7.7700,7.7800,7.7900,10,181,133,162,579,328,106,410,442,314
SZ,002337,2017-01-03 10:12:15,7.7500,2,6975.0000,9,B,7.7400,7.7300,7.7200,7.7100,7.7000,7.7500,7.7600,7.7700,7.7800,7.7900,24,181,133,162,579,319,106,410,442,314
SZ,002337,2017-01-03 10:12:18,7.7400,4,6193.0000,8,S,7.7400,7.7300,7.7200,7.7100,7.7000,7.7500,7.7600,7.7700,7.7800,7.7900,17,181,133,162,579,323,106,410,442,314
SZ,002337,2017-01-03 10:12:21,7.7500,1,775.0000,1,B,7.7400,7.7300,7.7200,7.7100,7.7000,7.7500,7.7600,7.7700,7.7800,7.7900,17,181,133,162,579,322,106,410,442,314
SZ,002337,2017-01-03 10:12:33,7.7500,5,33325.0000,43,B,7.7400,7.7300,7.7200,7.7100,7.7000,7.7500,7.7600,7.7700,7.7800,7.7900,76,432,185,162,574,279,106,410,442,314
SZ,002337,2017-01-03 10:12:36,7.7500,3,26350.0000,34,B,7.7400,7.7300,7.7200,7.7100,7.7000,7.7500,7.7600,7.7700,7.7800,7.7900,76,432,185,162,574,275,106,410,442,314
SZ,002337,2017-01-03 10:12:45,7.7500,2,6975.0000,9,B,7.7400,7.7300,7.7200,7.7100,7.7000,7.7500,7.7600,7.7700,7.7800,7.7900,73,432,185,162,574,266,106,410,457,314
SZ,002337,2017-01-03 10:13:00,7.7500,1,7750.0000,10,B,7.7400,7.7300,7.7200,7.7100,7.7000,7.7500,7.7600,7.7700,7.7800,7.7900,64,415,185,162,594,256,106,410,457,314
SZ,002337,2017-01-03 10:13:03,7.7400,3,41800.0000,54,S,7.7400,7.7300,7.7200,7.7100,7.7000,7.7500,7.7600,7.7700,7.7800,7.7900,14,415,185,162,594,252,106,410,457,314
SZ,002337,2017-01-03 10:13:15,7.7500,1,6975.0000,9,B,7.7400,7.7300,7.7200,7.7100,7.7000,7.7500,7.7600,7.7700,7.7800,7.7900,14,415,185,162,594,263,106,410,457,314
SZ,002337,2017-01-03 10:13:18,7.7400,1,1548.0000,2,S,7.7400,7.7300,7.7200,7.7100,7.7000,7.7500,7.7600,7.7700,7.7800,7.7900,12,415,185,162,594,263,106,410,457,323
SZ,002337,2017-01-03 10:13:30,7.7500,1,7750.0000,10,B,7.7400,7.7300,7.7200,7.7100,7.7000,7.7500,7.7600,7.7700,7.7800,7.7900,68,415,185,162,594,253,106,410,457,323
SZ,002337,2017-01-03 10:13:42,7.7500,2,14725.0000,19,B,7.7400,7.7300,7.7200,7.7100,7.7000,7.7500,7.7600,7.7700,7.7800,7.7900,148,415,185,162,594,237,156,410,457,323
SZ,002337,2017-01-03 10:13:45,7.7400,3,46449.0000,60,S,7.7400,7.7300,7.7200,7.7100,7.7000,7.7500,7.7600,7.7700,7.7800,7.7900,97,415,185,178,594,248,156,410,457,323
SZ,002337,2017-01-03 10:13:54,7.7500,8,81343.0000,105,B,7.7400,7.7300,7.7200,7.7100,7.7000,7.7500,7.7600,7.7700,7.7800,7.7900,97,415,185,178,594,177,206,410,462,323
SZ,002337,2017-01-03 10:13:57,7.7500,1,7750.0000,10,B,7.7400,7.7300,7.7200,7.7100,7.7000,7.7500,7.7600,7.7700,7.7800,7.7900,97,415,185,178,594,167,206,410,462,323
SZ,002337,2017-01-03 10:14:03,7.7500,2,3100.0000,4,B,7.7400,7.7300,7.7200,7.7100,7.7000,7.7500,7.7600,7.7700,7.7800,7.7900,97,415,185,178,594,163,206,410,462,323
SZ,002337,2017-01-03 10:14:15,7.7500,1,6975.0000,9,B,7.7400,7.7300,7.7200,7.7100,7.7000,7.7500,7.7600,7.7700,7.7800,7.7900,200,415,185,178,594,196,206,410,462,323
SZ,002337,2017-01-03 10:14:18,7.7400,2,4644.0000,6,S,7.7400,7.7300,7.7200,7.7100,7.7000,7.7500,7.7600,7.7700,7.7800,7.7900,194,415,185,178,596,196,206,410,462,323
SZ,002337,2017-01-03 10:14:27,7.7500,1,7750.0000,10,B,7.7400,7.7300,7.7200,7.7100,7.7000,7.7500,7.7600,7.7700,7.7800,7.7900,194,415,185,178,596,186,206,410,462,322
SZ,002337,2017-01-03 10:14:42,7.7500,1,6975.0000,9,B,7.7400,7.7300,7.7200,7.7100,7.7000,7.7500,7.7600,7.7700,7.7800,7.7900,194,415,185,178,596,195,206,410,462,322
SZ,002337,2017-01-03 10:14:45,7.7400,2,4648.0000,6,S,7.7400,7.7300,7.7200,7.7100,7.7000,7.7500,7.7600,7.7700,7.7800,7.7900,192,415,185,178,596,189,207,410,462,322
SZ,002337,2017-01-03 10:14:54,7.7400,1,7740.0000,10,S,7.7400,7.7300,7.7200,7.7100,7.7000,7.7500,7.7600,7.7700,7.7800,7.7900,182,416,185,178,580,189,207,410,462,322
SZ,002337,2017-01-03 10:14:57,7.7400,2,27864.0000,36,S,7.7400,7.7300,7.7200,7.7100,7.7000,7.7500,7.7600,7.7700,7.7800,7.7900,146,416,185,178,580,189,207,410,462,322
SZ,002337,2017-01-03 10:15:00,7.7500,3,14715.0000,19,B,7.7400,7.7300,7.7200,7.7100,7.7000,7.7500,7.7600,7.7700,7.7800,7.7900,186,432,185,178,580,180,207,410,462,322
SZ,002337,2017-01-03 10:15:03,7.7500,1,6200.0000,8,B,7.7400,7.7300,7.7200,7.7100,7.7000,7.7500,7.7600,7.7700,7.7800,7.7900,186,432,185,178,580,258,207,410,462,322
SZ,002337,2017-01-03 10:15:06,7.7400,2,7740.0000,10,S,7.7400,7.7300,7.7200,7.7100,7.7000,7.7500,7.7600,7.7700,7.7800,7.7900,176,432,185,178,580,258,207,410,462,322
SZ,002337,2017-01-03 10:15:12,7.7500,7,37936.0000,49,B,7.7400,7.7300,7.7200,7.7100,7.7000,7.7500,7.7600,7.7700,7.7800,7.7900,137,432,185,173,580,248,207,410,462,322
SZ,002337,2017-01-03 10:15:18,7.7400,2,16254.0000,21,S,7.7400,7.7300,7.7200,7.7100,7.7000,7.7500,7.7600,7.7700,7.7800,7.7900,116,432,187,173,580,273,207,410,462,322
SZ,002337,2017-01-03 10:15:21,7.7500,1,2325.0000,3,B,7.7400,7.7300,7.7200,7.7100,7.7000,7.7500,7.7600,7.7700,7.7800,7.7900,116,432,187,173,580,270,207,410,462,322
SZ,002337,2017-01-03 10:15:24,7.7400,1,4644.0000,6,S,7.7400,7.7300,7.7200,7.7100,7.7000,7.7500,7.7600,7.7700,7.7800,7.7900,110,432,187,173,580,270,207,410,462,322
SZ,002337,2017-01-03 10:15:27,7.7500,2,6975.0000,9,B,7.7400,7.7300,7.7200,7.7100,7.7000,7.7500,7.7600,7.7700,7.7800,7.7900,110,432,187,173,580,261,207,410,462,322
SZ,002337,2017-01-03 10:15:39,7.7500,6,56575.0000,73,B,7.7400,7.7300,7.7200,7.7100,7.7000,7.7500,7.7600,7.7700,7.7800,7.7900,110,432,187,173,580,202,207,410,462,322
SZ,002337,2017-01-03 10:15:45,7.7400,3,92890.0000,120,S,7.7300,7.7200,7.7100,7.7000,7.6900,7.7400,7.7500,7.7600,7.7700,7.7800,181,187,123,583,247,2,212,207,410,262
SZ,002337,2017-01-03 10:15:48,7.7300,5,31713.0000,41,S,7.7300,7.7200,7.7100,7.7000,7.6900,7.7500,7.7600,7.7700,7.7800,7.7900,160,187,123,583,247,212,207,410,262,322
SZ,002337,2017-01-03 10:16:03,7.7500,3,31000.0000,40,B,7.7400,7.7300,7.7200,7.7100,7.7000,7.7500,7.7600,7.7700,7.7800,7.7900,9,160,187,123,599,192,207,410,262,322
SZ,002337,2017-01-03 10:16:06,7.7400,1,6966.0000,9,S,7.7300,7.7200,7.7100,7.7000,7.6900,7.7400,7.7500,7.7600,7.7700,7.7800,160,187,123,599,247,14,192,215,410,262
SZ,002337,2017-01-03 10:16:15,7.7400,1,7740.0000,10,B,7.7300,7.7200,7.7100,7.7000,7.6900,7.7400,7.7500,7.7600,7.7700,7.7800,160,187,133,599,247,4,192,215,410,262
SZ,002337,2017-01-03 10:16:24,7.7300,2,47926.0000,62,S,7.7300,7.7200,7.7100,7.7000,7.6900,7.7400,7.7500,7.7600,7.7700,7.7800,98,187,133,599,247,14,393,215,410,262
SZ,002337,2017-01-03 10:16:30,7.7400,2,6966.0000,9,B,7.7300,7.7200,7.7100,7.7000,7.6900,7.7400,7.7500,7.7600,7.7700,7.7800,98,187,133,599,247,517,394,215,410,262
SZ,002337,2017-01-03 10:16:39,7.7300,5,81165.0000,105,S,7.7200,7.7100,7.7000,7.6900,7.6800,7.7300,7.7400,7.7500,7.7600,7.7700,187,133,599,247,160,22,658,424,215,410
SZ,002337,2017-01-03 10:16:42,7.7300,1,6957.0000,9,B,7.7200,7.7100,7.7000,7.6900,7.6800,7.7300,7.7400,7.7500,7.7600,7.7700,187,133,599,247,160,13,658,429,215,410
SZ,002337,2017-01-03 10:16:45,7.7300,2,12368.0000,16,B,7.7300,7.7200,7.7100,7.7000,7.6900,7.7400,7.7500,7.7600,7.7700,7.7800,94,187,133,599,247,658,429,215,410,247
SZ,002337,2017-01-03 10:16:48,7.7300,1,7730.0000,10,S,7.7300,7.7200,7.7100,7.7000,7.6900,7.7400,7.7500,7.7600,7.7700,7.7800,84,187,133,599,247,658,429,215,410,247
SZ,002337,2017-01-03 10:16:51,7.7300,2,3092.0000,4,S,7.7300,7.7200,7.7100,7.7000,7.6900,7.7400,7.7500,7.7600,7.7700,7.7800,81,187,133,248,247,658,429,215,410,247
SZ,002337,2017-01-03 10:16:54,7.7300,1,47926.0000,62,S,7.7300,7.7200,7.7100,7.7000,7.6900,7.7400,7.7500,7.7600,7.7700,7.7800,19,187,123,248,247,658,439,215,410,247
SZ,002337,2017-01-03 10:16:57,7.7400,2,7740.0000,10,B,7.7300,7.7200,7.7100,7.7000,7.6900,7.7400,7.7500,7.7600,7.7700,7.7800,19,187,123,248,247,650,439,215,410,247
SZ,002337,2017-01-03 10:17:09,7.7200,8,159051.0000,206,S,7.7100,7.7000,7.6900,7.6800,7.6700,7.7200,7.7300,7.7400,7.7500,7.7600,123,248,247,160,59,13,405,700,454,215
SZ,002337,2017-01-03 10:17:12,7.7100,3,8481.0000,11,S,7.7100,7.7000,7.6900,7.6800,7.6700,7.7200,7.7300,7.7400,7.7500,7.7600,112,248,247,160,59,13,405,700,454,215
SZ,002337,2017-01-03 10:17:15,7.7200,1,6948.0000,9,B,7.7100,7.7000,7.6900,7.6800,7.6700,7.7200,7.7300,7.7400,7.7500,7.7600,112,248,247,160,59,4,405,700,454,215
SZ,002337,2017-01-03 10:17:18,7.7200,2,2314.0000,3,B,7.7100,7.7000,7.6900,7.6800,7.6700,7.7200,7.7300,7.7400,7.7500,7.7600,110,248,247,160,59,3,405,700,484,215
SZ,002337,2017-01-03 10:17:21,7.7200,2,41688.0000,54,B,7.7200,7.7100,7.7000,7.6900,7.6800,7.7300,7.7400,7.7500,7.7600,7.7700,20,110,248,247,160,405,700,484,215,410
SZ,002337,2017-01-03 10:17:30,7.7200,2,10046.0000,13,S,7.7200,7.7100,7.7000,7.6900,7.6800,7.7300,7.7400,7.7500,7.7600,7.7700,19,110,248,247,160,395,700,293,215,410
SZ,002337,2017-01-03 10:17:36,7.7200,6,16987.0000,22,S,7.7100,7.7000,7.6900,7.6800,7.6700,7.7200,7.7300,7.7400,7.7500,7.7600,110,248,247,160,59,89,392,700,293,215
SZ,002337,2017-01-03 10:17:45,7.7200,2,20072.0000,26,B,7.7100,7.7000,7.6900,7.6800,7.6700,7.7200,7.7300,7.7400,7.7500,7.7600,110,248,247,160,59,66,583,700,293,215
SZ,002337,2017-01-03 10:17:57,7.7200,10,92531.0000,120,B,7.7100,7.7000,7.6900,7.6800,7.6700,7.7200,7.7300,7.7400,7.7500,7.7600,1,228,247,160,59,76,583,700,293,215
SZ,002337,2017-01-03 10:18:00,7.7100,1,771.0000,1,S,7.7000,7.6900,7.6800,7.6700,7.6600,7.7100,7.7200,7.7300,7.7400,7.7500,244,247,160,59,133,2,76,583,700,293
SZ,002337,2017-01-03 10:18:12,7.7100,1,771.0000,1,B,7.7000,7.6900,7.6800,7.6700,7.6600,7.7100,7.7200,7.7300,7.7400,7.7500,244,247,160,59,133,1,96,583,700,300
SZ,002337,2017-01-03 10:18:15,7.7100,2,1541.0000,2,B,7.7100,7.7000,7.6900,7.6800,7.6700,7.7200,7.7300,7.7400,7.7500,7.7600,79,243,247,160,59,96,583,700,300,215
SZ,002337,2017-01-03 10:18:18,7.7100,1,771.0000,1,S,7.7100,7.7000,7.6900,7.6800,7.6700,7.7200,7.7300,7.7400,7.7500,7.7600,79,243,247,160,59,96,583,700,300,215
SZ,002337,2017-01-03 10:18:21,7.7200,1,772.0000,1,B,7.7100,7.7000,7.6900,7.6800,7.6700,7.7200,7.7300,7.7400,7.7500,7.7600,79,243,247,160,59,95,583,700,300,215
SZ,002337,2017-01-03 10:18:24,7.7100,3,60909.0000,79,S,7.7000,7.6900,7.6800,7.6700,7.6600,7.7100,7.7200,7.7300,7.7400,7.7500,243,247,160,59,133,21,95,583,700,300
SZ,002337,2017-01-03 10:18:27,7.7100,2,16191.0000,21,B,7.7100,7.7000,7.6900,7.6800,7.6700,7.7200,7.7300,7.7400,7.7500,7.7600,7,243,247,160,59,95,583,700,305,215
SZ,002337,2017-01-03 10:18:30,7.7200,2,8492.0000,11,B,7.7100,7.7000,7.6900,7.6800,7.6700,7.7200,7.7300,7.7400,7.7500,7.7600,7,243,247,160,59,93,392,700,305,215
SZ,002337,2017-01-03 10:18:33,7.7100,1,5397.0000,7,S,7.7000,7.6900,7.6800,7.6700,7.6600,7.7100,7.7200,7.7300,7.7400,7.7500,246,259,160,59,133,171,93,392,700,305
SZ,002337,2017-01-03 10:18:45,7.7100,1,6939.0000,9,B,7.7000,7.6900,7.6800,7.6700,7.6600,7.7100,7.7200,7.7300,7.7400,7.7500,276,259,160,59,133,162,110,392,700,305
SZ,002337,2017-01-03 10:18:48,7.7100,1,55512.0000,72,B,7.7000,7.6900,7.6800,7.6700,7.6600,7.7100,7.7200,7.7300,7.7400,7.7500,276,259,183,59,133,90,110,392,700,305
SZ,002337,2017-01-03 10:18:51,7.7000,1,7700.0000,10,S,7.7000,7.6900,7.6800,7.6700,7.6600,7.7100,7.7200,7.7300,7.7400,7.7500,326,259,183,59,133,90,110,392,700,305
SZ,002337,2017-01-03 10:18:57,7.7100,1,30840.0000,40,B,7.7000,7.6900,7.6800,7.6700,7.6600,7.7100,7.7200,7.7300,7.7400,7.7500,336,259,183,59,133,50,122,392,700,306
SZ,002337,2017-01-03 10:19:00,7.7100,1,6939.0000,9,B,7.7000,7.6900,7.6800,7.6700,7.6600,7.7100,7.7200,7.7300,7.7400,7.7500,337,259,183,59,133,41,122,392,700,306
SZ,002337,2017-01-03 10:19:03,7.7100,1,3855.0000,5,B,7.7000,7.6900,7.6800,7.6700,7.6600,7.7100,7.7200,7.7300,7.7400,7.7500,337,259,183,59,133,36,122,392,700,306
SZ,002337,2017-01-03 10:19:09,7.7100,1,7710.0000,10,B,7.7000,7.6900,7.6800,7.6700,7.6600,7.7100,7.7200,7.7300,7.7400,7.7500,357,263,183,59,133,26,122,392,700,306
SZ,002337,2017-01-03 10:19:15,7.7100,1,7710.0000,10,B,7.7000,7.6900,7.6800,7.6700,7.6600,7.7100,7.7200,7.7300,7.7400,7.7500,357,263,183,59,133,16,122,392,700,306
SZ,002337,2017-01-03 10:19:18,7.7000,1,770.0000,1,S,7.7000,7.6900,7.6800,7.6700,7.6600,7.7100,7.7200,7.7300,7.7400,7.7500,356,263,183,59,133,16,122,392,700,306
SZ,002337,2017-01-03 10:19:24,7.7100,2,1542.0000,2,B,7.7000,7.6900,7.6800,7.6700,7.6600,7.7100,7.7200,7.7300,7.7400,7.7500,356,263,183,59,133,32,122,392,700,306
SZ,002337,2017-01-03 10:19:27,7.7100,2,2313.0000,3,B,7.7000,7.6900,7.6800,7.6700,7.6600,7.7100,7.7200,7.7300,7.7400,7.7500,356,263,183,59,133,33,122,392,700,306
SZ,002337,2017-01-03 10:19:30,7.7100,2,7710.0000,10,B,7.7000,7.6900,7.6800,7.6700,7.6600,7.7100,7.7200,7.7300,7.7400,7.7500,356,263,183,59,133,23,122,392,700,306
SZ,002337,2017-01-03 10:19:33,7.7100,3,17733.0000,23,B,7.7100,7.7000,7.6900,7.6800,7.6700,7.7200,7.7300,7.7400,7.7500,7.7600,1,356,263,193,59,125,392,700,306,276
SZ,002337,2017-01-03 10:19:39,7.7200,7,67936.0000,88,B,7.7100,7.7000,7.6900,7.6800,7.6700,7.7200,7.7300,7.7400,7.7500,7.7600,1,356,259,193,59,37,392,700,306,276
SZ,002337,2017-01-03 10:19:42,7.7200,2,7720.0000,10,B,7.7100,7.7000,7.6900,7.6800,7.6700,7.7200,7.7300,7.7400,7.7500,7.7600,1,356,259,193,59,27,392,700,306,276
SZ,002337,2017-01-03 10:19:51,7.7200,3,20844.0000,27,B,7.7200,7.7100,7.7000,7.6900,7.6800,7.7300,7.7400,7.7500,7.7600,7.7700,270,1,356,259,193,392,700,306,276,409
SZ,002337,2017-01-03 10:19:54,7.7300,1,43288.0000,56,B,7.7200,7.7100,7.7000,7.6900,7.6800,7.7300,7.7400,7.7500,7.7600,7.7700,270,1,356,259,193,336,700,306,276,409
SZ,002337,2017-01-03 10:20:03,7.7200,3,7720.0000,10,S,7.7200,7.7000,7.6900,7.6800,7.6700,7.7300,7.7400,7.7500,7.7600,7.7700,279,356,259,193,59,336,700,306,276,409
SZ,002337,2017-01-03 10:20:06,7.7200,1,7720.0000,10,S,7.7200,7.7000,7.6900,7.6800,7.6700,7.7300,7.7400,7.7500,7.7600,7.7700,269,356,259,193,59,336,698,306,276,409
SZ,002337,2017-01-03 10:20:12,7.7300,2,9276.0000,12,B,7.7200,7.7000,7.6900,7.6800,7.6700,7.7300,7.7400,7.7500,7.7600,7.7700,269,356,259,193,59,324,698,306,215,409
SZ,002337,2017-01-03 10:20:18,7.7200,1,772.0000,1,S,7.7200,7.7000,7.6900,7.6800,7.6700,7.7300,7.7400,7.7500,7.7600,7.7700,268,356,259,193,59,3,698,306,215,409
SZ,002337,2017-01-03 10:20:21,7.7300,1,2319.0000,3,B,7.7300,7.7200,7.7000,7.6900,7.6800,7.7400,7.7500,7.7600,7.7700,7.7800,1,268,356,259,193,698,306,215,409,248
SZ,002337,2017-01-03 10:20:24,7.7400,6,41002.0000,53,B,7.7200,7.7000,7.6900,7.6800,7.6700,7.7400,7.7500,7.7600,7.7700,7.7800,268,356,259,193,59,665,306,215,409,248
SZ,002337,2017-01-03 10:20:27,7.7400,4,59597.0000,77,B,7.7300,7.7200,7.7000,7.6900,7.6800,7.7400,7.7500,7.7600,7.7700,7.7800,7,268,360,259,193,589,306,215,409,248
SZ,002337,2017-01-03 10:20:30,7.7400,2,41796.0000,54,B,7.7300,7.7200,7.7000,7.6900,7.6800,7.7400,7.7500,7.7600,7.7700,7.7800,16,259,360,259,193,535,306,215,409,248
SZ,002337,2017-01-03 10:20:33,7.7400,2,56502.0000,73,B,7.7300,7.7200,7.7000,7.6900,7.6800,7.7400,7.7500,7.7600,7.7700,7.7800,16,259,360,259,193,462,306,215,409,248
SZ,002337,2017-01-03 10:20:36,7.7400,1,774.0000,1,B,7.7300,7.7200,7.7000,7.6900,7.6800,7.7400,7.7500,7.7600,7.7700,7.7800,16,259,360,259,193,461,306,215,409,248
SZ,002337,2017-01-03 10:20:39,7.7300,3,12368.0000,16,S,7.7200,7.7000,7.6900,7.6800,7.6700,7.7300,7.7400,7.7500,7.7600,7.7700,259,360,259,193,59,34,461,306,215,409
SZ,002337,2017-01-03 10:20:42,7.7400,2,56468.0000,73,B,7.7200,7.7000,7.6900,7.6800,7.6700,7.7400,7.7500,7.7600,7.7700,7.7800,259,360,259,193,59,422,306,215,409,753
SZ,002337,2017-01-03 10:20:45,7.7400,2,27090.0000,35,B,7.7200,7.7000,7.6900,7.6800,7.6700,7.7400,7.7500,7.7600,7.7700,7.7800,259,360,259,193,59,387,316,415,409,753
SZ,002337,2017-01-03 10:20:48,7.7300,1,4638.0000,6,S,7.7300,7.7200,7.7000,7.6900,7.6800,7.7400,7.7500,7.7600,7.7700,7.7800,10,259,360,259,193,387,316,415,409,753
SZ,002337,2017-01-03 10:20:51,7.7400,1,10836.0000,14,B,7.7300,7.7200,7.7000,7.6900,7.6800,7.7400,7.7500,7.7600,7.7700,7.7800,10,259,360,259,193,373,316,415,409,753
SZ,002337,2017-01-03 10:21:00,7.7400,1,7740.0000,10,B,7.7300,7.7200,7.7000,7.6900,7.6800,7.7400,7.7500,7.7600,7.7700,7.7800,10,259,360,259,193,363,316,415,686,753
SZ,002337,2017-01-03 10:21:03,7.7300,1,7730.0000,10,S,7.7200,7.7000,7.6900,7.6800,7.6700,7.7400,7.7500,7.7600,7.7700,7.7800,259,370,259,193,59,363,316,415,686,753
SZ,002337,2017-01-03 10:21:06,7.7400,1,6966.0000,9,B,7.7200,7.7000,7.6900,7.6800,7.6700,7.7400,7.7500,7.7600,7.7700,7.7800,259,370,259,193,59,434,316,415,686,753
SZ,002337,2017-01-03 10:21:15,7.7300,1,6957.0000,9,B,7.7200,7.7000,7.6900,7.6800,7.6700,7.7300,7.7400,7.7500,7.7600,7.7700,38,370,259,193,59,1,434,318,415,686
SZ,002337,2017-01-03 10:21:18,7.7200,1,772.0000,1,S,7.7200,7.7100,7.7000,7.6900,7.6800,7.7300,7.7400,7.7500,7.7600,7.7700,37,1,370,259,193,1,434,318,415,686
SZ,002337,2017-01-03 10:21:21,7.7300,1,773.0000,1,B,7.7300,7.7200,7.7100,7.7000,7.6900,7.7400,7.7500,7.7600,7.7700,7.7800,15,37,1,375,259,434,318,415,686,753
SZ,002337,2017-01-03 10:21:27,7.7300,1,11595.0000,15,S,7.7200,7.7100,7.7000,7.6900,7.6800,7.7300,7.7400,7.7500,7.7600,7.7700,37,1,375,259,193,85,434,318,415,686
SZ,002337,2017-01-03 10:21:30,7.7300,1,7730.0000,10,B,7.7200,7.7100,7.7000,7.6900,7.6800,7.7300,7.7400,7.7500,7.7600,7.7700,37,1,375,259,193,141,434,318,415,686
SZ,002337,2017-01-03 10:21:33,7.7300,1,773.0000,1,B,7.7200,7.7100,7.7000,7.6900,7.6800,7.7300,7.7400,7.7500,7.7600,7.7700,37,11,375,259,193,140,434,318,415,686
SZ,002337,2017-01-03 10:21:36,7.7200,1,772.0000,1,S,7.7200,7.7100,7.7000,7.6900,7.6800,7.7300,7.7400,7.7500,7.7600,7.7700,36,11,359,259,193,140,434,318,415,686
SZ,002337,2017-01-03 10:21:42,7.7300,1,6957.0000,9,B,7.7200,7.7100,7.7000,7.6900,7.6800,7.7300,7.7400,7.7500,7.7600,7.7700,36,11,359,259,193,158,434,318,415,686
SZ,002337,2017-01-03 10:21:48,7.7300,3,85803.0000,111,B,7.7200,7.7100,7.7000,7.6900,7.6800,7.7300,7.7400,7.7500,7.7600,7.7700,36,11,359,259,193,47,434,319,415,686
SZ,002337,2017-01-03 10:21:51,7.7300,2,20871.0000,27,B,7.7200,7.7100,7.7000,7.6900,7.6800,7.7300,7.7400,7.7500,7.7600,7.7700,36,11,359,259,193,20,434,319,415,686
SZ,002337,2017-01-03 10:21:54,7.7300,1,12368.0000,16,B,7.7200,7.7100,7.7000,7.6900,7.6800,7.7300,7.7400,7.7500,7.7600,7.7700,36,11,359,259,193,4,434,319,415,686
SZ,002337,2017-01-03 10:22:00,7.7300,1,3092.0000,4,B,7.7300,7.7200,7.7100,7.7000,7.6900,7.7400,7.7500,7.7600,7.7700,7.7800,6,36,11,359,259,434,319,415,686,747
SZ,002337,2017-01-03 10:22:09,7.7400,3,27854.0000,36,B,7.7300,7.7200,7.7100,7.7000,7.6900,7.7400,7.7500,7.7600,7.7700,7.7800,6,36,11,359,259,411,319,415,686,747
SZ,002337,2017-01-03 10:22:12,7.7400,1,56502.0000,73,B,7.7300,7.7200,7.7100,7.7000,7.6900,7.7400,7.7500,7.7600,7.7700,7.7800,31,36,11,359,259,338,319,415,686,747
SZ,002337,2017-01-03 10:22:15,7.7400,1,6966.0000,9,B,7.7300,7.7200,7.7100,7.7000,7.6900,7.7400,7.7500,7.7600,7.7700,7.7800,31,36,111,359,259,329,319,415,686,747
SZ,002337,2017-01-03 10:22:18,7.7300,1,773.0000,1,S,7.7300,7.7200,7.7100,7.7000,7.6900,7.7400,7.7500,7.7600,7.7700,7.7800,30,36,111,359,259,329,319,415,686,747
SZ,002337,2017-01-03 10:22:24,7.7300,2,11595.0000,15,S,7.7300,7.7200,7.7100,7.7000,7.6900,7.7400,7.7500,7.7600,7.7700,7.7800,15,36,111,359,259,329,284,415,686,747
SZ,002337,2017-01-03 10:22:27,7.7400,2,1548.0000,2,B,7.7300,7.7200,7.7100,7.7000,7.6900,7.7400,7.7500,7.7600,7.7700,7.7800,15,36,111,379,259,327,284,415,686,747
SZ,002337,2017-01-03 10:22:30,7.7400,2,8514.0000,11,B,7.7300,7.7200,7.7100,7.7000,7.6900,7.7400,7.7500,7.7600,7.7700,7.7800,15,36,111,379,259,316,284,415,686,747
SZ,002337,2017-01-03 10:22:33,7.7400,2,1547.0000,2,B,7.7300,7.7200,7.7100,7.7000,7.6900,7.7400,7.7500,7.7600,7.7700,7.7800,14,36,111,379,259,315,284,415,686,747
SZ,002337,2017-01-03 10:22:36,7.7400,3,53406.0000,69,B,7.7300,7.7200,7.7100,7.7000,7.6900,7.7400,7.7500,7.7600,7.7700,7.7800,14,36,111,379,259,246,284,415,686,747
SZ,002337,2017-01-03 10:22:39,7.7300,1,10822.0000,14,S,7.7200,7.7100,7.7000,7.6900,7.6800,7.7300,7.7400,7.7500,7.7600,7.7700,36,111,385,259,203,36,246,284,415,691
SZ,002337,2017-01-03 10:22:42,7.7300,1,6957.0000,9,B,7.7200,7.7100,7.7000,7.6900,7.6800,7.7300,7.7400,7.7500,7.7600,7.7700,36,111,385,259,203,27,246,284,415,691
SZ,002337,2017-01-03 10:22:54,7.7300,1,20098.0000,26,B,7.7200,7.7100,7.7000,7.6900,7.6800,7.7300,7.7400,7.7500,7.7600,7.7700,36,111,385,259,203,1,246,284,415,691
SZ,002337,2017-01-03 10:23:00,7.7400,2,9287.0000,12,B,7.7200,7.7100,7.7000,7.6900,7.6800,7.7400,7.7500,7.7600,7.7700,7.7800,36,111,385,259,203,245,284,415,691,747
SZ,002337,2017-01-03 10:23:15,7.7400,1,7740.0000,10,B,7.7300,7.7200,7.7100,7.7000,7.6900,7.7400,7.7500,7.7600,7.7700,7.7800,9,36,111,385,259,235,284,415,692,747
SZ,002337,2017-01-03 10:23:18,7.7300,1,773.0000,1,S,7.7300,7.7200,7.7100,7.7000,7.6900,7.7400,7.7500,7.7600,7.7700,7.7800,8,36,111,385,259,235,284,415,692,747
SZ,002337,2017-01-03 10:23:21,7.7400,1,774.0000,1,B,7.7300,7.7200,7.7100,7.7000,7.6900,7.7400,7.7500,7.7600,7.7700,7.7800,8,36,111,385,259,234,284,415,692,747
SZ,002337,2017-01-03 10:23:24,7.7400,1,2322.0000,3,B,7.7300,7.7200,7.7100,7.7000,7.6900,7.7400,7.7500,7.7600,7.7700,7.7800,8,36,111,385,259,231,284,415,692,747
SZ,002337,2017-01-03 10:23:27,7.7400,2,1548.0000,2,B,7.7300,7.7200,7.7100,7.7000,7.6900,7.7400,7.7500,7.7600,7.7700,7.7800,8,36,111,385,259,229,284,415,692,747
SZ,002337,2017-01-03 10:23:30,7.7400,4,15480.0000,20,B,7.7300,7.7200,7.7100,7.7000,7.6900,7.7400,7.7500,7.7600,7.7700,7.7800,8,36,111,385,259,209,284,415,692,747
SZ,002337,2017-01-03 10:23:33,7.7400,1,2322.0000,3,B,7.7200,7.7100,7.7000,7.6900,7.6800,7.7400,7.7500,7.7600,7.7700,7.7800,36,111,385,259,203,206,284,415,692,747
SZ,002337,2017-01-03 10:23:42,7.7300,2,8502.0000,11,B,7.7200,7.7100,7.7000,7.6900,7.6800,7.7300,7.7400,7.7500,7.7600,7.7700,35,121,385,259,203,1,206,284,415,692
SZ,002337,2017-01-03 10:23:48,7.7300,2,1546.0000,2,B,7.7300,7.7200,7.7100,7.7000,7.6900,7.7400,7.7500,7.7600,7.7700,7.7800,70,35,121,385,259,206,284,415,692,747
SZ,002337,2017-01-03 10:24:00,7.7400,1,6966.0000,9,B,7.7300,7.7200,7.7100,7.7000,7.6900,7.7400,7.7500,7.7600,7.7700,7.7800,70,35,326,385,259,212,284,415,692,747
SZ,002337,2017-01-03 10:24:03,7.7400,2,31733.0000,41,B,7.7300,7.7200,7.7100,7.7000,7.6900,7.7400,7.7500,7.7600,7.7700,7.7800,69,35,326,385,259,172,284,415,692,747
SZ,002337,2017-01-03 10:24:15,7.7400,1,7740.0000,10,B,7.7300,7.7200,7.7100,7.7000,7.6900,7.7400,7.7500,7.7600,7.7700,7.7800,69,35,326,385,259,162,284,415,692,747
SZ,002337,2017-01-03 10:24:18,7.7300,2,23963.0000,31,S,7.7300,7.7200,7.7100,7.7000,7.6900,7.7400,7.7500,7.7600,7.7700,7.7800,38,35,326,385,259,162,284,415,692,747
SZ,002337,2017-01-03 10:24:27,7.7300,1,29374.0000,38,S,7.7200,7.7100,7.7000,7.6900,7.6800,7.7300,7.7400,7.7500,7.7600,7.7700,35,326,385,258,203,12,162,284,415,692
SZ,002337,2017-01-03 10:24:30,7.7300,3,12368.0000,16,B,7.7200,7.7100,7.7000,7.6900,7.6800,7.7300,7.7400,7.7500,7.7600,7.7700,35,326,385,258,203,6,162,284,415,692
SZ,002337,2017-01-03 10:24:36,7.7300,1,3865.0000,5,B,7.7200,7.7100,7.7000,7.6900,7.6800,7.7300,7.7400,7.7500,7.7600,7.7700,35,326,385,258,203,1,162,284,415,692
SZ,002337,2017-01-03 10:24:39,7.7300,1,773.0000,1,B,7.7200,7.7100,7.7000,7.6900,7.6800,7.7400,7.7500,7.7600,7.7700,7.7800,35,326,385,258,203,162,284,415,692,742
SZ,002337,2017-01-03 10:24:42,7.7200,1,772.0000,1,S,7.7200,7.7100,7.7000,7.6900,7.6800,7.7400,7.7500,7.7600,7.7700,7.7800,34,326,385,258,203,162,284,415,692,744
SZ,002337,2017-01-03 10:24:48,7.7400,2,3870.0000,5,B,7.7300,7.7200,7.7100,7.7000,7.6900,7.7400,7.7500,7.7600,7.7700,7.7800,9,34,326,385,258,157,284,415,692,744
