市场代码,证券代码,时间,最新价,成交笔数,成交额,成交量,方向,买一价,买二价,买三价,买四价,买五价,卖一价,卖二价,卖三价,卖四价,卖五价,买一量,买二量,买三量,买四量,买五量,卖一量,卖二量,卖三量,卖四量,卖五量
SZ,002374,2017-01-03 09:25:03,7.9000,18,88164.0000,112,S,7.9000,7.8900,7.8800,7.8700,7.8600,7.9100,7.9200,7.9300,7.9400,7.9500,33,30,12,4,82,58,10,82,42,12
SZ,002374,2017-01-03 09:30:03,7.9100,25,211808.0000,268,B,7.9100,7.9000,7.8900,7.8800,7.8700,7.9200,7.9300,7.9400,7.9500,7.9700,40,7,30,29,65,606,63,46,274,12
SZ,002374,2017-01-03 09:30:06,7.9200,1,7128.0000,9,B,7.9100,7.9000,7.8900,7.8800,7.8700,7.9200,7.9300,7.9400,7.9500,7.9700,135,8,39,29,65,597,63,46,277,12
SZ,002374,2017-01-03 09:30:09,7.9100,2,39550.0000,50,S,7.9100,7.9000,7.8900,7.8800,7.8700,7.9200,7.9300,7.9400,7.9500,7.9700,85,8,39,29,70,597,63,46,377,12
SZ,002374,2017-01-03 09:30:12,7.9100,2,15820.0000,20,S,7.9100,7.9000,7.8900,7.8800,7.8700,7.9200,7.9300,7.9400,7.9500,7.9700,65,8,39,29,70,597,63,46,377,12
SZ,002374,2017-01-03 09:30:18,7.9100,1,2373.0000,3,S,7.9100,7.9000,7.8900,7.8800,7.8700,7.9200,7.9300,7.9400,7.9500,7.9700,62,8,39,29,70,597,63,46,377,12
SZ,002374,2017-01-03 09:30:21,7.9100,2,15029.0000,19,S,7.9100,7.9000,7.8900,7.8800,7.8700,7.9200,7.9300,7.9400,7.9500,7.9700,53,8,39,29,70,597,63,46,377,12
SZ,002374,2017-01-03 09:30:24,7.9000,7,220468.0000,279,S,7.9000,7.8900,7.8800,7.8700,7.8600,7.9200,7.9300,7.9400,7.9500,7.9700,42,39,29,70,127,597,63,46,377,12
SZ,002374,2017-01-03 09:30:27,7.9100,1,4746.0000,6,B,7.9000,7.8900,7.8800,7.8700,7.8600,7.9100,7.9200,7.9300,7.9400,7.9500,42,39,29,70,127,80,597,63,46,377
SZ,002374,2017-01-03 09:30:33,7.9100,1,5537.0000,7,B,7.9000,7.8900,7.8800,7.8700,7.8600,7.9100,7.9200,7.9300,7.9400,7.9500,42,39,29,75,127,73,597,63,46,377
SZ,002374,2017-01-03 09:30:36,7.9100,4,3952.0000,5,B,7.9000,7.8900,7.8800,7.8700,7.8600,7.9100,7.9200,7.9300,7.9400,7.9500,39,39,29,75,127,71,597,63,46,369
SZ,002374,2017-01-03 09:30:57,7.9000,1,8690.0000,11,S,7.9000,7.8900,7.8800,7.8700,7.8600,7.9100,7.9200,7.9300,7.9400,7.9500,47,30,39,75,127,156,597,74,66,365
SZ,002374,2017-01-03 09:31:03,7.9000,3,18180.0000,23,S,7.9000,7.8900,7.8800,7.8700,7.8600,7.9100,7.9200,7.9300,7.9400,7.9500,34,30,39,75,127,188,597,74,66,365
SZ,002374,2017-01-03 09:31:06,7.9000,1,5530.0000,7,S,7.9000,7.8900,7.8800,7.8700,7.8600,7.9100,7.9200,7.9300,7.9400,7.9500,37,30,39,75,127,188,597,74,66,365
SZ,002374,2017-01-03 09:31:09,7.9000,5,37456.0000,47,S,7.8900,7.8800,7.8700,7.8600,7.8500,7.9000,7.9100,7.9200,7.9300,7.9400,30,39,75,127,43,88,178,597,74,66
SZ,002374,2017-01-03 09:31:12,7.9000,1,9480.0000,12,B,7.8900,7.8800,7.8700,7.8600,7.8500,7.9000,7.9100,7.9200,7.9300,7.9400,30,39,75,127,43,126,136,597,74,66
SZ,002374,2017-01-03 09:31:18,7.8900,3,15788.0000,20,S,7.8900,7.8800,7.8700,7.8600,7.8500,7.9000,7.9100,7.9200,7.9300,7.9400,18,39,75,127,43,118,136,597,74,66
SZ,002374,2017-01-03 09:31:27,7.8900,2,14202.0000,18,S,7.8800,7.8700,7.8600,7.8500,7.8300,7.8900,7.9000,7.9100,7.9200,7.9300,39,75,127,43,113,182,118,106,597,74
SZ,002374,2017-01-03 09:31:36,7.8800,5,30732.0000,39,S,7.8700,7.8600,7.8500,7.8300,7.8200,7.8800,7.8900,7.9000,7.9100,7.9200,75,127,43,113,73,20,2245,118,126,607
SZ,002374,2017-01-03 09:31:39,7.8800,1,788.0000,1,B,7.8700,7.8600,7.8500,7.8300,7.8200,7.8800,7.8900,7.9000,7.9100,7.9200,75,127,43,113,73,29,2213,118,126,607
SZ,002374,2017-01-03 09:31:42,7.8700,2,3935.0000,5,S,7.8700,7.8600,7.8500,7.8300,7.8200,7.8800,7.8900,7.9000,7.9100,7.9200,70,127,43,113,70,63,2213,118,141,607
SZ,002374,2017-01-03 09:31:48,7.8700,1,1574.0000,2,S,7.8700,7.8600,7.8500,7.8300,7.8200,7.8800,7.8900,7.9000,7.9100,7.9200,69,127,40,113,70,103,212,68,141,617
SZ,002374,2017-01-03 09:31:51,7.8700,6,54303.0000,69,S,7.8600,7.8500,7.8300,7.8200,7.8100,7.8700,7.8800,7.8900,7.9100,7.9200,127,40,113,70,93,1932,103,212,141,617
SZ,002374,2017-01-03 09:31:57,7.8700,4,33799.0000,43,B,7.8600,7.8500,7.8300,7.8200,7.8100,7.8700,7.8800,7.8900,7.9100,7.9200,85,40,113,70,93,3,103,212,101,617
SZ,002374,2017-01-03 09:32:03,7.8600,4,66810.0000,85,S,7.8500,7.8300,7.8200,7.8100,7.8000,7.8600,7.8700,7.8800,7.8900,7.9100,40,113,70,93,78,2109,1,103,212,101
SZ,002374,2017-01-03 09:32:06,7.8600,1,2358.0000,3,B,7.8500,7.8300,7.8200,7.8100,7.8000,7.8600,7.8700,7.8800,7.8900,7.9100,40,113,70,93,78,2108,1,103,204,101
SZ,002374,2017-01-03 09:32:15,7.8600,2,133620.0000,170,B,7.8500,7.8300,7.8200,7.8100,7.8000,7.8600,7.8700,7.8800,7.8900,7.9100,40,113,70,114,78,2036,1,83,204,101
SZ,002374,2017-01-03 09:32:18,7.8500,4,30653.0000,39,S,7.8500,7.8300,7.8200,7.8100,7.8000,7.8600,7.8700,7.8800,7.8900,7.9100,33,113,70,114,78,1998,1,83,204,101
SZ,002374,2017-01-03 09:32:21,7.8500,4,16485.0000,21,S,7.8500,7.8300,7.8200,7.8100,7.8000,7.8600,7.8700,7.8800,7.8900,7.9100,32,113,70,114,78,1998,1,83,204,101
SZ,002374,2017-01-03 09:32:24,7.8600,1,47160.0000,60,B,7.8500,7.8300,7.8200,7.8100,7.8000,7.8600,7.8700,7.8800,7.8900,7.9100,42,113,70,114,78,1938,1,83,204,101
SZ,002374,2017-01-03 09:32:27,7.8600,1,3930.0000,5,B,7.8500,7.8300,7.8200,7.8100,7.8000,7.8600,7.8700,7.8800,7.8900,7.9100,153,113,70,114,86,144,1,73,204,101
SZ,002374,2017-01-03 09:32:36,7.8600,3,55020.0000,70,B,7.8500,7.8300,7.8200,7.8100,7.8000,7.8600,7.8700,7.8800,7.8900,7.9100,173,169,75,114,125,82,1,49,204,101
SZ,002374,2017-01-03 09:32:42,7.8500,3,7065.0000,9,S,7.8500,7.8300,7.8200,7.8100,7.8000,7.8600,7.8700,7.8800,7.8900,7.9100,164,184,78,114,125,88,1,49,204,101
SZ,002374,2017-01-03 09:32:45,7.8600,3,14146.0000,18,B,7.8500,7.8300,7.8200,7.8100,7.8000,7.8600,7.8700,7.8800,7.8900,7.9100,162,184,78,114,125,72,1,49,204,101
SZ,002374,2017-01-03 09:32:48,7.8600,5,41639.0000,53,B,7.8500,7.8300,7.8200,7.8100,7.8000,7.8600,7.8700,7.8800,7.8900,7.9100,143,184,78,114,135,38,1,58,204,101
SZ,002374,2017-01-03 09:32:51,7.8600,2,9430.0000,12,B,7.8500,7.8300,7.8200,7.8100,7.8000,7.8600,7.8700,7.8800,7.8900,7.9100,241,184,78,114,135,28,1,58,204,101
SZ,002374,2017-01-03 09:32:54,7.8600,3,18862.0000,24,B,7.8600,7.8500,7.8300,7.8200,7.8100,7.8700,7.8800,7.8900,7.9100,7.9200,21,239,184,78,114,1,58,204,101,617
SZ,002374,2017-01-03 09:33:00,7.8600,1,3930.0000,5,S,7.8600,7.8500,7.8300,7.8200,7.8100,7.8700,7.8800,7.8900,7.9100,7.9200,47,239,128,78,114,1,58,204,101,617
SZ,002374,2017-01-03 09:33:06,7.8600,1,4716.0000,6,S,7.8600,7.8500,7.8300,7.8200,7.8100,7.8700,7.8800,7.8900,7.9100,7.9200,111,239,128,78,114,1,58,204,101,617
SZ,002374,2017-01-03 09:33:09,7.8600,1,1572.0000,2,S,7.8600,7.8500,7.8300,7.8200,7.8100,7.8800,7.8900,7.9100,7.9200,7.9300,139,244,128,78,114,58,204,109,627,54
SZ,002374,2017-01-03 09:33:15,7.8600,3,87346.0000,111,S,7.8600,7.8500,7.8300,7.8200,7.8100,7.8800,7.8900,7.9100,7.9200,7.9300,190,244,128,78,114,39,204,109,627,54
SZ,002374,2017-01-03 09:33:21,7.8600,1,1572.0000,2,S,7.8700,7.8600,7.8500,7.8300,7.8200,7.8800,7.8900,7.9100,7.9200,7.9300,10,188,264,128,78,39,204,109,627,54
SZ,002374,2017-01-03 09:33:24,7.8800,2,18912.0000,24,B,7.8700,7.8600,7.8500,7.8300,7.8200,7.8800,7.8900,7.9100,7.9200,7.9300,10,189,164,128,78,35,204,109,627,54
SZ,002374,2017-01-03 09:33:30,7.8600,2,15730.0000,20,S,7.8600,7.8500,7.8300,7.8200,7.8100,7.8800,7.8900,7.9100,7.9200,7.9300,179,164,128,78,114,35,204,109,627,54
SZ,002374,2017-01-03 09:33:33,7.8800,3,23640.0000,30,B,7.8700,7.8600,7.8500,7.8300,7.8200,7.8800,7.8900,7.9100,7.9200,7.9300,9,179,164,128,78,55,192,109,627,54
SZ,002374,2017-01-03 09:33:51,7.8800,3,14184.0000,18,B,7.8700,7.8600,7.8500,7.8300,7.8200,7.8800,7.8900,7.9100,7.9200,7.9300,100,267,164,128,158,53,182,109,627,54
SZ,002374,2017-01-03 09:34:00,7.8800,4,100234.0000,127,B,7.8800,7.8700,7.8600,7.8500,7.8300,7.8900,7.9100,7.9200,7.9300,7.9400,49,114,267,164,128,182,109,627,54,61
SZ,002374,2017-01-03 09:34:09,7.8800,1,9456.0000,12,S,7.8800,7.8700,7.8600,7.8500,7.8300,7.8900,7.9100,7.9200,7.9300,7.9400,145,114,267,164,128,192,109,627,54,61
SZ,002374,2017-01-03 09:34:12,7.8800,1,3152.0000,4,S,7.8800,7.8700,7.8600,7.8500,7.8300,7.8900,7.9000,7.9100,7.9200,7.9300,141,114,267,164,128,192,6,109,627,54
SZ,002374,2017-01-03 09:34:21,7.8800,4,35480.0000,45,S,7.8800,7.8700,7.8600,7.8500,7.8300,7.8900,7.9000,7.9100,7.9200,7.9300,136,114,270,169,136,172,6,109,632,54
SZ,002374,2017-01-03 09:34:24,7.8800,3,31520.0000,40,S,7.8800,7.8700,7.8600,7.8500,7.8300,7.8900,7.9000,7.9100,7.9200,7.9300,96,114,270,179,136,172,6,109,632,54
SZ,002374,2017-01-03 09:34:33,7.8800,1,788.0000,1,S,7.8800,7.8700,7.8600,7.8500,7.8300,7.8900,7.9000,7.9100,7.9200,7.9300,102,100,255,179,136,172,101,109,632,54
SZ,002374,2017-01-03 09:34:39,7.8900,1,1578.0000,2,B,7.8800,7.8700,7.8600,7.8500,7.8300,7.8900,7.9000,7.9100,7.9200,7.9300,107,91,255,179,136,170,213,110,632,54
SZ,002374,2017-01-03 09:34:45,7.8900,1,3945.0000,5,B,7.8800,7.8700,7.8600,7.8500,7.8300,7.8900,7.9000,7.9100,7.9200,7.9300,107,91,255,179,136,165,213,110,632,62
SZ,002374,2017-01-03 09:34:48,7.8800,1,7880.0000,10,S,7.8800,7.8700,7.8600,7.8500,7.8300,7.8900,7.9000,7.9100,7.9200,7.9300,97,91,255,184,136,165,313,110,632,62
SZ,002374,2017-01-03 09:34:51,7.8900,1,10257.0000,13,B,7.8800,7.8700,7.8600,7.8500,7.8300,7.8900,7.9000,7.9100,7.9200,7.9300,97,106,255,184,136,152,313,116,632,62
SZ,002374,2017-01-03 09:34:57,7.8900,1,23670.0000,30,B,7.8800,7.8700,7.8600,7.8500,7.8300,7.8900,7.9000,7.9100,7.9200,7.9300,97,106,255,184,136,122,313,121,652,62
SZ,002374,2017-01-03 09:35:00,7.8900,1,7890.0000,10,B,7.8800,7.8700,7.8600,7.8500,7.8300,7.8900,7.9000,7.9100,7.9200,7.9300,97,106,255,184,136,112,313,121,652,62
SZ,002374,2017-01-03 09:35:03,7.8900,1,1578.0000,2,B,7.8800,7.8700,7.8600,7.8500,7.8300,7.8900,7.9000,7.9100,7.9200,7.9300,97,106,255,184,136,111,313,121,652,62
SZ,002374,2017-01-03 09:35:06,7.8900,1,15780.0000,20,B,7.8800,7.8700,7.8600,7.8500,7.8300,7.8900,7.9000,7.9100,7.9200,7.9300,97,91,155,184,136,91,313,121,652,62
SZ,002374,2017-01-03 09:35:21,7.8900,1,2367.0000,3,B,7.8800,7.8700,7.8600,7.8500,7.8300,7.8900,7.9000,7.9100,7.9200,7.9300,124,91,155,159,136,95,313,121,652,62
SZ,002374,2017-01-03 09:35:24,7.8800,1,6304.0000,8,S,7.8800,7.8700,7.8600,7.8500,7.8300,7.8900,7.9000,7.9100,7.9200,7.9300,116,91,155,159,136,95,313,121,652,62
SZ,002374,2017-01-03 09:35:27,7.8900,1,49707.0000,63,B,7.8800,7.8700,7.8600,7.8500,7.8300,7.8900,7.9000,7.9100,7.9200,7.9300,116,91,155,159,136,38,313,121,652,62
SZ,002374,2017-01-03 09:35:36,7.8900,4,23670.0000,30,B,7.8800,7.8700,7.8600,7.8500,7.8300,7.8900,7.9000,7.9100,7.9200,7.9300,116,91,155,159,143,8,313,127,642,62
SZ,002374,2017-01-03 09:35:51,7.8900,3,11835.0000,15,B,7.8800,7.8700,7.8600,7.8500,7.8300,7.8900,7.9000,7.9100,7.9200,7.9300,116,91,155,159,143,13,313,127,642,52
SZ,002374,2017-01-03 09:35:54,7.8800,1,4728.0000,6,S,7.8800,7.8700,7.8600,7.8500,7.8300,7.8900,7.9000,7.9100,7.9200,7.9300,110,91,155,159,143,13,313,127,642,52
SZ,002374,2017-01-03 09:36:00,7.8800,1,788.0000,1,S,7.8800,7.8700,7.8600,7.8500,7.8300,7.8900,7.9000,7.9100,7.9200,7.9300,109,91,175,159,143,21,313,127,642,52
SZ,002374,2017-01-03 09:36:06,7.8900,2,3945.0000,5,B,7.8800,7.8700,7.8600,7.8500,7.8300,7.8900,7.9000,7.9100,7.9200,7.9300,111,91,175,139,143,36,326,127,642,52
SZ,002374,2017-01-03 09:36:09,7.8900,13,98520.0000,125,B,7.8800,7.8700,7.8600,7.8500,7.8300,7.8900,7.9000,7.9100,7.9200,7.9300,6,91,175,139,143,16,326,127,642,52
SZ,002374,2017-01-03 09:36:24,7.8900,3,39450.0000,50,B,7.8800,7.8700,7.8600,7.8500,7.8300,7.8900,7.9000,7.9100,7.9200,7.9300,6,93,175,139,143,16,328,127,642,72
SZ,002374,2017-01-03 09:36:27,7.8800,3,41814.0000,53,S,7.8800,7.8700,7.8600,7.8500,7.8400,7.8900,7.9000,7.9100,7.9200,7.9300,3,93,175,139,1,225,328,127,642,72
SZ,002374,2017-01-03 09:36:30,7.8900,2,11835.0000,15,B,7.8800,7.8700,7.8600,7.8500,7.8400,7.8900,7.9000,7.9100,7.9200,7.9300,3,93,175,139,1,210,328,127,642,72
SZ,002374,2017-01-03 09:36:42,7.8800,2,2994.0000,4,S,7.8700,7.8600,7.8500,7.8400,7.8300,7.8800,7.8900,7.9000,7.9100,7.9200,103,175,139,1,143,19,210,328,121,642
SZ,002374,2017-01-03 09:36:48,7.8800,1,10244.0000,13,B,7.8700,7.8600,7.8500,7.8400,7.8300,7.8800,7.8900,7.9000,7.9100,7.9200,116,205,139,1,143,6,210,328,121,642
SZ,002374,2017-01-03 09:36:54,7.8800,1,4886.0000,6,B,7.8800,7.8700,7.8600,7.8500,7.8400,7.8900,7.9000,7.9100,7.9200,7.9300,16,116,205,139,1,233,338,121,642,72
SZ,002374,2017-01-03 09:36:57,7.8700,3,23629.0000,30,S,7.8700,7.8600,7.8500,7.8400,7.8300,7.8900,7.9000,7.9100,7.9200,7.9300,104,205,189,21,143,233,338,121,642,72
SZ,002374,2017-01-03 09:37:00,7.8800,2,15760.0000,20,B,7.8700,7.8600,7.8500,7.8400,7.8300,7.8800,7.8900,7.9000,7.9100,7.9200,104,205,189,21,143,12,233,338,121,642
SZ,002374,2017-01-03 09:37:03,7.8800,4,17336.0000,22,B,7.8700,7.8600,7.8500,7.8400,7.8300,7.8800,7.8900,7.9000,7.9100,7.9200,91,205,189,21,143,49,233,338,121,642
SZ,002374,2017-01-03 09:37:06,7.8800,1,15760.0000,20,B,7.8700,7.8600,7.8500,7.8400,7.8300,7.8800,7.8900,7.9000,7.9100,7.9200,91,205,189,161,143,29,233,338,121,642
SZ,002374,2017-01-03 09:37:12,7.8700,1,3148.0000,4,S,7.8700,7.8600,7.8500,7.8400,7.8300,7.8800,7.8900,7.9000,7.9100,7.9200,110,205,189,160,143,29,233,338,121,642
SZ,002374,2017-01-03 09:37:15,7.8800,2,13396.0000,17,B,7.8700,7.8600,7.8500,7.8400,7.8300,7.8800,7.8900,7.9000,7.9100,7.9200,110,205,189,160,143,12,233,338,121,642
SZ,002374,2017-01-03 09:37:21,7.8800,1,9456.0000,12,B,7.8800,7.8700,7.8600,7.8500,7.8400,7.8900,7.9000,7.9100,7.9200,7.9300,88,110,205,204,160,233,338,121,642,72
SZ,002374,2017-01-03 09:37:33,7.8900,1,7890.0000,10,B,7.8800,7.8700,7.8600,7.8500,7.8400,7.8900,7.9000,7.9100,7.9200,7.9300,108,120,165,204,165,248,338,121,642,72
SZ,002374,2017-01-03 09:37:36,7.8900,1,15780.0000,20,B,7.8800,7.8700,7.8600,7.8500,7.8400,7.8900,7.9000,7.9100,7.9200,7.9300,108,142,165,204,165,228,338,121,642,72
SZ,002374,2017-01-03 09:37:39,7.8900,1,789.0000,1,B,7.8800,7.8700,7.8600,7.8500,7.8400,7.8900,7.9000,7.9100,7.9200,7.9300,108,142,165,204,165,227,226,121,642,72
SZ,002374,2017-01-03 09:37:45,7.8800,1,7880.0000,10,S,7.8800,7.8700,7.8600,7.8500,7.8400,7.8900,7.9000,7.9100,7.9200,7.9300,98,162,180,222,165,247,226,121,642,72
SZ,002374,2017-01-03 09:37:48,7.8900,1,4734.0000,6,B,7.8800,7.8700,7.8600,7.8500,7.8400,7.8900,7.9000,7.9100,7.9200,7.9300,110,162,180,222,165,290,226,121,642,72
SZ,002374,2017-01-03 09:37:51,7.8800,1,4728.0000,6,S,7.8800,7.8700,7.8600,7.8500,7.8400,7.8900,7.9000,7.9100,7.9200,7.9300,104,162,180,222,165,290,231,121,642,72
SZ,002374,2017-01-03 09:37:54,7.8800,1,3152.0000,4,S,7.8800,7.8700,7.8600,7.8500,7.8400,7.8900,7.9000,7.9100,7.9200,7.9300,100,162,180,222,165,290,231,121,642,72
SZ,002374,2017-01-03 09:38:00,7.8800,2,61514.0000,78,S,7.8800,7.8700,7.8600,7.8500,7.8400,7.8900,7.9000,7.9100,7.9200,7.9300,72,162,180,212,165,352,231,121,642,72
SZ,002374,2017-01-03 09:38:12,7.8900,1,39450.0000,50,B,7.8800,7.8700,7.8600,7.8500,7.8400,7.8900,7.9000,7.9100,7.9200,7.9300,92,162,217,212,165,302,231,121,632,72
SZ,002374,2017-01-03 09:38:15,7.8900,1,2367.0000,3,B,7.8800,7.8700,7.8600,7.8500,7.8400,7.8900,7.9000,7.9100,7.9200,7.9300,92,162,217,212,165,299,231,121,632,72
SZ,002374,2017-01-03 09:38:21,7.8900,1,789.0000,1,B,7.8800,7.8700,7.8600,7.8500,7.8400,7.8900,7.9000,7.9100,7.9200,7.9300,92,162,217,212,165,300,231,121,636,72
SZ,002374,2017-01-03 09:38:27,7.8800,2,12608.0000,16,S,7.8800,7.8700,7.8600,7.8500,7.8400,7.8900,7.9000,7.9100,7.9200,7.9300,76,162,217,212,165,300,231,121,636,72
SZ,002374,2017-01-03 09:38:33,7.8900,1,5523.0000,7,B,7.8800,7.8700,7.8600,7.8500,7.8400,7.8900,7.9000,7.9100,7.9200,7.9300,78,162,217,212,165,293,231,121,636,72
SZ,002374,2017-01-03 09:38:36,7.8800,2,19700.0000,25,S,7.8800,7.8700,7.8600,7.8500,7.8400,7.8900,7.9000,7.9100,7.9200,7.9300,83,162,217,212,165,293,231,121,636,72
SZ,002374,2017-01-03 09:38:51,7.8900,1,7890.0000,10,B,7.8800,7.8700,7.8600,7.8500,7.8400,7.8900,7.9000,7.9100,7.9200,7.9300,83,162,217,225,165,283,231,123,666,72
SZ,002374,2017-01-03 09:39:09,7.8800,1,5516.0000,7,S,7.8800,7.8700,7.8600,7.8500,7.8400,7.8900,7.9000,7.9100,7.9200,7.9300,76,162,217,225,160,283,331,123,806,82
SZ,002374,2017-01-03 09:39:15,7.8800,1,3940.0000,5,S,7.8800,7.8700,7.8600,7.8500,7.8400,7.8900,7.9000,7.9100,7.9200,7.9300,91,162,217,225,180,283,331,123,806,82
SZ,002374,2017-01-03 09:39:30,7.8800,1,3940.0000,5,S,7.8800,7.8700,7.8600,7.8500,7.8400,7.8900,7.9000,7.9100,7.9200,7.9300,86,162,217,225,180,283,331,123,816,82
SZ,002374,2017-01-03 09:39:33,7.8800,3,17336.0000,22,S,7.8800,7.8700,7.8600,7.8500,7.8400,7.8900,7.9000,7.9100,7.9200,7.9300,64,162,217,225,180,283,331,123,816,82
SZ,002374,2017-01-03 09:39:36,7.8800,1,3940.0000,5,S,7.8800,7.8700,7.8600,7.8500,7.8400,7.8900,7.9000,7.9100,7.9200,7.9300,81,162,222,225,180,263,331,123,816,82
SZ,002374,2017-01-03 09:39:42,7.8900,4,31551.0000,40,B,7.8800,7.8700,7.8600,7.8500,7.8400,7.8900,7.9000,7.9100,7.9200,7.9300,97,162,228,225,180,232,331,123,816,82
SZ,002374,2017-01-03 09:39:45,7.8800,1,3152.0000,4,S,7.8800,7.8700,7.8600,7.8500,7.8400,7.8900,7.9000,7.9100,7.9200,7.9300,93,162,228,225,180,236,331,123,816,82
SZ,002374,2017-01-03 09:39:48,7.8800,1,7880.0000,10,S,7.8800,7.8700,7.8600,7.8500,7.8400,7.8900,7.9000,7.9100,7.9200,7.9300,98,162,228,225,180,236,331,123,816,82
SZ,002374,2017-01-03 09:39:57,7.8800,12,117412.0000,149,S,7.8800,7.8700,7.8600,7.8500,7.8400,7.8900,7.9000,7.9100,7.9200,7.9300,53,148,228,225,180,236,331,123,816,82
SZ,002374,2017-01-03 09:40:03,7.8800,1,4728.0000,6,S,7.8800,7.8700,7.8600,7.8500,7.8400,7.8900,7.9000,7.9100,7.9200,7.9300,47,148,228,225,180,236,331,127,816,82
SZ,002374,2017-01-03 09:40:06,7.8800,1,15760.0000,20,S,7.8800,7.8700,7.8600,7.8500,7.8400,7.8900,7.9000,7.9100,7.9200,7.9300,27,148,228,225,180,236,331,127,816,82
SZ,002374,2017-01-03 09:40:12,7.8800,1,6304.0000,8,S,7.8800,7.8700,7.8600,7.8500,7.8400,7.8900,7.9000,7.9100,7.9200,7.9300,19,148,228,225,180,236,331,127,816,82
SZ,002374,2017-01-03 09:40:15,7.8800,1,14972.0000,19,S,7.8700,7.8600,7.8500,7.8400,7.8300,7.8800,7.8900,7.9000,7.9100,7.9200,148,228,225,180,61,36,436,331,127,816
SZ,002374,2017-01-03 09:40:18,7.8900,8,157764.0000,200,B,7.8700,7.8600,7.8500,7.8400,7.8300,7.8800,7.8900,7.9000,7.9100,7.9200,92,228,225,180,61,10,268,331,127,816
SZ,002374,2017-01-03 09:40:21,7.8800,2,23640.0000,30,B,7.8800,7.8700,7.8600,7.8500,7.8400,7.8900,7.9000,7.9100,7.9200,7.9300,26,107,228,225,180,268,331,127,816,82
SZ,002374,2017-01-03 09:40:39,7.8900,1,7890.0000,10,B,7.8800,7.8700,7.8600,7.8500,7.8400,7.8900,7.9000,7.9100,7.9200,7.9300,36,135,228,235,181,258,331,127,816,82
SZ,002374,2017-01-03 09:40:48,7.8900,4,228021.0000,289,B,7.8900,7.8800,7.8700,7.8600,7.8500,7.9000,7.9100,7.9200,7.9300,7.9400,66,37,135,228,235,331,127,816,82,61
SZ,002374,2017-01-03 09:41:00,7.8900,1,29982.0000,38,S,7.8900,7.8800,7.8700,7.8600,7.8500,7.9000,7.9100,7.9200,7.9300,7.9400,28,48,135,228,235,331,127,814,82,61
SZ,002374,2017-01-03 09:41:03,7.9000,3,59238.0000,75,B,7.8900,7.8800,7.8700,7.8600,7.8500,7.9000,7.9100,7.9200,7.9300,7.9400,16,48,135,228,235,288,127,834,82,61
SZ,002374,2017-01-03 09:41:15,7.8900,1,5523.0000,7,S,7.8900,7.8800,7.8700,7.8600,7.8500,7.9000,7.9100,7.9200,7.9300,7.9400,9,48,112,228,229,288,127,240,82,61
SZ,002374,2017-01-03 09:41:21,7.9000,2,39500.0000,50,B,7.8900,7.8800,7.8700,7.8600,7.8500,7.9000,7.9100,7.9200,7.9300,7.9400,14,48,112,228,229,238,127,240,82,61
SZ,002374,2017-01-03 09:41:27,7.8900,2,11046.0000,14,S,7.8800,7.8700,7.8600,7.8500,7.8400,7.8900,7.9000,7.9100,7.9200,7.9300,55,120,231,229,181,1,238,127,240,82
SZ,002374,2017-01-03 09:41:30,7.9000,5,81369.0000,103,B,7.8800,7.8700,7.8600,7.8500,7.8400,7.9000,7.9100,7.9200,7.9300,7.9400,106,120,231,229,181,136,127,240,82,61
SZ,002374,2017-01-03 09:41:33,7.8800,1,1576.0000,2,S,7.8800,7.8700,7.8600,7.8500,7.8400,7.8900,7.9000,7.9100,7.9200,7.9300,104,130,231,229,181,2,136,127,240,82
SZ,002374,2017-01-03 09:41:36,7.9000,5,15798.0000,20,B,7.8800,7.8700,7.8600,7.8500,7.8400,7.9000,7.9100,7.9200,7.9300,7.9400,104,130,231,229,181,142,127,240,82,61
SZ,002374,2017-01-03 09:41:45,7.9000,4,84530.0000,107,B,7.8900,7.8800,7.8700,7.8600,7.8500,7.9000,7.9100,7.9200,7.9300,7.9400,20,106,130,231,229,35,127,240,82,61
SZ,002374,2017-01-03 09:41:48,7.9000,4,23700.0000,30,B,7.8900,7.8800,7.8700,7.8600,7.8500,7.9000,7.9100,7.9200,7.9300,7.9400,34,92,112,231,224,6,127,240,82,61
SZ,002374,2017-01-03 09:41:57,7.8900,1,7890.0000,10,S,7.8900,7.8800,7.8700,7.8600,7.8500,7.9000,7.9100,7.9200,7.9300,7.9400,54,96,112,231,224,29,125,240,82,61
SZ,002374,2017-01-03 09:42:00,7.9000,4,22120.0000,28,B,7.8900,7.8800,7.8700,7.8600,7.8500,7.9000,7.9100,7.9200,7.9300,7.9400,54,113,112,231,224,1,117,240,82,61
SZ,002374,2017-01-03 09:42:06,7.9000,2,8690.0000,11,B,7.8900,7.8800,7.8700,7.8600,7.8500,7.9100,7.9200,7.9300,7.9400,7.9500,63,128,112,231,224,117,240,82,41,489
SZ,002374,2017-01-03 09:42:21,7.9100,1,19775.0000,25,B,7.9000,7.8900,7.8800,7.8700,7.8600,7.9100,7.9200,7.9300,7.9400,7.9500,1,67,117,112,231,243,240,82,11,489
SZ,002374,2017-01-03 09:42:30,7.9100,8,68792.0000,87,B,7.9000,7.8900,7.8800,7.8700,7.8600,7.9100,7.9200,7.9300,7.9400,7.9500,74,67,117,112,231,235,240,83,19,489
SZ,002374,2017-01-03 09:42:36,7.9000,1,1580.0000,2,S,7.9000,7.8900,7.8800,7.8700,7.8600,7.9100,7.9200,7.9300,7.9400,7.9500,72,79,117,112,231,235,240,83,21,489
SZ,002374,2017-01-03 09:42:39,7.9000,1,20540.0000,26,S,7.9000,7.8900,7.8800,7.8700,7.8600,7.9100,7.9200,7.9300,7.9400,7.9500,46,79,127,112,231,235,220,83,21,489
SZ,002374,2017-01-03 09:43:09,7.9100,4,39550.0000,50,B,7.9000,7.8900,7.8800,7.8700,7.8600,7.9100,7.9200,7.9300,7.9400,7.9500,86,59,137,112,231,225,230,94,21,489
SZ,002374,2017-01-03 09:43:12,7.9000,1,1580.0000,2,S,7.9000,7.8900,7.8800,7.8700,7.8600,7.9100,7.9200,7.9300,7.9400,7.9500,84,59,127,92,231,225,230,94,21,489
SZ,002374,2017-01-03 09:43:15,7.9000,1,790.0000,1,S,7.9000,7.8900,7.8800,7.8700,7.8600,7.9100,7.9200,7.9300,7.9400,7.9500,83,59,127,92,231,225,230,94,21,489
SZ,002374,2017-01-03 09:43:18,7.9000,4,56090.0000,71,S,7.9000,7.8900,7.8800,7.8700,7.8600,7.9100,7.9200,7.9300,7.9400,7.9500,82,59,127,92,226,225,230,94,21,489
SZ,002374,2017-01-03 09:43:27,7.9100,1,31640.0000,40,B,7.9000,7.8900,7.8800,7.8700,7.8600,7.9100,7.9200,7.9300,7.9400,7.9500,102,69,127,92,226,218,230,105,21,489
SZ,002374,2017-01-03 09:43:33,7.9100,1,11865.0000,15,B,7.9000,7.8900,7.8800,7.8700,7.8600,7.9100,7.9200,7.9300,7.9400,7.9500,222,69,127,92,226,203,230,105,21,489
SZ,002374,2017-01-03 09:43:36,7.9100,1,7910.0000,10,B,7.9000,7.8900,7.8800,7.8700,7.8600,7.9100,7.9200,7.9300,7.9400,7.9500,222,69,127,92,226,199,230,105,21,489
SZ,002374,2017-01-03 09:43:42,7.9000,3,45876.0000,58,S,7.9000,7.8900,7.8800,7.8700,7.8600,7.9100,7.9200,7.9300,7.9400,7.9500,233,69,147,97,226,153,259,105,21,489
SZ,002374,2017-01-03 09:43:48,7.9300,29,395935.0000,500,B,7.9000,7.8900,7.8800,7.8700,7.8600,7.9100,7.9300,7.9400,7.9500,7.9600,233,69,152,97,226,10,17,21,489,25
SZ,002374,2017-01-03 09:43:54,7.9100,2,7910.0000,10,B,7.9100,7.9000,7.8900,7.8800,7.8700,7.9300,7.9400,7.9500,7.9600,7.9700,30,113,69,152,97,17,31,489,25,10
SZ,002374,2017-01-03 09:44:06,7.9200,1,2376.0000,3,B,7.9200,7.9100,7.9000,7.8900,7.8800,7.9300,7.9400,7.9500,7.9600,7.9700,15,256,127,69,152,15,48,489,25,10
SZ,002374,2017-01-03 09:44:09,7.9200,1,1584.0000,2,S,7.9200,7.9100,7.9000,7.8900,7.8800,7.9300,7.9400,7.9500,7.9600,7.9700,13,256,127,69,152,15,53,489,25,10
SZ,002374,2017-01-03 09:44:12,7.9200,1,10296.0000,13,S,7.9100,7.9000,7.8900,7.8800,7.8700,7.9200,7.9300,7.9400,7.9500,7.9600,256,127,69,152,119,37,27,53,489,25
SZ,002374,2017-01-03 09:44:18,7.9300,5,58645.0000,74,B,7.9300,7.9100,7.9000,7.8900,7.8800,7.9400,7.9500,7.9600,7.9700,7.9800,46,296,114,60,152,158,489,25,10,154
SZ,002374,2017-01-03 09:44:24,7.9500,25,397277.0000,500,B,7.9300,7.9100,7.9000,7.8900,7.8800,7.9400,7.9500,7.9600,7.9700,7.9800,51,271,114,60,152,20,212,25,10,154
SZ,002374,2017-01-03 09:44:27,7.9300,1,23790.0000,30,S,7.9300,7.9100,7.9000,7.8900,7.8800,7.9400,7.9500,7.9600,7.9700,7.9800,21,271,137,60,152,20,212,25,10,154
SZ,002374,2017-01-03 09:44:30,7.9300,1,7930.0000,10,S,7.9300,7.9200,7.9100,7.9000,7.8900,7.9400,7.9500,7.9600,7.9700,7.9800,11,41,277,137,85,20,212,25,10,154
SZ,002374,2017-01-03 09:44:33,7.9400,2,8734.0000,11,B,7.9300,7.9200,7.9100,7.9000,7.8900,7.9400,7.9500,7.9600,7.9700,7.9800,22,41,277,137,85,49,212,25,10,154
SZ,002374,2017-01-03 09:44:36,7.9400,4,12702.0000,16,B,7.9300,7.9200,7.9100,7.9000,7.8900,7.9400,7.9500,7.9600,7.9700,7.9800,33,41,76,127,85,35,239,25,10,160
SZ,002374,2017-01-03 09:44:39,7.9400,1,794.0000,1,B,7.9300,7.9200,7.9100,7.9000,7.8900,7.9400,7.9500,7.9600,7.9700,7.9800,33,41,76,127,85,34,219,25,10,160
SZ,002374,2017-01-03 09:44:45,7.9300,3,27785.0000,35,S,7.9300,7.9200,7.9100,7.9000,7.8900,7.9400,7.9500,7.9600,7.9700,7.9800,73,54,76,127,85,4,219,25,10,160
SZ,002374,2017-01-03 09:44:48,7.9500,5,122426.0000,154,B,7.9400,7.9300,7.9200,7.9100,7.9000,7.9500,7.9600,7.9700,7.9800,7.9900,55,73,54,76,127,69,25,10,160,631
SZ,002374,2017-01-03 09:44:51,7.9500,5,54855.0000,69,B,7.9500,7.9400,7.9300,7.9200,7.9100,7.9600,7.9700,7.9800,7.9900,8.0000,41,75,136,54,76,25,16,160,631,266
SZ,002374,2017-01-03 09:44:54,7.9500,1,6360.0000,8,S,7.9500,7.9400,7.9300,7.9200,7.9100,7.9600,7.9700,7.9800,7.9900,8.0000,33,75,167,64,76,25,16,160,631,276
SZ,002374,2017-01-03 09:44:57,7.9700,6,47775.0000,60,B,7.9500,7.9400,7.9300,7.9200,7.9100,7.9700,7.9800,7.9900,8.0000,8.0100,53,86,167,64,76,1,180,631,276,24
SZ,002374,2017-01-03 09:45:00,7.9500,3,50085.0000,63,S,7.9400,7.9300,7.9200,7.9100,7.9000,7.9500,7.9600,7.9700,7.9800,7.9900,86,167,64,76,133,3,10,44,180,631
SZ,002374,2017-01-03 09:45:03,7.9700,5,19112.0000,24,B,7.9400,7.9300,7.9200,7.9100,7.9000,7.9500,7.9600,7.9700,7.9800,7.9900,86,167,64,76,133,10,50,33,180,626
SZ,002374,2017-01-03 09:45:09,7.9500,1,7950.0000,10,B,7.9500,7.9400,7.9300,7.9200,7.9100,7.9600,7.9700,7.9800,7.9900,8.0000,28,86,167,64,76,50,50,180,627,274
SZ,002374,2017-01-03 09:45:12,7.9500,4,41342.0000,52,S,7.9500,7.9400,7.9300,7.9200,7.9100,7.9600,7.9700,7.9800,7.9900,8.0000,58,86,167,64,76,48,119,180,619,276
SZ,002374,2017-01-03 09:45:15,7.9600,1,15124.0000,19,B,7.9500,7.9400,7.9300,7.9200,7.9100,7.9600,7.9700,7.9800,7.9900,8.0000,58,86,172,64,76,39,167,180,619,276
SZ,002374,2017-01-03 09:45:18,7.9500,2,8745.0000,11,S,7.9500,7.9400,7.9300,7.9200,7.9100,7.9600,7.9700,7.9800,7.9900,8.0000,98,86,172,31,76,39,167,180,619,276
SZ,002374,2017-01-03 09:45:21,7.9600,1,1592.0000,2,B,7.9500,7.9400,7.9300,7.9200,7.9100,7.9600,7.9700,7.9800,7.9900,8.0000,108,86,184,31,86,37,177,180,619,276
SZ,002374,2017-01-03 09:45:24,7.9600,11,139150.0000,175,B,7.9400,7.9300,7.9200,7.9100,7.9000,7.9600,7.9700,7.9800,7.9900,8.0000,86,173,31,86,125,51,187,180,619,376
SZ,002374,2017-01-03 09:45:27,7.9600,4,36616.0000,46,B,7.9400,7.9300,7.9200,7.9100,7.9000,7.9600,7.9700,7.9800,7.9900,8.0000,186,173,21,86,125,10,187,182,634,376
SZ,002374,2017-01-03 09:45:30,7.9600,4,28656.0000,36,B,7.9600,7.9500,7.9400,7.9300,7.9200,7.9700,7.9800,7.9900,8.0000,8.0100,11,1,186,213,21,190,187,664,376,24
SZ,002374,2017-01-03 09:45:33,7.9600,3,20701.0000,26,S,7.9500,7.9400,7.9300,7.9200,7.9100,7.9600,7.9700,7.9800,7.9900,8.0000,1,186,182,21,36,29,185,192,664,376
SZ,002374,2017-01-03 09:45:36,7.9600,3,11931.0000,15,B,7.9500,7.9400,7.9300,7.9200,7.9100,7.9600,7.9700,7.9800,7.9900,8.0000,10,182,182,21,109,19,185,192,664,376
SZ,002374,2017-01-03 09:45:42,7.9500,4,39750.0000,50,S,7.9500,7.9400,7.9300,7.9200,7.9100,7.9600,7.9700,7.9800,7.9900,8.0000,35,190,182,21,109,609,297,209,664,376
SZ,002374,2017-01-03 09:45:45,7.9500,3,15910.0000,20,S,7.9500,7.9400,7.9300,7.9200,7.9100,7.9600,7.9700,7.9800,7.9900,8.0000,25,190,182,21,109,599,297,209,664,376
SZ,002374,2017-01-03 09:45:48,7.9500,3,26235.0000,33,S,7.9400,7.9300,7.9200,7.9100,7.9000,7.9500,7.9600,7.9700,7.9800,7.9900,190,182,31,109,105,17,607,297,209,664
SZ,002374,2017-01-03 09:45:51,7.9500,2,29415.0000,37,B,7.9400,7.9300,7.9200,7.9100,7.9000,7.9500,7.9600,7.9700,7.9800,7.9900,178,182,72,109,105,51,617,297,209,664
SZ,002374,2017-01-03 09:46:00,7.9400,1,14292.0000,18,S,7.9400,7.9300,7.9200,7.9100,7.9000,7.9500,7.9600,7.9700,7.9800,7.9900,160,162,69,109,121,184,69,297,234,664
SZ,002374,2017-01-03 09:46:06,7.9400,3,15880.0000,20,S,7.9400,7.9300,7.9200,7.9100,7.9000,7.9500,7.9600,7.9700,7.9800,7.9900,110,162,69,109,141,209,79,327,234,664
SZ,002374,2017-01-03 09:46:09,7.9400,1,1588.0000,2,S,7.9400,7.9300,7.9200,7.9100,7.9000,7.9500,7.9600,7.9700,7.9800,7.9900,108,162,69,109,141,199,79,327,234,664
SZ,002374,2017-01-03 09:46:12,7.9500,14,186030.0000,234,B,7.9500,7.9400,7.9300,7.9200,7.9100,7.9600,7.9700,7.9800,7.9900,8.0000,199,108,162,69,109,79,327,234,664,445
SZ,002374,2017-01-03 09:46:15,7.9500,1,20670.0000,26,S,7.9500,7.9400,7.9300,7.9200,7.9100,7.9600,7.9700,7.9800,7.9900,8.0000,332,108,162,69,109,79,327,240,664,445
SZ,002374,2017-01-03 09:46:18,7.9600,2,15920.0000,20,B,7.9500,7.9400,7.9300,7.9200,7.9100,7.9600,7.9700,7.9800,7.9900,8.0000,332,108,162,69,103,59,327,240,664,445
SZ,002374,2017-01-03 09:46:24,7.9500,3,127210.0000,160,S,7.9500,7.9400,7.9300,7.9200,7.9100,7.9600,7.9700,7.9800,7.9900,8.0000,182,113,162,69,113,154,327,234,664,552
SZ,002374,2017-01-03 09:46:27,7.9600,7,71640.0000,90,B,7.9500,7.9400,7.9300,7.9200,7.9100,7.9600,7.9700,7.9800,7.9900,8.0000,182,113,162,69,113,114,327,240,664,552
SZ,002374,2017-01-03 09:46:30,7.9800,27,400001.0000,502,B,7.9500,7.9400,7.9300,7.9200,7.9100,7.9800,7.9900,8.0000,8.0100,8.0200,182,138,162,69,113,214,664,552,44,125
SZ,002374,2017-01-03 09:46:33,7.9600,2,11960.0000,15,S,7.9600,7.9500,7.9400,7.9300,7.9200,7.9800,7.9900,8.0000,8.0100,8.0200,6,182,138,162,69,204,664,557,44,125
SZ,002374,2017-01-03 09:46:36,7.9500,3,7161.0000,9,S,7.9500,7.9400,7.9300,7.9200,7.9100,7.9800,7.9900,8.0000,8.0100,8.0200,199,170,162,69,113,204,664,557,44,125
SZ,002374,2017-01-03 09:46:42,7.9700,1,30286.0000,38,B,7.9600,7.9500,7.9400,7.9300,7.9200,7.9700,7.9800,7.9900,8.0000,8.0100,246,213,170,157,69,14,203,664,557,44
SZ,002374,2017-01-03 09:46:48,7.9700,5,11954.0000,15,B,7.9700,7.9600,7.9500,7.9400,7.9300,7.9800,7.9900,8.0000,8.0100,8.0200,37,245,248,170,144,211,664,566,44,125
SZ,002374,2017-01-03 09:46:51,7.9700,7,36662.0000,46,S,7.9600,7.9500,7.9400,7.9300,7.9200,7.9700,7.9800,7.9900,8.0000,8.0100,265,288,170,144,69,12,211,714,566,44
SZ,002374,2017-01-03 09:46:54,7.9600,5,89232.0000,112,S,7.9600,7.9500,7.9400,7.9300,7.9200,7.9800,7.9900,8.0000,8.0100,8.0200,128,288,170,144,69,217,714,566,44,125
SZ,002374,2017-01-03 09:46:57,7.9800,4,41496.0000,52,B,7.9600,7.9500,7.9400,7.9300,7.9200,7.9800,7.9900,8.0000,8.0100,8.0200,128,288,170,144,69,165,714,566,44,125
SZ,002374,2017-01-03 09:47:03,7.9600,8,79704.0000,100,S,7.9600,7.9500,7.9400,7.9300,7.9200,7.9800,7.9900,8.0000,8.0100,8.0200,226,648,170,144,69,204,730,571,44,125
SZ,002374,2017-01-03 09:47:06,7.9800,37,402380.0000,504,B,7.9600,7.9500,7.9400,7.9300,7.9200,7.9800,8.0000,8.0100,8.0200,8.0300,226,648,170,144,69,100,571,44,125,140
SZ,002374,2017-01-03 09:47:09,7.9800,1,74214.0000,93,B,7.9700,7.9600,7.9500,7.9400,7.9300,7.9800,8.0000,8.0100,8.0200,8.0300,16,226,648,170,144,17,571,44,125,140
SZ,002374,2017-01-03 09:47:12,7.9700,2,12752.0000,16,S,7.9600,7.9500,7.9400,7.9300,7.9200,7.9700,7.9800,8.0000,8.0100,8.0200,251,648,170,144,69,227,43,571,44,125
SZ,002374,2017-01-03 09:47:21,7.9600,2,40597.0000,51,S,7.9600,7.9500,7.9400,7.9300,7.9200,7.9700,7.9800,7.9900,8.0000,8.0100,223,648,170,164,69,239,103,26,579,44
SZ,002374,2017-01-03 09:47:24,7.9700,7,155365.0000,195,B,7.9600,7.9500,7.9400,7.9300,7.9200,7.9700,7.9800,7.9900,8.0000,8.0100,173,648,170,164,69,113,107,26,577,44
SZ,002374,2017-01-03 09:47:27,7.9700,11,128341.0000,161,B,7.9700,7.9600,7.9500,7.9400,7.9300,7.9800,7.9900,8.0000,8.0100,8.0200,26,173,651,162,164,83,146,577,44,145
SZ,002374,2017-01-03 09:47:30,7.9800,1,3192.0000,4,B,7.9700,7.9600,7.9500,7.9400,7.9300,7.9800,7.9900,8.0000,8.0100,8.0200,26,160,651,162,164,79,157,582,44,145
SZ,002374,2017-01-03 09:47:36,7.9800,6,58254.0000,73,B,7.9700,7.9600,7.9500,7.9400,7.9300,7.9800,7.9900,8.0000,8.0100,8.0200,26,160,651,162,164,25,161,587,34,145
SZ,002374,2017-01-03 09:47:42,7.9600,9,77328.0000,97,S,7.9600,7.9500,7.9400,7.9300,7.9200,7.9700,7.9800,7.9900,8.0000,8.0100,159,628,162,164,87,76,285,281,556,34
SZ,002374,2017-01-03 09:47:45,7.9700,3,47820.0000,60,B,7.9600,7.9500,7.9400,7.9300,7.9200,7.9700,7.9800,7.9900,8.0000,8.0100,159,628,162,164,87,16,299,281,556,34
SZ,002374,2017-01-03 09:47:48,7.9700,2,23910.0000,30,B,7.9600,7.9500,7.9400,7.9300,7.9200,7.9700,7.9800,7.9900,8.0000,8.0100,175,628,162,164,87,6,332,281,556,34
SZ,002374,2017-01-03 09:47:51,7.9700,2,7970.0000,10,B,7.9600,7.9500,7.9400,7.9300,7.9200,7.9700,7.9800,7.9900,8.0000,8.0100,215,628,162,164,87,6,432,277,559,34
SZ,002374,2017-01-03 09:47:54,7.9700,2,199250.0000,250,B,7.9600,7.9500,7.9400,7.9300,7.9200,7.9700,7.9800,7.9900,8.0000,8.0100,215,628,162,164,87,92,452,277,559,34
SZ,002374,2017-01-03 09:47:57,7.9700,1,7970.0000,10,B,7.9600,7.9500,7.9400,7.9300,7.9200,7.9700,7.9800,7.9900,8.0000,8.0100,223,628,162,164,87,86,452,277,579,34
SZ,002374,2017-01-03 09:48:03,7.9700,1,15940.0000,20,B,7.9600,7.9500,7.9400,7.9300,7.9200,7.9700,7.9800,7.9900,8.0000,8.0100,228,628,162,164,87,66,462,277,576,34
SZ,002374,2017-01-03 09:48:06,7.9600,3,27084.0000,34,S,7.9600,7.9500,7.9400,7.9300,7.9200,7.9700,7.9800,7.9900,8.0000,8.0100,214,628,162,164,87,51,462,277,580,34
SZ,002374,2017-01-03 09:48:09,7.9700,6,60572.0000,76,B,7.9700,7.9600,7.9500,7.9400,7.9300,7.9800,7.9900,8.0000,8.0100,8.0200,74,214,638,162,164,458,277,580,34,155
SZ,002374,2017-01-03 09:48:15,7.9700,3,43835.0000,55,S,7.9700,7.9600,7.9500,7.9400,7.9300,7.9800,7.9900,8.0000,8.0100,8.0200,177,182,638,162,160,458,179,540,34,155
SZ,002374,2017-01-03 09:48:18,7.9700,2,7970.0000,10,S,7.9700,7.9600,7.9500,7.9400,7.9300,7.9800,7.9900,8.0000,8.0100,8.0200,167,182,638,162,160,505,179,540,34,155
SZ,002374,2017-01-03 09:48:21,7.9700,1,3188.0000,4,S,7.9700,7.9600,7.9500,7.9400,7.9300,7.9800,7.9900,8.0000,8.0100,8.0200,176,182,638,162,160,505,199,540,34,155
SZ,002374,2017-01-03 09:48:24,7.9700,1,3188.0000,4,S,7.9700,7.9600,7.9500,7.9400,7.9300,7.9800,7.9900,8.0000,8.0100,8.0200,172,204,638,162,160,505,205,540,34,155
SZ,002374,2017-01-03 09:48:27,7.9700,7,64557.0000,81,S,7.9700,7.9600,7.9500,7.9400,7.9300,7.9800,7.9900,8.0000,8.0100,8.0200,91,404,638,162,160,505,205,540,34,155
SZ,002374,2017-01-03 09:48:30,7.9800,2,11960.0000,15,B,7.9700,7.9600,7.9500,7.9400,7.9300,7.9800,7.9900,8.0000,8.0100,8.0200,81,404,638,162,160,520,244,540,34,155
SZ,002374,2017-01-03 09:48:33,7.9700,6,66151.0000,83,S,7.9600,7.9500,7.9400,7.9300,7.9200,7.9700,7.9800,7.9900,8.0000,8.0100,404,638,162,160,74,91,523,244,540,34
SZ,002374,2017-01-03 09:48:36,7.9700,1,39850.0000,50,B,7.9600,7.9500,7.9400,7.9300,7.9200,7.9700,7.9800,7.9900,8.0000,8.0100,404,638,162,160,74,91,533,244,547,34
SZ,002374,2017-01-03 09:48:42,7.9700,2,14346.0000,18,B,7.9600,7.9500,7.9400,7.9300,7.9200,7.9700,7.9800,7.9900,8.0000,8.0100,404,638,162,160,74,97,565,244,539,34
SZ,002374,2017-01-03 09:48:48,7.9600,2,23880.0000,30,S,7.9600,7.9500,7.9400,7.9300,7.9200,7.9700,7.9800,7.9900,8.0000,8.0100,374,638,162,160,74,197,528,245,559,160
SZ,002374,2017-01-03 09:48:51,7.9700,2,5579.0000,7,B,7.9600,7.9500,7.9400,7.9300,7.9200,7.9700,7.9800,7.9900,8.0000,8.0100,374,638,162,160,74,192,508,245,559,160
SZ,002374,2017-01-03 09:48:54,7.9700,1,6376.0000,8,B,7.9600,7.9500,7.9400,7.9300,7.9200,7.9700,7.9800,7.9900,8.0000,8.0100,374,638,162,160,74,184,508,245,565,160
SZ,002374,2017-01-03 09:48:57,7.9600,1,23880.0000,30,S,7.9600,7.9500,7.9400,7.9300,7.9200,7.9700,7.9800,7.9900,8.0000,8.0100,354,638,162,160,74,184,521,245,565,160
SZ,002374,2017-01-03 09:49:00,7.9700,2,15940.0000,20,B,7.9600,7.9500,7.9400,7.9300,7.9200,7.9700,7.9800,7.9900,8.0000,8.0100,354,638,162,160,74,177,521,255,565,160
SZ,002374,2017-01-03 09:49:06,7.9600,3,20696.0000,26,S,7.9600,7.9500,7.9400,7.9300,7.9200,7.9700,7.9800,7.9900,8.0000,8.0100,338,638,162,160,74,237,521,255,566,160
SZ,002374,2017-01-03 09:49:09,7.9600,11,185678.0000,233,S,7.9600,7.9500,7.9400,7.9300,7.9200,7.9700,7.9800,7.9900,8.0000,8.0100,355,638,162,160,74,75,533,255,566,160
SZ,002374,2017-01-03 09:49:12,7.9700,3,30286.0000,38,B,7.9600,7.9500,7.9400,7.9300,7.9200,7.9700,7.9800,7.9900,8.0000,8.0100,355,638,162,160,74,79,453,255,566,160
SZ,002374,2017-01-03 09:49:21,7.9700,2,31880.0000,40,B,7.9600,7.9500,7.9400,7.9300,7.9200,7.9700,7.9800,7.9900,8.0000,8.0100,355,651,162,160,74,155,453,265,577,160
SZ,002374,2017-01-03 09:49:24,7.9700,3,10361.0000,13,B,7.9600,7.9500,7.9400,7.9300,7.9200,7.9700,7.9800,7.9900,8.0000,8.0100,355,633,162,160,74,142,463,265,577,160
SZ,002374,2017-01-03 09:49:27,7.9700,5,30283.0000,38,B,7.9600,7.9500,7.9400,7.9300,7.9200,7.9700,7.9800,7.9900,8.0000,8.0100,352,633,162,160,74,260,463,265,577,160
SZ,002374,2017-01-03 09:49:30,7.9600,5,26291.0000,33,S,7.9600,7.9500,7.9400,7.9300,7.9200,7.9700,7.9800,7.9900,8.0000,8.0100,342,633,162,160,74,237,500,265,577,160
SZ,002374,2017-01-03 09:49:33,7.9700,2,22316.0000,28,B,7.9600,7.9500,7.9400,7.9300,7.9200,7.9700,7.9800,7.9900,8.0000,8.0100,142,633,162,160,74,235,490,265,587,162
SZ,002374,2017-01-03 09:49:36,7.9600,3,15930.0000,20,S,7.9600,7.9500,7.9400,7.9300,7.9200,7.9700,7.9800,7.9900,8.0000,8.0100,132,633,162,160,74,228,490,265,587,162
SZ,002374,2017-01-03 09:49:39,7.9600,2,7960.0000,10,S,7.9600,7.9500,7.9400,7.9300,7.9200,7.9700,7.9800,7.9900,8.0000,8.0100,142,643,162,160,74,228,493,265,587,162
SZ,002374,2017-01-03 09:49:42,7.9700,1,2391.0000,3,B,7.9600,7.9500,7.9400,7.9300,7.9200,7.9700,7.9800,7.9900,8.0000,8.0100,142,643,162,160,74,229,493,271,587,162
SZ,002374,2017-01-03 09:49:51,7.9700,10,184904.0000,232,B,7.9600,7.9500,7.9400,7.9300,7.9200,7.9700,7.9800,7.9900,8.0000,8.0100,363,643,162,160,74,33,471,291,587,162
SZ,002374,2017-01-03 09:49:54,7.9700,4,26269.0000,33,B,7.9600,7.9500,7.9400,7.9300,7.9200,7.9700,7.9800,7.9900,8.0000,8.0100,360,643,162,160,74,82,471,291,587,162
SZ,002374,2017-01-03 09:50:00,7.9700,3,15940.0000,20,B,7.9600,7.9500,7.9400,7.9300,7.9200,7.9700,7.9800,7.9900,8.0000,8.0100,360,632,162,165,74,97,471,291,587,162
SZ,002374,2017-01-03 09:50:03,7.9700,6,107594.0000,135,B,7.9600,7.9500,7.9400,7.9300,7.9200,7.9700,7.9800,7.9900,8.0000,8.0100,359,632,162,165,74,94,451,291,587,162
SZ,002374,2017-01-03 09:50:06,7.9700,5,10349.0000,13,B,7.9600,7.9500,7.9400,7.9300,7.9200,7.9700,7.9800,7.9900,8.0000,8.0100,347,632,162,165,74,193,451,291,597,162
SZ,002374,2017-01-03 09:50:09,7.9700,1,8767.0000,11,B,7.9600,7.9500,7.9400,7.9300,7.9200,7.9700,7.9800,7.9900,8.0000,8.0100,368,619,162,165,74,182,451,291,601,162
SZ,002374,2017-01-03 09:50:18,7.9700,4,31870.0000,40,B,7.9600,7.9500,7.9400,7.9300,7.9200,7.9700,7.9800,7.9900,8.0000,8.0100,368,669,162,165,74,162,431,291,604,162
SZ,002374,2017-01-03 09:50:27,7.9700,4,16725.0000,21,B,7.9600,7.9500,7.9400,7.9300,7.9200,7.9700,7.9800,7.9900,8.0000,8.0100,366,669,162,165,74,180,431,291,605,162
SZ,002374,2017-01-03 09:50:30,7.9700,1,3985.0000,5,B,7.9600,7.9500,7.9400,7.9300,7.9200,7.9700,7.9800,7.9900,8.0000,8.0100,166,669,162,165,74,175,431,291,605,162
SZ,002374,2017-01-03 09:50:36,7.9500,9,159175.0000,200,S,7.9500,7.9400,7.9300,7.9200,7.9100,7.9600,7.9700,7.9800,7.9900,8.0000,644,162,165,74,106,55,192,431,265,605
SZ,002374,2017-01-03 09:50:39,7.9600,1,2388.0000,3,B,7.9500,7.9400,7.9300,7.9200,7.9100,7.9600,7.9700,7.9800,7.9900,8.0000,644,162,165,74,106,52,192,431,265,605
SZ,002374,2017-01-03 09:50:45,7.9600,2,3980.0000,5,B,7.9500,7.9400,7.9300,7.9200,7.9100,7.9600,7.9700,7.9800,7.9900,8.0000,649,162,165,74,106,110,192,431,265,611
SZ,002374,2017-01-03 09:50:48,7.9500,10,500055.0000,629,S,7.9400,7.9300,7.9200,7.9100,7.9000,7.9500,7.9600,7.9700,7.9800,7.9900,162,165,74,106,190,1213,180,212,431,259
SZ,002374,2017-01-03 09:50:51,7.9500,2,241680.0000,304,B,7.9400,7.9300,7.9200,7.9100,7.9000,7.9500,7.9600,7.9700,7.9800,7.9900,162,165,74,106,190,1604,180,236,394,269
SZ,002374,2017-01-03 09:50:57,7.9500,3,170116.0000,214,B,7.9400,7.9300,7.9200,7.9100,7.9000,7.9500,7.9600,7.9700,7.9800,7.9900,148,165,74,106,190,495,210,236,399,269
SZ,002374,2017-01-03 09:51:00,7.9400,6,117512.0000,148,S,7.9300,7.9200,7.9100,7.9000,7.8900,7.9400,7.9500,7.9600,7.9700,7.9800,165,74,106,190,20,811,495,210,237,399
SZ,002374,2017-01-03 09:51:03,7.9400,1,3970.0000,5,B,7.9300,7.9200,7.9100,7.9000,7.8900,7.9400,7.9500,7.9600,7.9700,7.9800,165,74,106,190,20,100,495,210,245,399
SZ,002374,2017-01-03 09:51:09,7.9300,12,432525.0000,545,S,7.9200,7.9100,7.9000,7.8900,7.8800,7.9300,7.9600,7.9700,7.9800,7.9900,68,106,190,12,124,365,215,252,399,259
SZ,002374,2017-01-03 09:51:21,7.9200,5,93506.0000,118,S,7.9100,7.9000,7.8900,7.8800,7.8700,7.9200,7.9300,7.9400,7.9500,7.9600,111,180,12,120,119,363,305,10,79,215
SZ,002374,2017-01-03 09:51:24,7.9200,2,55440.0000,70,B,7.9100,7.9000,7.8900,7.8800,7.8700,7.9200,7.9300,7.9400,7.9500,7.9600,114,180,12,120,119,294,305,10,79,215
SZ,002374,2017-01-03 09:51:27,7.9300,8,91062.0000,115,B,7.9100,7.9000,7.8900,7.8800,7.8700,7.9300,7.9400,7.9500,7.9600,7.9700,53,180,12,120,119,257,10,79,215,154
SZ,002374,2017-01-03 09:51:33,7.9100,5,45087.0000,57,S,7.9000,7.8900,7.8800,7.8700,7.8600,7.9100,7.9300,7.9400,7.9500,7.9600,180,12,120,119,135,236,257,10,79,215
SZ,002374,2017-01-03 09:51:36,7.9300,8,196244.0000,248,B,7.9000,7.8900,7.8800,7.8700,7.8600,7.9300,7.9400,7.9500,7.9600,7.9700,114,12,120,119,135,186,5,79,215,154
SZ,002374,2017-01-03 09:51:45,7.9100,3,98975.0000,125,S,7.9100,7.9000,7.8900,7.8800,7.8700,7.9300,7.9400,7.9500,7.9600,7.9700,217,164,70,107,100,186,5,79,210,154
SZ,002374,2017-01-03 09:51:48,7.9300,2,70577.0000,89,B,7.9100,7.9000,7.8900,7.8800,7.8700,7.9300,7.9400,7.9500,7.9600,7.9700,217,164,70,107,100,97,5,79,210,141
SZ,002374,2017-01-03 09:51:54,7.9300,3,42817.0000,54,B,7.9100,7.9000,7.8900,7.8800,7.8700,7.9300,7.9400,7.9500,7.9600,7.9700,279,179,136,109,100,48,5,79,220,141
SZ,002374,2017-01-03 09:51:57,7.9200,2,31680.0000,40,S,7.9100,7.9000,7.8900,7.8800,7.8700,7.9200,7.9300,7.9400,7.9500,7.9600,357,179,136,109,100,78,48,5,79,220
SZ,002374,2017-01-03 09:52:00,7.9200,1,2376.0000,3,B,7.9100,7.9000,7.8900,7.8800,7.8700,7.9200,7.9300,7.9400,7.9500,7.9600,357,195,136,109,100,75,48,5,79,220
SZ,002374,2017-01-03 09:52:03,7.9200,1,1584.0000,2,B,7.9100,7.9000,7.8900,7.8800,7.8700,7.9200,7.9300,7.9400,7.9500,7.9600,357,195,136,109,100,73,48,5,79,220
SZ,002374,2017-01-03 09:52:09,7.9200,3,54648.0000,69,B,7.9100,7.9000,7.8900,7.8800,7.8700,7.9200,7.9300,7.9400,7.9500,7.9600,377,179,136,109,115,204,53,5,79,220
SZ,002374,2017-01-03 09:52:15,7.9200,3,52272.0000,66,B,7.9100,7.9000,7.8900,7.8800,7.8700,7.9200,7.9300,7.9400,7.9500,7.9600,395,179,136,109,115,138,53,5,82,220
SZ,002374,2017-01-03 09:52:18,7.9200,2,19800.0000,25,B,7.9100,7.9000,7.8900,7.8800,7.8700,7.9200,7.9300,7.9400,7.9500,7.9600,395,199,136,109,115,113,53,5,82,227
SZ,002374,2017-01-03 09:52:21,7.9200,2,12672.0000,16,B,7.9100,7.9000,7.8900,7.8800,7.8700,7.9200,7.9300,7.9400,7.9500,7.9600,395,199,136,109,115,110,53,5,82,227
SZ,002374,2017-01-03 09:52:24,7.9200,3,87120.0000,110,B,7.9200,7.9100,7.9000,7.8900,7.8800,7.9300,7.9400,7.9500,7.9600,7.9700,90,395,199,136,109,53,5,132,227,151
SZ,002374,2017-01-03 09:52:30,7.9200,1,4752.0000,6,S,7.9200,7.9100,7.9000,7.8900,7.8800,7.9300,7.9400,7.9500,7.9600,7.9700,324,418,199,136,109,53,15,132,227,151
SZ,002374,2017-01-03 09:52:33,7.9200,4,83952.0000,106,S,7.9200,7.9100,7.9000,7.8900,7.8800,7.9300,7.9400,7.9500,7.9600,7.9700,218,418,199,136,158,53,15,132,227,156
SZ,002374,2017-01-03 09:52:36,7.9200,2,1585.0000,2,S,7.9200,7.9100,7.9000,7.8900,7.8800,7.9300,7.9400,7.9500,7.9600,7.9700,217,418,199,136,158,52,10,132,227,156
SZ,002374,2017-01-03 09:52:39,7.9300,1,7930.0000,10,B,7.9200,7.9100,7.9000,7.8900,7.8800,7.9300,7.9400,7.9500,7.9600,7.9700,217,418,199,136,158,43,10,132,227,156
SZ,002374,2017-01-03 09:52:42,7.9200,1,7920.0000,10,S,7.9200,7.9100,7.9000,7.8900,7.8800,7.9300,7.9400,7.9500,7.9600,7.9700,207,418,199,136,158,43,10,132,227,158
SZ,002374,2017-01-03 09:52:48,7.9300,4,34099.0000,43,B,7.9300,7.9200,7.9100,7.9000,7.8900,7.9400,7.9500,7.9600,7.9700,7.9800,57,237,452,206,136,10,132,227,158,431
SZ,002374,2017-01-03 09:53:06,7.9400,1,3176.0000,4,B,7.9300,7.9200,7.9100,7.9000,7.8900,7.9400,7.9500,7.9600,7.9700,7.9800,81,299,459,210,136,26,143,227,158,431
SZ,002374,2017-01-03 09:53:12,7.9300,1,793.0000,1,S,7.9300,7.9200,7.9100,7.9000,7.8900,7.9400,7.9500,7.9600,7.9700,7.9800,118,307,452,210,136,46,143,227,158,431
SZ,002374,2017-01-03 09:53:15,7.9300,1,1586.0000,2,S,7.9300,7.9200,7.9100,7.9000,7.8900,7.9400,7.9500,7.9600,7.9700,7.9800,116,307,444,210,136,46,143,233,158,431
SZ,002374,2017-01-03 09:53:18,7.9400,1,2382.0000,3,B,7.9300,7.9200,7.9100,7.9000,7.8900,7.9400,7.9500,7.9600,7.9700,7.9800,116,307,434,208,136,43,143,233,158,431
SZ,002374,2017-01-03 09:53:21,7.9400,6,33348.0000,42,B,7.9300,7.9200,7.9100,7.9000,7.8900,7.9400,7.9500,7.9600,7.9700,7.9800,121,307,434,208,136,1,143,233,158,431
SZ,002374,2017-01-03 09:53:24,7.9400,1,794.0000,1,B,7.9400,7.9300,7.9200,7.9100,7.9000,7.9500,7.9600,7.9700,7.9800,7.9900,299,121,307,434,208,143,233,158,431,369
SZ,002374,2017-01-03 09:53:27,7.9400,1,86546.0000,109,S,7.9400,7.9300,7.9200,7.9100,7.9000,7.9500,7.9600,7.9700,7.9800,7.9900,212,121,307,434,209,143,233,158,431,369
SZ,002374,2017-01-03 09:53:42,7.9500,2,14300.0000,18,B,7.9400,7.9300,7.9200,7.9100,7.9000,7.9500,7.9600,7.9700,7.9800,7.9900,232,130,317,439,209,151,233,158,451,369
SZ,002374,2017-01-03 09:53:45,7.9400,2,25408.0000,32,S,7.9400,7.9300,7.9200,7.9100,7.9000,7.9500,7.9600,7.9700,7.9800,7.9900,200,140,317,439,209,151,233,158,451,369
SZ,002374,2017-01-03 09:53:48,7.9400,2,2382.0000,3,S,7.9400,7.9300,7.9200,7.9100,7.9000,7.9500,7.9600,7.9700,7.9800,7.9900,203,140,316,439,209,101,233,154,457,369
SZ,002374,2017-01-03 09:54:00,7.9500,2,41340.0000,52,B,7.9400,7.9300,7.9200,7.9100,7.9000,7.9500,7.9600,7.9700,7.9800,7.9900,203,196,139,439,209,56,233,141,457,369
SZ,002374,2017-01-03 09:54:03,7.9400,12,200932.0000,253,S,7.9300,7.9200,7.9100,7.9000,7.8900,7.9400,7.9500,7.9600,7.9700,7.9800,196,139,439,209,636,97,16,233,141,457
SZ,002374,2017-01-03 09:54:21,7.9300,10,155428.0000,196,S,7.9200,7.9100,7.9000,7.8900,7.8800,7.9300,7.9400,7.9500,7.9600,7.9700,139,421,209,636,163,51,99,111,233,141
SZ,002374,2017-01-03 09:54:24,7.9300,1,23790.0000,30,B,7.9200,7.9100,7.9000,7.8900,7.8800,7.9300,7.9400,7.9500,7.9600,7.9700,139,421,199,636,163,21,99,111,233,141
SZ,002374,2017-01-03 09:54:33,7.9300,2,23790.0000,30,B,7.9200,7.9100,7.9000,7.8900,7.8800,7.9300,7.9400,7.9500,7.9600,7.9700,139,421,199,636,163,25,99,111,183,141
SZ,002374,2017-01-03 09:54:57,7.9200,4,39600.0000,50,S,7.9200,7.9100,7.9000,7.8900,7.8800,7.9300,7.9400,7.9500,7.9600,7.9700,94,381,214,636,163,32,149,111,183,141
SZ,002374,2017-01-03 09:55:03,7.9200,8,74448.0000,94,S,7.9100,7.9000,7.8900,7.8800,7.8700,7.9200,7.9300,7.9400,7.9500,7.9600,381,204,636,163,180,196,32,149,111,183
SZ,002374,2017-01-03 09:55:15,7.9100,1,11074.0000,14,S,7.9100,7.9000,7.8900,7.8800,7.8700,7.9200,7.9300,7.9400,7.9500,7.9600,363,189,636,163,180,196,45,149,101,183
SZ,002374,2017-01-03 09:55:18,7.9100,1,3955.0000,5,S,7.9100,7.9000,7.8900,7.8800,7.8700,7.9200,7.9300,7.9400,7.9500,7.9600,358,189,636,163,130,196,45,99,101,183
SZ,002374,2017-01-03 09:55:21,7.9100,6,218344.0000,276,S,7.9100,7.9000,7.8900,7.8800,7.8700,7.9200,7.9300,7.9400,7.9500,7.9600,110,189,636,163,130,168,45,99,101,183
SZ,002374,2017-01-03 09:55:24,7.9200,2,66528.0000,84,B,7.9100,7.9000,7.8900,7.8800,7.8700,7.9200,7.9300,7.9400,7.9500,7.9600,110,209,586,163,130,84,45,99,101,183
SZ,002374,2017-01-03 09:55:27,7.9100,4,57743.0000,73,S,7.9100,7.9000,7.8900,7.8800,7.8700,7.9200,7.9300,7.9400,7.9500,7.9600,37,209,586,163,130,84,45,99,101,120
SZ,002374,2017-01-03 09:55:30,7.9100,2,7910.0000,10,S,7.9100,7.9000,7.8900,7.8800,7.8700,7.9200,7.9300,7.9400,7.9500,7.9600,80,209,586,163,130,152,45,99,101,120
SZ,002374,2017-01-03 09:55:33,7.9100,2,10283.0000,13,S,7.9100,7.9000,7.8900,7.8800,7.8700,7.9200,7.9300,7.9400,7.9500,7.9600,45,209,586,163,130,152,45,99,101,120
SZ,002374,2017-01-03 09:55:36,7.9100,1,35595.0000,45,S,7.9000,7.8900,7.8800,7.8700,7.8600,7.9100,7.9200,7.9300,7.9400,7.9500,209,586,163,130,169,55,152,639,99,101
SZ,002374,2017-01-03 09:55:42,7.9100,1,7910.0000,10,B,7.9000,7.8900,7.8800,7.8700,7.8600,7.9100,7.9200,7.9300,7.9400,7.9500,231,586,163,130,169,45,152,601,99,101
SZ,002374,2017-01-03 09:55:45,7.9000,2,20565.0000,26,S,7.9000,7.8900,7.8800,7.8700,7.8600,7.9100,7.9200,7.9300,7.9400,7.9500,230,586,163,130,169,20,152,601,99,101
SZ,002374,2017-01-03 09:55:51,7.9100,11,99560.0000,126,B,7.9100,7.9000,7.8900,7.8800,7.8700,7.9200,7.9300,7.9400,7.9500,7.9600,72,141,586,163,130,152,601,99,101,145
SZ,002374,2017-01-03 09:55:54,7.9300,4,126727.0000,160,B,7.9100,7.9000,7.8900,7.8800,7.8700,7.9300,7.9400,7.9500,7.9600,7.9700,82,141,586,163,130,593,99,101,145,260
SZ,002374,2017-01-03 09:55:57,7.9000,5,79082.0000,100,S,7.9000,7.8900,7.8800,7.8700,7.8600,7.9200,7.9300,7.9400,7.9500,7.9600,123,586,163,180,169,5,593,99,101,146
SZ,002374,2017-01-03 09:56:00,7.9200,2,14230.0000,18,B,7.9200,7.9000,7.8900,7.8800,7.8700,7.9300,7.9400,7.9500,7.9600,7.9700,5,110,586,163,180,593,99,101,146,260
SZ,002374,2017-01-03 09:56:03,7.9200,1,3960.0000,5,S,7.9000,7.8900,7.8800,7.8700,7.8600,7.9100,7.9200,7.9300,7.9400,7.9500,120,586,163,180,189,8,260,593,99,101
SZ,002374,2017-01-03 09:56:06,7.9200,2,7912.0000,10,B,7.9000,7.8900,7.8800,7.8700,7.8600,7.9200,7.9300,7.9400,7.9500,7.9600,124,586,163,180,189,258,638,99,101,146
SZ,002374,2017-01-03 09:56:21,7.9200,3,11870.0000,15,B,7.9100,7.9000,7.8900,7.8800,7.8700,7.9200,7.9300,7.9400,7.9500,7.9600,7,138,586,163,180,272,638,102,111,145
SZ,002374,2017-01-03 09:56:33,7.9100,4,41159.0000,52,S,7.9100,7.9000,7.8900,7.8800,7.8700,7.9200,7.9300,7.9400,7.9500,7.9600,84,175,586,163,180,245,638,106,123,145
SZ,002374,2017-01-03 09:56:36,7.9200,1,1584.0000,2,B,7.9100,7.9000,7.8900,7.8800,7.8700,7.9200,7.9300,7.9400,7.9500,7.9600,84,175,591,163,180,243,638,106,123,145
SZ,002374,2017-01-03 09:56:57,7.9100,5,83892.0000,106,S,7.9100,7.9000,7.8900,7.8800,7.8700,7.9200,7.9300,7.9400,7.9500,7.9600,41,226,606,183,180,230,638,106,123,145
SZ,002374,2017-01-03 09:57:00,7.9200,1,3960.0000,5,B,7.9100,7.9000,7.8900,7.8800,7.8700,7.9200,7.9300,7.9400,7.9500,7.9600,41,226,606,183,180,255,593,106,123,145
SZ,002374,2017-01-03 09:57:03,7.9100,1,7119.0000,9,S,7.9100,7.9000,7.8900,7.8800,7.8700,7.9200,7.9300,7.9400,7.9500,7.9600,32,226,606,183,180,255,593,106,123,145
SZ,002374,2017-01-03 09:57:06,7.9200,1,8712.0000,11,B,7.9100,7.9000,7.8900,7.8800,7.8700,7.9200,7.9300,7.9400,7.9500,7.9600,95,230,606,183,180,244,593,106,123,145
SZ,002374,2017-01-03 09:57:15,7.9200,1,15048.0000,19,B,7.9100,7.9000,7.8900,7.8800,7.8700,7.9200,7.9300,7.9400,7.9500,7.9600,119,220,606,183,190,246,593,106,123,145
SZ,002374,2017-01-03 09:57:18,7.9100,1,1582.0000,2,S,7.9100,7.9000,7.8900,7.8800,7.8700,7.9200,7.9300,7.9400,7.9500,7.9600,117,220,606,183,190,216,593,102,123,145
SZ,002374,2017-01-03 09:57:21,7.9200,1,2376.0000,3,B,7.9100,7.9000,7.8900,7.8800,7.8700,7.9200,7.9300,7.9400,7.9500,7.9600,117,320,606,183,190,213,593,102,123,155
SZ,002374,2017-01-03 09:57:33,7.9100,1,791.0000,1,S,7.9100,7.9000,7.8900,7.8800,7.8700,7.9200,7.9300,7.9400,7.9500,7.9600,176,320,606,183,190,213,593,102,123,155
SZ,002374,2017-01-03 09:57:48,7.9200,1,24552.0000,31,B,7.9100,7.9000,7.8900,7.8800,7.8700,7.9200,7.9300,7.9400,7.9500,7.9600,231,306,606,183,190,212,593,102,123,155
SZ,002374,2017-01-03 09:58:15,7.9200,2,8712.0000,11,B,7.9100,7.9000,7.8900,7.8800,7.8700,7.9200,7.9300,7.9400,7.9500,7.9600,200,319,548,183,190,86,593,102,123,155
SZ,002374,2017-01-03 09:58:18,7.9200,6,118800.0000,150,B,7.9100,7.9000,7.8900,7.8800,7.8700,7.9200,7.9300,7.9400,7.9500,7.9600,200,319,548,183,190,73,593,102,113,155
SZ,002374,2017-01-03 09:58:27,7.9100,1,791.0000,1,S,7.9100,7.9000,7.8900,7.8800,7.8700,7.9200,7.9300,7.9400,7.9500,7.9600,296,315,548,183,190,73,593,102,113,155
SZ,002374,2017-01-03 09:58:33,7.9100,3,23730.0000,30,S,7.9100,7.9000,7.8900,7.8800,7.8700,7.9200,7.9300,7.9400,7.9500,7.9600,286,315,548,183,190,53,593,102,83,155
SZ,002374,2017-01-03 09:58:39,7.9200,2,18216.0000,23,B,7.9100,7.9000,7.8900,7.8800,7.8700,7.9200,7.9300,7.9400,7.9500,7.9600,286,322,564,183,190,30,593,102,83,155
SZ,002374,2017-01-03 09:58:48,7.9200,5,42768.0000,54,B,7.9200,7.9100,7.9000,7.8900,7.8800,7.9300,7.9400,7.9500,7.9600,7.9700,46,286,322,564,183,593,102,83,155,246
SZ,002374,2017-01-03 09:58:51,7.9200,1,23760.0000,30,S,7.9200,7.9100,7.9000,7.8900,7.8800,7.9300,7.9400,7.9500,7.9600,7.9700,16,286,322,564,183,593,102,83,155,246
SZ,002374,2017-01-03 09:58:54,7.9200,2,12672.0000,16,S,7.9100,7.9000,7.8900,7.8800,7.8700,7.9200,7.9300,7.9400,7.9500,7.9600,286,327,564,183,190,6,593,102,83,155
SZ,002374,2017-01-03 09:58:57,7.9200,3,25344.0000,32,B,7.9100,7.9000,7.8900,7.8800,7.8700,7.9200,7.9300,7.9400,7.9500,7.9600,286,327,564,183,190,99,593,102,71,155
SZ,002374,2017-01-03 09:59:00,7.9200,1,4752.0000,6,B,7.9100,7.9000,7.8900,7.8800,7.8700,7.9200,7.9300,7.9400,7.9500,7.9600,286,327,564,183,190,93,593,102,71,155
SZ,002374,2017-01-03 09:59:09,7.9200,1,3960.0000,5,B,7.9100,7.9000,7.8900,7.8800,7.8700,7.9200,7.9300,7.9400,7.9500,7.9600,281,327,564,183,190,243,593,102,71,155
SZ,002374,2017-01-03 09:59:12,7.9200,4,116424.0000,147,B,7.9100,7.9000,7.8900,7.8800,7.8700,7.9200,7.9300,7.9400,7.9500,7.9600,281,327,564,183,190,124,593,102,71,155
SZ,002374,2017-01-03 09:59:15,7.9200,6,79200.0000,100,B,7.9100,7.9000,7.8900,7.8800,7.8700,7.9200,7.9300,7.9400,7.9500,7.9600,280,327,564,183,190,54,593,102,71,155
SZ,002374,2017-01-03 09:59:18,7.9200,1,15840.0000,20,B,7.9100,7.9000,7.8900,7.8800,7.8700,7.9200,7.9300,7.9400,7.9500,7.9600,290,342,564,183,190,34,593,102,71,155
SZ,002374,2017-01-03 09:59:33,7.9200,2,7920.0000,10,B,7.9100,7.9000,7.8900,7.8800,7.8700,7.9200,7.9300,7.9400,7.9500,7.9600,193,320,564,183,190,429,593,102,71,155
SZ,002374,2017-01-03 09:59:36,7.9200,3,116424.0000,147,B,7.9100,7.9000,7.8900,7.8800,7.8700,7.9200,7.9300,7.9400,7.9500,7.9600,193,320,564,183,190,282,593,102,71,155
SZ,002374,2017-01-03 09:59:42,7.9200,1,76824.0000,97,B,7.9100,7.9000,7.8900,7.8800,7.8700,7.9200,7.9300,7.9400,7.9500,7.9600,193,320,564,183,192,195,593,102,71,155
SZ,002374,2017-01-03 09:59:45,7.9100,1,23730.0000,30,S,7.9100,7.9000,7.8900,7.8800,7.8700,7.9200,7.9300,7.9400,7.9500,7.9600,163,320,564,183,192,205,593,102,71,155
SZ,002374,2017-01-03 09:59:48,7.9100,2,22158.0000,28,S,7.9100,7.9000,7.8900,7.8800,7.8700,7.9200,7.9300,7.9400,7.9500,7.9600,145,322,564,183,192,195,593,102,71,155
SZ,002374,2017-01-03 09:59:54,7.9100,1,791.0000,1,S,7.9100,7.9000,7.8900,7.8800,7.8700,7.9200,7.9300,7.9400,7.9500,7.9600,144,322,564,183,192,195,593,102,71,155
SZ,002374,2017-01-03 09:59:57,7.9100,1,3164.0000,4,S,7.9100,7.9000,7.8900,7.8800,7.8700,7.9200,7.9300,7.9400,7.9500,7.9600,140,322,564,183,192,195,593,102,71,155
SZ,002374,2017-01-03 10:00:06,7.9100,4,39550.0000,50,S,7.9100,7.9000,7.8900,7.8800,7.8700,7.9200,7.9300,7.9400,7.9500,7.9600,137,322,564,183,192,230,593,102,71,155
SZ,002374,2017-01-03 10:00:09,7.9100,2,6328.0000,8,S,7.9100,7.9000,7.8900,7.8800,7.8700,7.9200,7.9300,7.9400,7.9500,7.9600,129,322,564,183,192,230,593,102,71,155
SZ,002374,2017-01-03 10:00:15,7.9100,1,4746.0000,6,S,7.9100,7.9000,7.8900,7.8800,7.8700,7.9200,7.9300,7.9400,7.9500,7.9600,129,322,564,183,192,230,593,102,71,155
SZ,002374,2017-01-03 10:00:21,7.9100,2,4746.0000,6,S,7.9100,7.9000,7.8900,7.8800,7.8700,7.9200,7.9300,7.9400,7.9500,7.9600,124,322,564,183,192,230,593,102,71,155
SZ,002374,2017-01-03 10:00:24,7.9100,1,1582.0000,2,S,7.9100,7.9000,7.8900,7.8800,7.8700,7.9200,7.9300,7.9400,7.9500,7.9600,122,322,564,208,192,230,593,102,71,155
SZ,002374,2017-01-03 10:00:27,7.9100,4,20570.0000,26,S,7.9100,7.9000,7.8900,7.8800,7.8700,7.9200,7.9300,7.9400,7.9500,7.9600,100,322,564,208,192,226,593,102,71,155
SZ,002374,2017-01-03 10:00:30,7.9100,1,3164.0000,4,S,7.9100,7.9000,7.8900,7.8800,7.8700,7.9200,7.9300,7.9400,7.9500,7.9600,96,322,564,208,192,244,593,102,71,155
SZ,002374,2017-01-03 10:00:33,7.9100,5,26894.0000,34,S,7.9100,7.9000,7.8900,7.8800,7.8700,7.9200,7.9300,7.9400,7.9500,7.9600,62,322,564,208,192,244,593,102,71,155
SZ,002374,2017-01-03 10:00:42,7.9200,1,15840.0000,20,B,7.9100,7.9000,7.8900,7.8800,7.8700,7.9200,7.9300,7.9400,7.9500,7.9600,115,318,564,208,192,224,593,102,71,155
SZ,002374,2017-01-03 10:00:45,7.9100,7,55370.0000,70,S,7.9100,7.9000,7.8900,7.8800,7.8700,7.9200,7.9300,7.9400,7.9500,7.9600,45,318,564,213,192,224,593,102,71,155
SZ,002374,2017-01-03 10:00:51,7.9100,1,19775.0000,25,S,7.9100,7.9000,7.8900,7.8800,7.8700,7.9200,7.9300,7.9400,7.9500,7.9600,73,318,564,213,192,234,593,102,71,155
SZ,002374,2017-01-03 10:01:03,7.9200,1,1584.0000,2,B,7.9100,7.9000,7.8900,7.8800,7.8700,7.9200,7.9300,7.9400,7.9500,7.9600,83,318,564,213,192,232,593,102,75,155
SZ,002374,2017-01-03 10:01:12,7.9200,1,12672.0000,16,B,7.9100,7.9000,7.8900,7.8800,7.8700,7.9200,7.9300,7.9400,7.9500,7.9600,130,318,564,213,192,216,593,102,75,155
SZ,002374,2017-01-03 10:01:21,7.9100,2,8701.0000,11,S,7.9100,7.9000,7.8900,7.8800,7.8700,7.9200,7.9300,7.9400,7.9500,7.9600,129,368,564,213,192,281,593,102,75,155
SZ,002374,2017-01-03 10:01:27,7.9200,1,3960.0000,5,B,7.9100,7.9000,7.8900,7.8800,7.8700,7.9200,7.9300,7.9400,7.9500,7.9600,129,368,564,213,192,276,593,102,75,155
SZ,002374,2017-01-03 10:01:33,7.9100,2,24521.0000,31,S,7.9100,7.9000,7.8900,7.8800,7.8700,7.9200,7.9300,7.9400,7.9500,7.9600,98,368,564,213,192,308,593,102,75,155
SZ,002374,2017-01-03 10:01:42,7.9200,6,158400.0000,200,B,7.9100,7.9000,7.8900,7.8800,7.8700,7.9200,7.9300,7.9400,7.9500,7.9600,168,368,564,213,192,108,593,102,75,155
SZ,002374,2017-01-03 10:01:45,7.9200,1,5544.0000,7,B,7.9100,7.9000,7.8900,7.8800,7.8700,7.9200,7.9300,7.9400,7.9500,7.9600,178,368,564,213,192,101,593,102,70,155
SZ,002374,2017-01-03 10:01:51,7.9200,1,792.0000,1,B,7.9100,7.9000,7.8900,7.8800,7.8700,7.9200,7.9300,7.9400,7.9500,7.9600,178,368,564,213,192,100,593,102,70,155
SZ,002374,2017-01-03 10:01:57,7.9200,1,23760.0000,30,B,7.9100,7.9000,7.8900,7.8800,7.8700,7.9200,7.9300,7.9400,7.9500,7.9600,188,368,564,263,192,70,593,102,70,155
SZ,002374,2017-01-03 10:02:12,7.9100,1,12656.0000,16,S,7.9100,7.9000,7.8900,7.8800,7.8700,7.9200,7.9400,7.9500,7.9600,7.9700,172,368,564,263,212,89,102,84,155,250
SZ,002374,2017-01-03 10:02:24,7.9200,1,15840.0000,20,B,7.9100,7.9000,7.8900,7.8800,7.8700,7.9200,7.9300,7.9400,7.9500,7.9600,172,378,564,263,212,28,3,5,80,155
SZ,002374,2017-01-03 10:02:27,7.9200,2,22176.0000,28,B,7.9200,7.9100,7.9000,7.8900,7.8800,7.9300,7.9400,7.9500,7.9600,7.9700,40,172,378,564,263,3,5,80,155,250
SZ,002374,2017-01-03 10:02:30,7.9200,2,27720.0000,35,S,7.9200,7.9100,7.9000,7.8900,7.8800,7.9300,7.9400,7.9500,7.9600,7.9700,5,178,378,561,263,3,5,80,155,250
SZ,002374,2017-01-03 10:02:45,7.9200,2,7920.0000,10,S,7.9100,7.9000,7.8900,7.8800,7.8700,7.9200,7.9300,7.9400,7.9500,7.9600,178,378,561,263,212,87,596,5,80,155
SZ,002374,2017-01-03 10:02:48,7.9200,1,8712.0000,11,B,7.9100,7.9000,7.8900,7.8800,7.8700,7.9200,7.9300,7.9400,7.9500,7.9600,188,378,561,263,212,76,596,5,80,155
SZ,002374,2017-01-03 10:02:54,7.9200,1,37224.0000,47,B,7.9100,7.9000,7.8900,7.8800,7.8700,7.9200,7.9300,7.9400,7.9500,7.9600,188,398,561,263,212,49,596,5,80,155
SZ,002374,2017-01-03 10:02:57,7.9200,1,792.0000,1,B,7.9100,7.9000,7.8900,7.8800,7.8700,7.9200,7.9300,7.9400,7.9500,7.9600,182,398,561,263,212,48,596,5,80,155
SZ,002374,2017-01-03 10:03:03,7.9100,6,79150.0000,100,S,7.9100,7.9000,7.8900,7.8800,7.8700,7.9200,7.9300,7.9400,7.9500,7.9600,109,398,566,263,212,3,596,5,80,145
SZ,002374,2017-01-03 10:03:09,7.9100,1,1582.0000,2,S,7.9100,7.9000,7.8900,7.8800,7.8700,7.9200,7.9300,7.9400,7.9500,7.9600,107,408,566,263,212,3,596,5,80,145
SZ,002374,2017-01-03 10:03:15,7.9100,1,15029.0000,19,S,7.9100,7.9000,7.8900,7.8800,7.8700,7.9200,7.9300,7.9400,7.9500,7.9600,135,408,566,263,212,3,596,5,80,145
SZ,002374,2017-01-03 10:03:18,7.9200,1,1584.0000,2,B,7.9100,7.9000,7.8900,7.8800,7.8700,7.9200,7.9300,7.9400,7.9500,7.9600,135,408,573,263,212,1,596,5,80,145
SZ,002374,2017-01-03 10:03:21,7.9100,3,16611.0000,21,S,7.9100,7.9000,7.8900,7.8800,7.8700,7.9200,7.9300,7.9400,7.9500,7.9600,114,408,573,265,212,1,596,5,80,145
SZ,002374,2017-01-03 10:03:24,7.9200,2,8712.0000,11,B,7.9200,7.9100,7.9000,7.8900,7.8800,7.9300,7.9400,7.9500,7.9600,7.9700,306,114,408,573,265,596,5,80,145,259
SZ,002374,2017-01-03 10:03:36,7.9200,1,1584.0000,2,S,7.9200,7.9100,7.9000,7.8900,7.8800,7.9300,7.9400,7.9500,7.9600,7.9700,304,118,408,573,265,766,5,80,145,259
SZ,002374,2017-01-03 10:03:39,7.9200,1,3960.0000,5,S,7.9200,7.9100,7.9000,7.8900,7.8800,7.9300,7.9400,7.9500,7.9600,7.9700,299,118,408,573,265,766,5,80,145,259
SZ,002374,2017-01-03 10:03:42,7.9300,2,11102.0000,14,B,7.9200,7.9100,7.9000,7.8900,7.8800,7.9300,7.9400,7.9500,7.9600,7.9700,299,118,408,573,265,752,5,80,145,259
SZ,002374,2017-01-03 10:03:45,7.9200,1,23760.0000,30,S,7.9200,7.9100,7.9000,7.8900,7.8800,7.9300,7.9400,7.9500,7.9600,7.9700,269,118,408,573,265,752,5,80,145,259
SZ,002374,2017-01-03 10:03:48,7.9200,1,182160.0000,230,S,7.9200,7.9100,7.9000,7.8900,7.8800,7.9300,7.9400,7.9500,7.9600,7.9700,44,118,408,573,265,752,5,80,145,259
SZ,002374,2017-01-03 10:03:51,7.9200,1,7920.0000,10,S,7.9200,7.9100,7.9000,7.8900,7.8800,7.9300,7.9400,7.9500,7.9600,7.9700,34,118,408,573,1265,752,5,80,145,259
SZ,002374,2017-01-03 10:03:57,7.9200,2,26928.0000,34,S,7.9100,7.9000,7.8900,7.8800,7.8700,7.9200,7.9300,7.9400,7.9500,7.9600,118,408,573,1265,212,29,672,5,80,145
SZ,002374,2017-01-03 10:04:00,7.9200,1,19800.0000,25,B,7.9100,7.9000,7.8900,7.8800,7.8700,7.9200,7.9300,7.9400,7.9500,7.9600,118,408,573,1265,212,9,672,5,80,145
SZ,002374,2017-01-03 10:04:21,7.9100,1,11865.0000,15,S,7.9100,7.9000,7.8900,7.8800,7.8700,7.9200,7.9300,7.9400,7.9500,7.9600,150,408,573,1265,212,24,672,5,85,145
SZ,002374,2017-01-03 10:04:39,7.9200,3,3960.0000,5,B,7.9100,7.9000,7.8900,7.8800,7.8700,7.9200,7.9300,7.9400,7.9500,7.9600,150,408,583,1265,212,58,672,5,85,145
SZ,002374,2017-01-03 10:04:48,7.9100,1,7910.0000,10,S,7.9100,7.9000,7.8900,7.8800,7.8700,7.9200,7.9300,7.9400,7.9500,7.9600,146,408,583,1265,212,59,672,5,85,145
SZ,002374,2017-01-03 10:05:00,7.9100,1,2373.0000,3,S,7.9100,7.9000,7.8900,7.8800,7.8700,7.9200,7.9300,7.9400,7.9500,7.9600,143,408,583,1265,212,79,672,5,85,145
SZ,002374,2017-01-03 10:05:06,7.9100,5,33222.0000,42,S,7.9100,7.9000,7.8900,7.8800,7.8700,7.9200,7.9300,7.9400,7.9500,7.9600,101,408,583,1265,212,79,672,5,85,145
SZ,002374,2017-01-03 10:05:12,7.9100,4,79891.0000,101,S,7.9000,7.8900,7.8800,7.8700,7.8600,7.9100,7.9200,7.9300,7.9400,7.9500,408,574,1265,212,193,39,79,672,5,85
SZ,002374,2017-01-03 10:05:15,7.9100,1,12656.0000,16,B,7.9000,7.8900,7.8800,7.8700,7.8600,7.9100,7.9200,7.9300,7.9400,7.9500,408,580,1265,212,193,23,79,672,5,85
SZ,002374,2017-01-03 10:05:18,7.9100,1,15820.0000,20,B,7.9000,7.8900,7.8800,7.8700,7.8600,7.9100,7.9200,7.9300,7.9400,7.9500,388,580,1265,212,193,3,79,672,5,85
SZ,002374,2017-01-03 10:05:27,7.9100,2,3164.0000,4,B,7.9100,7.9000,7.8900,7.8800,7.8700,7.9200,7.9300,7.9400,7.9500,7.9600,49,393,580,1265,212,79,110,5,85,145
SZ,002374,2017-01-03 10:06:00,7.9200,11,77616.0000,98,B,7.9200,7.9100,7.9000,7.8900,7.8800,7.9300,7.9400,7.9500,7.9600,7.9700,46,290,393,580,1285,110,5,85,145,240
SZ,002374,2017-01-03 10:06:03,7.9100,2,56207.0000,71,S,7.9100,7.9000,7.8900,7.8800,7.8700,7.9300,7.9400,7.9500,7.9600,7.9700,265,393,580,1285,214,110,5,85,145,240
SZ,002374,2017-01-03 10:06:18,7.9100,1,9492.0000,12,S,7.9100,7.9000,7.8900,7.8800,7.8700,7.9300,7.9400,7.9500,7.9600,7.9700,259,393,580,1285,214,110,5,95,145,240
SZ,002374,2017-01-03 10:06:30,7.9100,3,10283.0000,13,S,7.9100,7.9000,7.8900,7.8800,7.8700,7.9300,7.9400,7.9500,7.9600,7.9700,246,393,580,1285,214,142,5,95,145,240
SZ,002374,2017-01-03 10:06:36,7.9200,3,15038.0000,19,B,7.9200,7.9100,7.9000,7.8900,7.8800,7.9300,7.9400,7.9500,7.9600,7.9700,34,236,393,580,1285,142,30,95,145,240
SZ,002374,2017-01-03 10:06:39,7.9300,1,31720.0000,40,B,7.9200,7.9100,7.9000,7.8900,7.8800,7.9300,7.9400,7.9500,7.9600,7.9700,34,256,393,580,1285,102,30,95,145,240
SZ,002374,2017-01-03 10:06:48,7.9200,1,26928.0000,34,S,7.9100,7.9000,7.8900,7.8800,7.8700,7.9200,7.9300,7.9400,7.9500,7.9600,308,393,580,1285,214,1,102,30,175,145
SZ,002374,2017-01-03 10:06:51,7.9200,2,8712.0000,11,B,7.9100,7.9000,7.8900,7.8800,7.8700,7.9200,7.9300,7.9400,7.9500,7.9600,308,393,580,1285,214,85,102,30,175,145
SZ,002374,2017-01-03 10:07:00,7.9200,1,792.0000,1,B,7.9100,7.9000,7.8900,7.8800,7.8700,7.9200,7.9300,7.9400,7.9500,7.9600,308,393,580,1285,214,84,102,30,175,145
SZ,002374,2017-01-03 10:07:03,7.9200,1,33264.0000,42,B,7.9100,7.9000,7.8900,7.8800,7.8700,7.9200,7.9300,7.9400,7.9500,7.9600,308,393,580,1285,214,42,102,30,175,145
SZ,002374,2017-01-03 10:07:09,7.9200,1,22176.0000,28,B,7.9100,7.9000,7.8900,7.8800,7.8700,7.9200,7.9300,7.9400,7.9500,7.9600,308,397,600,1242,214,14,102,30,177,145
SZ,002374,2017-01-03 10:07:12,7.9100,1,47460.0000,60,S,7.9100,7.9000,7.8900,7.8800,7.8700,7.9200,7.9300,7.9400,7.9500,7.9600,254,395,600,1242,214,24,134,30,177,145
SZ,002374,2017-01-03 10:07:18,7.9200,2,19008.0000,24,B,7.9200,7.9100,7.9000,7.8900,7.8800,7.9300,7.9400,7.9500,7.9600,7.9700,7,254,395,600,1242,134,30,177,145,240
SZ,002374,2017-01-03 10:07:21,7.9100,2,33229.0000,42,S,7.9100,7.9000,7.8900,7.8800,7.8700,7.9300,7.9400,7.9500,7.9600,7.9700,219,395,600,1242,214,134,30,214,145,240
SZ,002374,2017-01-03 10:07:51,7.9100,1,7910.0000,10,S,7.9200,7.9100,7.9000,7.8900,7.8800,7.9300,7.9400,7.9500,7.9600,7.9700,5,328,442,594,1242,134,30,214,145,240
SZ,002374,2017-01-03 10:08:06,7.9100,3,64086.0000,81,S,7.9100,7.9000,7.8900,7.8800,7.8700,7.9200,7.9300,7.9400,7.9500,7.9600,297,442,594,1243,214,37,134,30,214,145
SZ,002374,2017-01-03 10:08:09,7.9100,1,2373.0000,3,S,7.9100,7.9000,7.8900,7.8800,7.8700,7.9200,7.9300,7.9400,7.9500,7.9600,294,442,594,1243,214,37,134,30,214,145
SZ,002374,2017-01-03 10:08:21,7.9200,1,8712.0000,11,B,7.9100,7.9000,7.8900,7.8800,7.8700,7.9200,7.9300,7.9400,7.9500,7.9600,301,442,594,1243,214,27,134,30,214,145
SZ,002374,2017-01-03 10:08:24,7.9100,1,791.0000,1,S,7.9100,7.9000,7.8900,7.8800,7.8700,7.9200,7.9300,7.9400,7.9500,7.9600,300,442,594,1243,214,27,134,30,214,145
SZ,002374,2017-01-03 10:08:33,7.9200,1,11088.0000,14,B,7.9100,7.9000,7.8900,7.8800,7.8700,7.9200,7.9300,7.9400,7.9500,7.9600,304,442,594,1243,214,23,136,30,214,145
SZ,002374,2017-01-03 10:08:36,7.9100,1,15820.0000,20,S,7.9100,7.9000,7.8900,7.8800,7.8700,7.9200,7.9300,7.9400,7.9500,7.9600,284,442,594,1243,214,23,136,30,214,165
SZ,002374,2017-01-03 10:08:45,7.9200,3,11880.0000,15,B,7.9100,7.9000,7.8900,7.8800,7.8700,7.9200,7.9300,7.9400,7.9500,7.9600,284,427,594,1243,184,30,136,30,214,165
SZ,002374,2017-01-03 10:09:06,7.9200,4,24552.0000,31,B,7.9200,7.9100,7.9000,7.8900,7.8800,7.9300,7.9400,7.9500,7.9600,7.9700,26,394,427,594,1243,136,28,214,165,243
SZ,002374,2017-01-03 10:09:09,7.9200,2,20592.0000,26,S,7.9100,7.9000,7.8900,7.8800,7.8700,7.9200,7.9300,7.9400,7.9500,7.9600,394,427,594,1243,174,14,136,28,214,165
SZ,002374,2017-01-03 10:09:15,7.9100,1,791.0000,1,S,7.9100,7.9000,7.8900,7.8800,7.8700,7.9200,7.9300,7.9400,7.9500,7.9600,403,427,594,1243,174,14,136,28,214,165
SZ,002374,2017-01-03 10:09:18,7.9200,1,11088.0000,14,B,7.9200,7.9100,7.9000,7.8900,7.8800,7.9300,7.9400,7.9500,7.9600,7.9700,39,393,427,594,1243,136,28,214,165,243
SZ,002374,2017-01-03 10:09:21,7.9100,6,106824.0000,135,S,7.9100,7.9000,7.8900,7.8800,7.8700,7.9300,7.9400,7.9500,7.9600,7.9700,342,427,594,1243,174,136,28,214,165,243
SZ,002374,2017-01-03 10:09:45,7.9300,2,22995.0000,29,B,7.9100,7.9000,7.8900,7.8800,7.8700,7.9300,7.9400,7.9500,7.9600,7.9700,343,427,594,1243,174,113,28,224,200,243
SZ,002374,2017-01-03 10:10:00,7.9200,1,4752.0000,6,B,7.9100,7.9000,7.8900,7.8800,7.8700,7.9300,7.9400,7.9500,7.9600,7.9700,343,427,594,1247,174,182,28,254,200,243
SZ,002374,2017-01-03 10:10:03,7.9100,5,30849.0000,39,S,7.9200,7.9100,7.9000,7.8900,7.8800,7.9300,7.9400,7.9500,7.9600,7.9700,10,304,377,594,1247,182,28,254,200,243
SZ,002374,2017-01-03 10:10:21,7.9200,4,19800.0000,25,S,7.9100,7.9000,7.8900,7.8800,7.8700,7.9200,7.9300,7.9400,7.9500,7.9600,352,463,594,1247,174,15,184,28,254,200
SZ,002374,2017-01-03 10:10:24,7.9200,1,11880.0000,15,B,7.9200,7.9100,7.9000,7.8900,7.8800,7.9300,7.9400,7.9500,7.9600,7.9700,32,358,463,594,1247,184,128,254,200,243
SZ,002374,2017-01-03 10:10:33,7.9200,3,42768.0000,54,S,7.9200,7.9100,7.9000,7.8900,7.8800,7.9300,7.9400,7.9500,7.9600,7.9700,8,412,483,594,1247,184,128,254,200,243
SZ,002374,2017-01-03 10:10:51,7.9300,1,10309.0000,13,B,7.9200,7.9100,7.9000,7.8900,7.8800,7.9300,7.9400,7.9500,7.9600,7.9700,65,441,479,594,1247,171,128,269,205,244
SZ,002374,2017-01-03 10:11:12,7.9300,4,31720.0000,40,B,7.9200,7.9100,7.9000,7.8900,7.8800,7.9300,7.9400,7.9500,7.9600,7.9700,225,441,469,594,1247,131,128,269,205,244
SZ,002374,2017-01-03 10:11:24,7.9300,1,1586.0000,2,B,7.9200,7.9100,7.9000,7.8900,7.8800,7.9300,7.9400,7.9500,7.9600,7.9700,215,466,469,594,1247,129,128,269,205,244
SZ,002374,2017-01-03 10:11:36,7.9300,1,3172.0000,4,B,7.9200,7.9100,7.9000,7.8900,7.8800,7.9300,7.9400,7.9500,7.9600,7.9700,235,466,457,594,1247,125,195,269,205,244
SZ,002374,2017-01-03 10:11:51,7.9200,1,4752.0000,6,S,7.9200,7.9100,7.9000,7.8900,7.8800,7.9300,7.9400,7.9500,7.9600,7.9700,280,466,461,594,1247,125,195,269,205,244
SZ,002374,2017-01-03 10:12:12,7.9200,2,16632.0000,21,S,7.9200,7.9100,7.9000,7.8900,7.8800,7.9300,7.9400,7.9500,7.9600,7.9700,264,560,527,594,1247,135,195,269,217,244
SZ,002374,2017-01-03 10:12:18,7.9200,1,2376.0000,3,S,7.9200,7.9100,7.9000,7.8900,7.8800,7.9300,7.9400,7.9500,7.9600,7.9700,261,565,527,594,1247,150,195,279,220,244
SZ,002374,2017-01-03 10:12:21,7.9200,1,1584.0000,2,S,7.9200,7.9100,7.9000,7.8900,7.8800,7.9300,7.9400,7.9500,7.9600,7.9700,259,565,527,594,1247,150,195,279,220,244
SZ,002374,2017-01-03 10:12:42,7.9200,1,13464.0000,17,S,7.9200,7.9100,7.9000,7.8900,7.8800,7.9300,7.9400,7.9500,7.9600,7.9700,280,559,522,594,1247,170,195,279,220,244
SZ,002374,2017-01-03 10:12:51,7.9200,2,15840.0000,20,S,7.9200,7.9100,7.9000,7.8900,7.8800,7.9300,7.9400,7.9500,7.9600,7.9700,261,559,524,594,1247,101,195,279,185,244
SZ,002374,2017-01-03 10:12:54,7.9300,10,142740.0000,180,B,7.9300,7.9200,7.9100,7.9000,7.8900,7.9400,7.9500,7.9600,7.9700,7.9800,67,261,559,524,594,195,279,185,237,337
SZ,002374,2017-01-03 10:13:09,7.9300,1,3965.0000,5,S,7.9300,7.9200,7.9100,7.9000,7.8900,7.9400,7.9500,7.9600,7.9700,7.9800,125,290,559,524,594,195,279,185,237,337
SZ,002374,2017-01-03 10:13:18,7.9400,2,7940.0000,10,B,7.9300,7.9200,7.9100,7.9000,7.8900,7.9400,7.9500,7.9600,7.9700,7.9800,134,290,512,524,594,185,279,185,237,337
SZ,002374,2017-01-03 10:13:36,7.9400,2,11910.0000,15,B,7.9300,7.9200,7.9100,7.9000,7.8900,7.9400,7.9500,7.9600,7.9700,7.9800,134,339,469,524,594,182,279,185,237,337
SZ,002374,2017-01-03 10:13:45,7.9400,2,3970.0000,5,B,7.9300,7.9200,7.9100,7.9000,7.8900,7.9400,7.9500,7.9600,7.9700,7.9800,166,290,469,524,594,182,279,185,237,337
SZ,002374,2017-01-03 10:13:54,7.9300,1,4758.0000,6,S,7.9300,7.9200,7.9100,7.9000,7.8900,7.9400,7.9500,7.9600,7.9700,7.9800,194,290,469,524,599,199,279,301,237,337
SZ,002374,2017-01-03 10:14:00,7.9300,1,7930.0000,10,S,7.9300,7.9200,7.9100,7.9000,7.8900,7.9400,7.9500,7.9600,7.9700,7.9800,184,290,469,524,599,212,279,301,237,337
SZ,002374,2017-01-03 10:14:06,7.9400,1,35730.0000,45,B,7.9300,7.9200,7.9100,7.9000,7.8900,7.9400,7.9500,7.9600,7.9700,7.9800,184,290,469,524,600,167,279,301,237,347
SZ,002374,2017-01-03 10:14:12,7.9300,1,8723.0000,11,S,7.9300,7.9200,7.9100,7.9000,7.8900,7.9400,7.9500,7.9600,7.9700,7.9800,173,290,469,524,600,167,279,301,237,347
SZ,002374,2017-01-03 10:14:15,7.9400,1,7940.0000,10,B,7.9300,7.9200,7.9100,7.9000,7.8900,7.9400,7.9500,7.9600,7.9700,7.9800,189,290,469,524,600,157,279,316,237,347
SZ,002374,2017-01-03 10:14:18,7.9400,1,3970.0000,5,B,7.9300,7.9200,7.9100,7.9000,7.8900,7.9400,7.9500,7.9600,7.9700,7.9800,189,290,469,524,600,152,279,316,237,347
SZ,002374,2017-01-03 10:14:21,7.9400,8,120847.0000,152,B,7.9400,7.9300,7.9200,7.9100,7.9000,7.9500,7.9600,7.9700,7.9800,7.9900,17,194,290,469,524,286,316,237,347,1162
SZ,002374,2017-01-03 10:14:39,7.9400,3,57168.0000,72,S,7.9400,7.9300,7.9200,7.9100,7.9000,7.9500,7.9600,7.9700,7.9800,7.9900,8,194,290,469,524,286,321,230,427,1162
SZ,002374,2017-01-03 10:14:42,7.9400,1,6987.0000,9,S,7.9300,7.9200,7.9100,7.9000,7.8900,7.9400,7.9500,7.9600,7.9700,7.9800,194,290,469,524,600,4,286,321,230,427
SZ,002374,2017-01-03 10:14:45,7.9400,1,3335.0000,4,B,7.9400,7.9300,7.9200,7.9100,7.9000,7.9500,7.9600,7.9700,7.9800,7.9900,10,194,290,469,524,286,321,230,427,1162
SZ,002374,2017-01-03 10:14:51,7.9500,2,34185.0000,43,B,7.9400,7.9300,7.9200,7.9100,7.9000,7.9500,7.9600,7.9700,7.9800,7.9900,24,194,290,469,524,229,321,230,436,1172
SZ,002374,2017-01-03 10:14:54,7.9500,5,46110.0000,58,B,7.9400,7.9300,7.9200,7.9100,7.9000,7.9500,7.9600,7.9700,7.9800,7.9900,77,194,290,469,524,171,321,230,436,1172
SZ,002374,2017-01-03 10:14:57,7.9400,6,69872.0000,88,S,7.9400,7.9300,7.9200,7.9100,7.9000,7.9500,7.9600,7.9700,7.9800,7.9900,19,194,290,469,524,171,327,230,436,1172
SZ,002374,2017-01-03 10:15:00,7.9500,3,50072.0000,63,B,7.9400,7.9300,7.9200,7.9100,7.9000,7.9500,7.9600,7.9700,7.9800,7.9900,6,170,290,469,524,121,327,230,436,1172
SZ,002374,2017-01-03 10:15:03,7.9500,1,4770.0000,6,B,7.9400,7.9300,7.9200,7.9100,7.9000,7.9500,7.9600,7.9700,7.9800,7.9900,6,170,290,469,524,115,327,230,436,1172
SZ,002374,2017-01-03 10:15:12,7.9500,3,19080.0000,24,B,7.9400,7.9300,7.9200,7.9100,7.9000,7.9500,7.9600,7.9700,7.9800,7.9900,53,170,290,469,524,127,909,230,436,1186
SZ,002374,2017-01-03 10:15:30,7.9500,1,794.0000,1,B,7.9400,7.9300,7.9200,7.9100,7.9000,7.9500,7.9600,7.9700,7.9800,7.9900,122,180,285,453,534,129,906,232,466,1185
SZ,002374,2017-01-03 10:15:36,7.9500,3,42136.0000,53,B,7.9400,7.9300,7.9200,7.9100,7.9000,7.9500,7.9600,7.9700,7.9800,7.9900,122,180,285,453,452,76,906,239,467,1185
SZ,002374,2017-01-03 10:15:54,7.9500,2,9540.0000,12,B,7.9400,7.9300,7.9200,7.9100,7.9000,7.9500,7.9600,7.9700,7.9800,7.9900,130,180,285,443,452,271,906,239,467,1185
SZ,002374,2017-01-03 10:16:00,7.9400,1,3970.0000,5,S,7.9400,7.9300,7.9200,7.9100,7.9000,7.9500,7.9600,7.9700,7.9800,7.9900,131,180,285,443,452,286,906,239,467,1193
SZ,002374,2017-01-03 10:16:03,7.9500,5,50880.0000,64,B,7.9400,7.9300,7.9200,7.9100,7.9000,7.9500,7.9600,7.9700,7.9800,7.9900,131,180,285,438,452,222,916,239,467,1193
SZ,002374,2017-01-03 10:16:06,7.9400,2,15880.0000,20,S,7.9400,7.9300,7.9200,7.9100,7.9000,7.9500,7.9600,7.9700,7.9800,7.9900,111,180,285,438,541,226,916,239,472,1213
SZ,002374,2017-01-03 10:16:09,7.9500,10,180052.0000,227,B,7.9500,7.9400,7.9300,7.9200,7.9100,7.9600,7.9700,7.9800,7.9900,8.0000,20,111,190,285,438,916,239,472,1213,1013
SZ,002374,2017-01-03 10:16:15,7.9500,2,16314.0000,20,S,7.9400,7.9300,7.9200,7.9100,7.9000,7.9500,7.9600,7.9700,7.9800,7.9900,121,190,265,438,541,94,916,239,477,1205
SZ,002374,2017-01-03 10:16:18,7.9400,1,15084.0000,19,S,7.9400,7.9300,7.9200,7.9100,7.9000,7.9500,7.9600,7.9700,7.9800,7.9900,102,170,265,438,541,94,869,239,477,1205
SZ,002374,2017-01-03 10:16:27,7.9500,1,37366.0000,47,B,7.9400,7.9300,7.9200,7.9100,7.9000,7.9500,7.9600,7.9700,7.9800,7.9900,102,170,265,438,541,47,869,239,477,1205
SZ,002374,2017-01-03 10:16:30,7.9400,2,7940.0000,10,S,7.9400,7.9300,7.9200,7.9100,7.9000,7.9500,7.9600,7.9700,7.9800,7.9900,142,170,265,438,541,87,869,237,482,1205
SZ,002374,2017-01-03 10:16:42,7.9400,1,7940.0000,10,S,7.9400,7.9300,7.9200,7.9100,7.9000,7.9500,7.9600,7.9700,7.9800,7.9900,122,170,265,438,541,347,869,237,508,1205
SZ,002374,2017-01-03 10:16:45,7.9400,3,10322.0000,13,S,7.9400,7.9300,7.9200,7.9100,7.9000,7.9500,7.9600,7.9700,7.9800,7.9900,156,160,265,438,541,347,869,237,508,1205
SZ,002374,2017-01-03 10:16:48,7.9400,2,15880.0000,20,S,7.9400,7.9300,7.9200,7.9100,7.9000,7.9500,7.9600,7.9700,7.9800,7.9900,136,160,265,438,541,357,869,237,517,1205
SZ,002374,2017-01-03 10:16:51,7.9400,1,7940.0000,10,S,7.9400,7.9300,7.9200,7.9100,7.9000,7.9500,7.9600,7.9700,7.9800,7.9900,120,160,265,438,541,457,869,237,517,1216
SZ,002374,2017-01-03 10:16:54,7.9400,4,95916.0000,121,S,7.9300,7.9200,7.9100,7.9000,7.8900,7.9400,7.9500,7.9600,7.9700,7.9800,160,265,438,541,590,18,457,869,237,517
SZ,002374,2017-01-03 10:17:06,7.9400,1,3176.0000,4,B,7.9300,7.9200,7.9100,7.9000,7.8900,7.9400,7.9500,7.9600,7.9700,7.9800,213,265,438,541,592,74,449,869,237,517
SZ,002374,2017-01-03 10:17:09,7.9400,4,16672.0000,21,B,7.9300,7.9200,7.9100,7.9000,7.8900,7.9400,7.9500,7.9600,7.9700,7.9800,213,265,438,541,592,53,449,869,237,517
SZ,002374,2017-01-03 10:17:12,7.9300,1,7932.0000,10,S,7.9300,7.9200,7.9100,7.9000,7.8900,7.9400,7.9500,7.9600,7.9700,7.9800,203,265,408,541,592,53,449,869,237,517
SZ,002374,2017-01-03 10:17:18,7.9400,1,5556.0000,7,B,7.9300,7.9200,7.9100,7.9000,7.8900,7.9400,7.9500,7.9600,7.9700,7.9800,203,271,408,541,592,52,449,869,237,517
SZ,002374,2017-01-03 10:17:21,7.9300,2,23792.0000,30,S,7.9300,7.9200,7.9100,7.9000,7.8900,7.9400,7.9500,7.9600,7.9700,7.9800,185,271,408,541,592,52,449,869,237,517
SZ,002374,2017-01-03 10:17:24,7.9400,1,7144.0000,9,B,7.9300,7.9200,7.9100,7.9000,7.8900,7.9400,7.9500,7.9600,7.9700,7.9800,232,271,408,541,592,47,449,869,237,547
SZ,002374,2017-01-03 10:17:33,7.9300,2,23792.0000,30,S,7.9300,7.9200,7.9100,7.9000,7.8900,7.9400,7.9500,7.9600,7.9700,7.9800,202,243,408,541,592,47,459,869,237,535
SZ,002374,2017-01-03 10:17:48,7.9400,1,7940.0000,10,B,7.9300,7.9200,7.9100,7.9000,7.8900,7.9400,7.9500,7.9600,7.9700,7.9800,202,243,408,541,592,103,489,869,237,535
SZ,002374,2017-01-03 10:17:51,7.9300,2,8728.0000,11,S,7.9300,7.9200,7.9100,7.9000,7.8900,7.9400,7.9500,7.9600,7.9700,7.9800,196,243,408,541,592,98,489,869,237,535
SZ,002374,2017-01-03 10:17:54,7.9400,1,2380.0000,3,B,7.9300,7.9200,7.9100,7.9000,7.8900,7.9400,7.9500,7.9600,7.9700,7.9800,196,243,408,541,592,95,489,869,237,535
SZ,002374,2017-01-03 10:18:06,7.9300,1,6344.0000,8,S,7.9300,7.9200,7.9100,7.9000,7.8900,7.9400,7.9500,7.9600,7.9700,7.9800,196,243,408,609,592,111,501,869,237,593
SZ,002374,2017-01-03 10:18:09,7.9400,5,37320.0000,47,B,7.9300,7.9200,7.9100,7.9000,7.8900,7.9400,7.9500,7.9600,7.9700,7.9800,196,243,408,619,592,64,501,869,237,593
SZ,002374,2017-01-03 10:18:12,7.9300,5,17444.0000,22,S,7.9300,7.9200,7.9100,7.9000,7.8900,7.9400,7.9500,7.9600,7.9700,7.9800,174,259,408,619,592,208,501,869,237,593
SZ,002374,2017-01-03 10:18:21,7.9400,4,39700.0000,50,B,7.9300,7.9200,7.9100,7.9000,7.8900,7.9400,7.9500,7.9600,7.9700,7.9800,204,259,408,619,592,163,501,869,237,589
SZ,002374,2017-01-03 10:18:24,7.9300,1,1588.0000,2,S,7.9300,7.9200,7.9100,7.9000,7.8900,7.9400,7.9500,7.9600,7.9700,7.9800,255,259,408,619,592,163,501,869,237,589
SZ,002374,2017-01-03 10:18:30,7.9300,2,2378.0000,3,S,7.9300,7.9200,7.9100,7.9000,7.8900,7.9400,7.9500,7.9600,7.9700,7.9800,252,259,408,619,592,163,501,869,387,619
SZ,002374,2017-01-03 10:18:42,7.9400,5,126234.0000,159,B,7.9300,7.9200,7.9100,7.9000,7.8900,7.9400,7.9500,7.9600,7.9700,7.9800,243,259,408,551,587,81,501,876,387,619
SZ,002374,2017-01-03 10:18:45,7.9300,1,1586.0000,2,S,7.9300,7.9200,7.9100,7.9000,7.8900,7.9400,7.9500,7.9600,7.9700,7.9800,241,259,408,551,587,81,501,876,387,619
SZ,002374,2017-01-03 10:18:48,7.9400,5,28584.0000,36,B,7.9300,7.9200,7.9100,7.9000,7.8900,7.9400,7.9500,7.9600,7.9700,7.9800,241,259,408,551,587,45,508,876,495,619
SZ,002374,2017-01-03 10:18:57,7.9300,5,53130.0000,67,S,7.9300,7.9200,7.9100,7.9000,7.8900,7.9400,7.9500,7.9600,7.9700,7.9800,174,257,588,545,587,94,508,876,495,649
SZ,002374,2017-01-03 10:19:12,7.9300,1,1746.0000,2,S,7.9300,7.9200,7.9100,7.9000,7.8900,7.9400,7.9500,7.9600,7.9700,7.9800,181,257,538,551,587,316,508,876,495,669
SZ,002374,2017-01-03 10:19:30,7.9400,1,18262.0000,23,B,7.9300,7.9200,7.9100,7.9000,7.8900,7.9400,7.9500,7.9600,7.9700,7.9800,228,257,538,551,655,313,508,876,495,689
SZ,002374,2017-01-03 10:19:36,7.9400,5,196118.0000,247,B,7.9300,7.9200,7.9100,7.9000,7.8900,7.9400,7.9500,7.9600,7.9700,7.9800,228,257,538,551,655,66,508,876,495,689
SZ,002374,2017-01-03 10:19:45,7.9400,3,53038.0000,67,B,7.9400,7.9300,7.9200,7.9100,7.9000,7.9500,7.9600,7.9700,7.9800,7.9900,94,236,257,538,551,508,876,495,689,1189
SZ,002374,2017-01-03 10:19:48,7.9400,2,19852.0000,25,S,7.9400,7.9300,7.9200,7.9100,7.9000,7.9500,7.9600,7.9700,7.9800,7.9900,69,236,257,538,551,508,876,495,689,1189
SZ,002374,2017-01-03 10:19:51,7.9400,1,7940.0000,10,S,7.9400,7.9300,7.9200,7.9100,7.9000,7.9500,7.9600,7.9700,7.9800,7.9900,59,236,257,538,549,508,876,495,689,1189
SZ,002374,2017-01-03 10:20:03,7.9400,1,792.0000,1,S,7.9400,7.9300,7.9200,7.9100,7.9000,7.9500,7.9600,7.9700,7.9800,7.9900,58,236,257,538,549,508,886,495,689,1189
SZ,002374,2017-01-03 10:20:12,7.9400,1,13500.0000,17,S,7.9400,7.9300,7.9200,7.9100,7.9000,7.9500,7.9600,7.9700,7.9800,7.9900,41,236,257,538,549,520,886,495,689,1189
SZ,002374,2017-01-03 10:20:15,7.9500,5,89098.0000,112,B,7.9300,7.9200,7.9100,7.9000,7.8900,7.9500,7.9600,7.9700,7.9800,7.9900,236,257,538,549,587,508,886,495,689,1189
SZ,002374,2017-01-03 10:20:24,7.9500,1,7154.0000,9,B,7.9300,7.9200,7.9100,7.9000,7.8900,7.9500,7.9600,7.9700,7.9800,7.9900,236,257,552,551,587,499,886,495,689,1189
SZ,002374,2017-01-03 10:20:39,7.9500,2,17492.0000,22,B,7.9300,7.9200,7.9100,7.9000,7.8900,7.9500,7.9600,7.9700,7.9800,7.9900,360,262,552,551,587,477,886,495,720,1189
SZ,002374,2017-01-03 10:20:51,7.9300,1,7136.0000,9,S,7.9300,7.9200,7.9100,7.9000,7.8900,7.9500,7.9600,7.9700,7.9800,7.9900,406,262,552,551,587,625,889,495,770,1189
SZ,002374,2017-01-03 10:20:54,7.9500,2,4770.0000,6,B,7.9300,7.9200,7.9100,7.9000,7.8900,7.9500,7.9600,7.9700,7.9800,7.9900,406,262,552,551,587,669,889,495,770,1189
SZ,002374,2017-01-03 10:21:06,7.9300,4,20618.0000,26,S,7.9300,7.9200,7.9100,7.9000,7.8900,7.9500,7.9600,7.9700,7.9800,7.9900,380,262,552,551,587,690,889,495,770,1208
SZ,002374,2017-01-03 10:21:18,7.9400,1,4764.0000,6,B,7.9400,7.9300,7.9200,7.9100,7.9000,7.9500,7.9600,7.9700,7.9800,7.9900,14,396,262,552,551,690,889,569,770,1208
SZ,002374,2017-01-03 10:21:21,7.9400,1,3970.0000,5,S,7.9400,7.9300,7.9200,7.9100,7.9000,7.9500,7.9600,7.9700,7.9800,7.9900,9,396,262,552,551,690,889,569,770,1208
SZ,002374,2017-01-03 10:21:30,7.9400,2,10322.0000,13,S,7.9300,7.9200,7.9100,7.9000,7.8900,7.9400,7.9500,7.9600,7.9700,7.9800,408,262,552,551,582,2,701,889,569,880
SZ,002374,2017-01-03 10:21:48,7.9300,1,2380.0000,3,S,7.9300,7.9200,7.9100,7.9000,7.8900,7.9400,7.9500,7.9600,7.9700,7.9800,605,252,552,571,582,73,772,773,569,899
SZ,002374,2017-01-03 10:21:57,7.9300,3,39648.0000,50,S,7.9300,7.9200,7.9100,7.9000,7.8900,7.9400,7.9500,7.9600,7.9700,7.9800,555,252,552,573,582,78,824,773,569,896
SZ,002374,2017-01-03 10:22:33,7.9400,11,79400.0000,100,B,7.9300,7.9200,7.9100,7.9000,7.8900,7.9400,7.9500,7.9600,7.9700,7.9800,594,279,552,1578,582,38,900,776,569,910
SZ,002374,2017-01-03 10:22:36,7.9400,1,2384.0000,3,B,7.9300,7.9200,7.9100,7.9000,7.8900,7.9400,7.9500,7.9600,7.9700,7.9800,594,279,552,1578,582,35,900,776,569,910
SZ,002374,2017-01-03 10:22:42,7.9300,2,43614.0000,55,S,7.9300,7.9200,7.9100,7.9000,7.8900,7.9400,7.9500,7.9600,7.9700,7.9800,539,281,552,1578,582,35,913,776,569,960
SZ,002374,2017-01-03 10:22:51,7.9300,1,7930.0000,10,S,7.9300,7.9200,7.9100,7.9000,7.8900,7.9400,7.9500,7.9600,7.9700,7.9800,528,281,552,1581,582,54,913,776,569,973
SZ,002374,2017-01-03 10:23:00,7.9400,1,12704.0000,16,B,7.9300,7.9200,7.9100,7.9000,7.8900,7.9400,7.9500,7.9600,7.9700,7.9800,558,281,552,1591,582,38,913,776,569,973
SZ,002374,2017-01-03 10:23:12,7.9300,1,8724.0000,11,S,7.9300,7.9200,7.9100,7.9000,7.8900,7.9400,7.9500,7.9600,7.9700,7.9800,652,281,552,1591,582,38,913,776,569,973
SZ,002374,2017-01-03 10:23:36,7.9400,1,2380.0000,3,B,7.9300,7.9200,7.9100,7.9000,7.8900,7.9400,7.9500,7.9600,7.9700,7.9800,679,276,552,1591,582,38,814,776,569,938
SZ,002374,2017-01-03 10:23:39,7.9400,1,7148.0000,9,B,7.9300,7.9200,7.9100,7.9000,7.8900,7.9400,7.9500,7.9600,7.9700,7.9800,679,276,552,1591,586,30,814,776,569,938
SZ,002374,2017-01-03 10:23:42,7.9400,2,9528.0000,12,B,7.9300,7.9200,7.9100,7.9000,7.8900,7.9400,7.9500,7.9600,7.9700,7.9800,679,276,552,1591,586,18,814,776,566,938
SZ,002374,2017-01-03 10:23:54,7.9300,1,3172.0000,4,S,7.9300,7.9200,7.9100,7.9000,7.8900,7.9400,7.9500,7.9600,7.9700,7.9800,688,285,552,1591,586,25,814,776,566,938
SZ,002374,2017-01-03 10:23:57,7.9300,5,79300.0000,100,S,7.9300,7.9200,7.9100,7.9000,7.8900,7.9400,7.9500,7.9600,7.9700,7.9800,588,285,601,1594,586,72,814,776,566,938
SZ,002374,2017-01-03 10:24:00,7.9300,1,7928.0000,10,S,7.9300,7.9200,7.9100,7.9000,7.8900,7.9400,7.9500,7.9600,7.9700,7.9800,624,285,601,1594,586,73,814,776,566,938
SZ,002374,2017-01-03 10:24:15,7.9400,1,3176.0000,4,B,7.9300,7.9200,7.9100,7.9000,7.8900,7.9400,7.9500,7.9600,7.9700,7.9800,643,305,607,1596,586,89,803,776,566,949
SZ,002374,2017-01-03 10:24:24,7.9300,1,3966.0000,5,S,7.9300,7.9200,7.9100,7.9000,7.8900,7.9400,7.9500,7.9600,7.9700,7.9800,638,305,637,1596,586,109,803,776,566,949
SZ,002374,2017-01-03 10:24:48,7.9400,10,63520.0000,80,B,7.9300,7.9200,7.9100,7.9000,7.8900,7.9400,7.9500,7.9600,7.9700,7.9800,611,308,641,1596,586,205,818,788,578,940
SZ,002374,2017-01-03 10:24:57,7.9300,5,118304.0000,149,S,7.9300,7.9200,7.9100,7.9000,7.8900,7.9400,7.9500,7.9600,7.9700,7.9800,639,308,641,1596,586,58,818,788,578,940
SZ,002374,2017-01-03 10:25:00,7.9300,2,79300.0000,100,S,7.9300,7.9200,7.9100,7.9000,7.8900,7.9400,7.9500,7.9600,7.9700,7.9800,539,308,641,1596,586,58,827,788,578,940
SZ,002374,2017-01-03 10:25:06,7.9400,1,794.0000,1,B,7.9300,7.9200,7.9100,7.9000,7.8900,7.9400,7.9500,7.9600,7.9700,7.9800,639,308,641,1596,586,57,827,788,578,940
SZ,002374,2017-01-03 10:25:12,7.9400,1,2382.0000,3,B,7.9300,7.9200,7.9100,7.9000,7.8900,7.9400,7.9500,7.9600,7.9700,7.9800,639,308,641,1594,586,54,827,788,578,940
SZ,002374,2017-01-03 10:25:18,7.9400,4,42876.0000,54,B,7.9400,7.9300,7.9200,7.9100,7.9000,7.9500,7.9600,7.9700,7.9800,7.9900,37,639,308,641,1594,837,788,578,926,1226
SZ,002374,2017-01-03 10:25:27,7.9400,1,11910.0000,15,S,7.9400,7.9300,7.9200,7.9100,7.9000,7.9500,7.9600,7.9700,7.9800,7.9900,49,638,308,641,1594,895,788,578,926,1226
SZ,002374,2017-01-03 10:25:42,7.9400,4,45260.0000,57,S,7.9300,7.9200,7.9100,7.9000,7.8900,7.9400,7.9500,7.9600,7.9700,7.9800,638,308,641,1594,586,36,912,788,578,946
SZ,002374,2017-01-03 10:25:48,7.9400,1,19852.0000,25,B,7.9300,7.9200,7.9100,7.9000,7.8900,7.9400,7.9500,7.9600,7.9700,7.9800,638,308,641,1594,586,21,912,774,578,946
SZ,002374,2017-01-03 10:25:51,7.9400,1,2380.0000,3,B,7.9300,7.9200,7.9100,7.9000,7.8900,7.9400,7.9500,7.9600,7.9700,7.9800,638,308,641,1594,586,18,860,774,578,946
SZ,002374,2017-01-03 10:26:00,7.9400,2,7940.0000,10,B,7.9300,7.9200,7.9100,7.9000,7.8900,7.9400,7.9500,7.9600,7.9700,7.9800,638,308,641,1594,586,11,860,192,578,946
SZ,002374,2017-01-03 10:26:03,7.9400,3,8736.0000,11,B,7.9400,7.9300,7.9200,7.9100,7.9000,7.9500,7.9600,7.9700,7.9800,7.9900,42,638,308,641,1594,860,192,578,946,1227
SZ,002374,2017-01-03 10:26:18,7.9400,2,39700.0000,50,S,7.9400,7.9300,7.9200,7.9100,7.9000,7.9500,7.9600,7.9700,7.9800,7.9900,2,642,308,631,1594,874,192,578,946,1227
SZ,002374,2017-01-03 10:26:21,7.9400,1,1588.0000,2,S,7.9300,7.9200,7.9100,7.9000,7.8900,7.9400,7.9500,7.9600,7.9700,7.9800,642,308,631,1594,586,38,874,192,578,946
SZ,002374,2017-01-03 10:26:27,7.9400,1,7940.0000,10,B,7.9300,7.9200,7.9100,7.9000,7.8900,7.9400,7.9500,7.9600,7.9700,7.9800,642,308,603,1594,586,28,874,192,578,946
SZ,002374,2017-01-03 10:26:33,7.9400,1,22232.0000,28,B,7.9400,7.9300,7.9200,7.9100,7.9000,7.9500,7.9600,7.9700,7.9800,7.9900,45,652,308,603,1594,874,192,578,946,1230
SZ,002374,2017-01-03 10:26:57,7.9400,1,7940.0000,10,S,7.9400,7.9300,7.9200,7.9100,7.9000,7.9500,7.9600,7.9700,7.9800,7.9900,88,662,308,579,1594,874,192,578,946,1230
SZ,002374,2017-01-03 10:27:00,7.9500,1,1588.0000,2,B,7.9400,7.9300,7.9200,7.9100,7.9000,7.9500,7.9600,7.9700,7.9800,7.9900,88,662,308,579,1594,872,192,578,946,1230
SZ,002374,2017-01-03 10:27:06,7.9400,1,3972.0000,5,S,7.9400,7.9300,7.9200,7.9100,7.9000,7.9500,7.9600,7.9700,7.9800,7.9900,83,662,308,579,1594,872,192,578,946,1230
SZ,002374,2017-01-03 10:27:12,7.9400,2,7144.0000,9,S,7.9400,7.9300,7.9200,7.9100,7.9000,7.9500,7.9600,7.9700,7.9800,7.9900,74,662,308,579,1594,872,192,578,946,1230
SZ,002374,2017-01-03 10:27:18,7.9400,3,18264.0000,23,S,7.9400,7.9300,7.9200,7.9100,7.9000,7.9500,7.9600,7.9700,7.9800,7.9900,53,662,308,579,1594,872,192,578,946,1230
SZ,002374,2017-01-03 10:27:24,7.9400,1,3968.0000,5,S,7.9400,7.9300,7.9200,7.9100,7.9000,7.9500,7.9600,7.9700,7.9800,7.9900,68,662,305,579,1594,872,192,578,946,1230
SZ,002374,2017-01-03 10:27:33,7.9400,2,52404.0000,66,S,7.9300,7.9200,7.9100,7.9000,7.8900,7.9400,7.9500,7.9600,7.9700,7.9800,662,316,579,1594,586,121,872,192,578,946
SZ,002374,2017-01-03 10:27:36,7.9400,1,1588.0000,2,B,7.9300,7.9200,7.9100,7.9000,7.8900,7.9400,7.9500,7.9600,7.9700,7.9800,662,316,579,1594,586,119,872,192,578,946
SZ,002374,2017-01-03 10:27:42,7.9400,1,32556.0000,41,B,7.9300,7.9200,7.9100,7.9000,7.8900,7.9400,7.9500,7.9600,7.9700,7.9800,656,316,579,1594,586,78,872,192,578,946
SZ,002374,2017-01-03 10:27:54,7.9300,1,7928.0000,10,S,7.9300,7.9200,7.9100,7.9000,7.8900,7.9400,7.9500,7.9600,7.9700,7.9800,645,321,579,1594,586,128,872,212,578,958
SZ,002374,2017-01-03 10:27:57,7.9400,2,79400.0000,100,B,7.9300,7.9200,7.9100,7.9000,7.8900,7.9400,7.9500,7.9600,7.9700,7.9800,645,321,579,1594,586,28,872,212,578,958
SZ,002374,2017-01-03 10:28:03,7.9400,1,10324.0000,13,B,7.9300,7.9200,7.9100,7.9000,7.8900,7.9400,7.9500,7.9600,7.9700,7.9800,648,321,579,1594,586,15,872,212,578,958
SZ,002374,2017-01-03 10:28:36,7.9300,2,6344.0000,8,S,7.9300,7.9200,7.9100,7.9000,7.8900,7.9400,7.9500,7.9600,7.9700,7.9800,641,321,578,1599,582,146,857,212,571,958
SZ,002374,2017-01-03 10:28:51,7.9300,5,70576.0000,89,S,7.9300,7.9200,7.9100,7.9000,7.8900,7.9400,7.9500,7.9600,7.9700,7.9800,552,321,578,1599,582,359,855,212,571,958
SZ,002374,2017-01-03 10:29:03,7.9400,1,8734.0000,11,B,7.9300,7.9200,7.9100,7.9000,7.8900,7.9400,7.9500,7.9600,7.9700,7.9800,594,321,578,1599,582,368,857,212,571,958
SZ,002374,2017-01-03 10:29:06,7.9300,1,6344.0000,8,S,7.9300,7.9200,7.9100,7.9000,7.8900,7.9400,7.9500,7.9600,7.9700,7.9800,586,321,578,1599,582,368,857,212,571,958
SZ,002374,2017-01-03 10:29:09,7.9300,1,7930.0000,10,S,7.9300,7.9200,7.9100,7.9000,7.8900,7.9400,7.9500,7.9600,7.9700,7.9800,576,321,578,1599,582,368,857,212,571,958
SZ,002374,2017-01-03 10:29:15,7.9400,2,4764.0000,6,B,7.9300,7.9200,7.9100,7.9000,7.8900,7.9400,7.9500,7.9600,7.9700,7.9800,576,321,578,1599,582,362,857,212,571,958
SZ,002374,2017-01-03 10:29:18,7.9400,2,39700.0000,50,B,7.9300,7.9200,7.9100,7.9000,7.8900,7.9400,7.9500,7.9600,7.9700,7.9800,576,321,578,1599,582,312,857,212,571,958
SZ,002374,2017-01-03 10:29:30,7.9400,8,303308.0000,382,B,7.9400,7.9300,7.9200,7.9100,7.9000,7.9500,7.9600,7.9700,7.9800,7.9900,158,586,321,598,1599,845,212,571,958,1194
SZ,002374,2017-01-03 10:29:42,7.9400,1,7940.0000,10,S,7.9400,7.9300,7.9200,7.9100,7.9000,7.9500,7.9600,7.9700,7.9800,7.9900,505,596,311,598,1599,845,212,571,958,1194
SZ,002374,2017-01-03 10:29:45,7.9500,3,38956.0000,49,B,7.9400,7.9300,7.9200,7.9100,7.9000,7.9500,7.9600,7.9700,7.9800,7.9900,505,596,306,598,1599,794,212,571,958,1194
SZ,002374,2017-01-03 10:29:48,7.9400,2,160388.0000,202,S,7.9400,7.9300,7.9200,7.9100,7.9000,7.9500,7.9600,7.9700,7.9800,7.9900,303,596,306,598,1599,794,212,571,958,1194
SZ,002374,2017-01-03 10:30:06,7.9400,2,18262.0000,23,S,7.9400,7.9300,7.9200,7.9100,7.9000,7.9500,7.9600,7.9700,7.9800,7.9900,268,593,306,598,1601,803,285,546,958,1194
SZ,002374,2017-01-03 10:30:15,7.9400,1,91310.0000,115,S,7.9400,7.9300,7.9200,7.9100,7.9000,7.9500,7.9600,7.9700,7.9800,7.9900,155,593,297,598,1598,803,297,546,958,1194
SZ,002374,2017-01-03 10:30:30,7.9400,1,16674.0000,21,S,7.9400,7.9300,7.9200,7.9100,7.9000,7.9500,7.9600,7.9700,7.9800,7.9900,203,601,297,594,1598,830,321,546,958,1194
SZ,002374,2017-01-03 10:30:33,7.9500,1,794.0000,1,B,7.9400,7.9300,7.9200,7.9100,7.9000,7.9500,7.9600,7.9700,7.9800,7.9900,207,601,297,594,1598,829,321,546,958,1194
SZ,002374,2017-01-03 10:30:42,7.9500,1,31800.0000,40,B,7.9400,7.9300,7.9200,7.9100,7.9000,7.9500,7.9600,7.9700,7.9800,7.9900,207,601,297,594,1598,789,321,546,958,1194
SZ,002374,2017-01-03 10:30:51,7.9500,1,3976.0000,5,B,7.9400,7.9300,7.9200,7.9100,7.9000,7.9500,7.9600,7.9700,7.9800,7.9900,207,519,297,594,1598,784,321,546,958,1194
SZ,002374,2017-01-03 10:31:00,7.9500,2,95400.0000,120,B,7.9400,7.9300,7.9200,7.9100,7.9000,7.9500,7.9600,7.9700,7.9800,7.9900,207,520,153,594,1598,688,307,546,958,1194
SZ,002374,2017-01-03 10:31:09,7.9500,1,10336.0000,13,B,7.9400,7.9300,7.9200,7.9100,7.9000,7.9500,7.9600,7.9700,7.9800,7.9900,207,520,153,594,1598,822,287,546,958,1194
SZ,002374,2017-01-03 10:31:15,7.9400,1,23820.0000,30,S,7.9400,7.9300,7.9200,7.9100,7.9000,7.9500,7.9600,7.9700,7.9800,7.9900,197,520,153,594,1598,822,287,546,960,1194
SZ,002374,2017-01-03 10:31:21,7.9400,1,1588.0000,2,S,7.9400,7.9300,7.9200,7.9100,7.9000,7.9500,7.9600,7.9700,7.9800,7.9900,195,520,153,594,1598,832,287,546,960,1214
SZ,002374,2017-01-03 10:31:24,7.9500,1,3180.0000,4,B,7.9400,7.9300,7.9200,7.9100,7.9000,7.9500,7.9600,7.9700,7.9800,7.9900,191,520,153,594,1598,828,287,546,960,1214
SZ,002374,2017-01-03 10:31:27,7.9500,2,23848.0000,30,B,7.9400,7.9300,7.9200,7.9100,7.9000,7.9500,7.9600,7.9700,7.9800,7.9900,191,520,153,594,1598,898,287,546,960,1214
SZ,002374,2017-01-03 10:31:30,7.9400,1,15880.0000,20,S,7.9400,7.9300,7.9200,7.9100,7.9000,7.9500,7.9600,7.9700,7.9800,7.9900,171,520,153,594,1598,861,287,546,960,1214
SZ,002374,2017-01-03 10:31:33,7.9400,1,1588.0000,2,S,7.9400,7.9300,7.9200,7.9100,7.9000,7.9500,7.9600,7.9700,7.9800,7.9900,169,520,153,594,1598,861,287,546,960,1214
SZ,002374,2017-01-03 10:31:36,7.9400,3,29380.0000,37,S,7.9400,7.9300,7.9200,7.9100,7.9000,7.9500,7.9600,7.9700,7.9800,7.9900,132,520,153,594,1598,861,287,546,960,1214
SZ,002374,2017-01-03 10:31:51,7.9500,2,11924.0000,15,B,7.9400,7.9300,7.9200,7.9100,7.9000,7.9500,7.9600,7.9700,7.9800,7.9900,460,520,153,594,1598,899,287,546,960,1214
SZ,002374,2017-01-03 10:31:54,7.9400,6,15098.0000,19,S,7.9400,7.9300,7.9200,7.9100,7.9000,7.9500,7.9600,7.9700,7.9800,7.9900,473,520,153,602,1598,887,287,546,960,1214
SZ,002374,2017-01-03 10:31:57,7.9400,4,39700.0000,50,S,7.9400,7.9300,7.9200,7.9100,7.9000,7.9500,7.9600,7.9700,7.9800,7.9900,423,520,153,602,1598,887,287,546,960,1194
SZ,002374,2017-01-03 10:32:06,7.9500,4,97750.0000,123,B,7.9400,7.9300,7.9200,7.9100,7.9000,7.9500,7.9600,7.9700,7.9800,7.9900,598,510,153,602,1598,799,287,546,960,1194
SZ,002374,2017-01-03 10:32:09,7.9500,2,15900.0000,20,B,7.9400,7.9300,7.9200,7.9100,7.9000,7.9500,7.9600,7.9700,7.9800,7.9900,598,510,153,602,1598,779,287,546,968,1194
SZ,002374,2017-01-03 10:32:15,7.9400,1,2382.0000,3,S,7.9400,7.9300,7.9200,7.9100,7.9000,7.9500,7.9600,7.9700,7.9800,7.9900,595,510,153,602,1598,787,287,546,968,1194
SZ,002374,2017-01-03 10:32:18,7.9500,3,15900.0000,20,B,7.9400,7.9300,7.9200,7.9100,7.9000,7.9500,7.9600,7.9700,7.9800,7.9900,595,510,153,602,1598,767,391,546,968,1194
SZ,002374,2017-01-03 10:32:27,7.9500,4,23850.0000,30,B,7.9400,7.9300,7.9200,7.9100,7.9000,7.9500,7.9600,7.9700,7.9800,7.9900,595,510,153,602,1598,746,391,546,968,1194
SZ,002374,2017-01-03 10:32:33,7.9400,2,7940.0000,10,S,7.9400,7.9300,7.9200,7.9100,7.9000,7.9500,7.9600,7.9700,7.9800,7.9900,585,510,153,602,1598,746,391,546,963,1194
SZ,002374,2017-01-03 10:32:36,7.9500,2,3976.0000,5,B,7.9400,7.9300,7.9200,7.9100,7.9000,7.9500,7.9600,7.9700,7.9800,7.9900,585,480,153,602,1598,741,391,546,963,1194
SZ,002374,2017-01-03 10:32:42,7.9500,1,7948.0000,10,B,7.9400,7.9300,7.9200,7.9100,7.9000,7.9500,7.9600,7.9700,7.9800,7.9900,885,470,153,602,1598,715,391,546,963,1194
SZ,002374,2017-01-03 10:32:51,7.9500,5,55652.0000,70,B,7.9400,7.9300,7.9200,7.9100,7.9000,7.9500,7.9600,7.9700,7.9800,7.9900,885,470,153,602,1598,665,391,546,963,1194
SZ,002374,2017-01-03 10:32:57,7.9400,1,12704.0000,16,S,7.9400,7.9300,7.9200,7.9100,7.9000,7.9500,7.9600,7.9700,7.9800,7.9900,869,470,153,602,1598,635,391,546,993,1194
SZ,002374,2017-01-03 10:33:18,7.9500,3,23824.0000,30,B,7.9400,7.9300,7.9200,7.9100,7.9000,7.9500,7.9600,7.9700,7.9800,7.9900,844,470,153,602,1608,630,391,546,993,1194
SZ,002374,2017-01-03 10:33:48,7.9500,1,1590.0000,2,B,7.9400,7.9300,7.9200,7.9100,7.9000,7.9500,7.9600,7.9700,7.9800,7.9900,844,480,153,602,1608,691,412,546,985,1206
SZ,002374,2017-01-03 10:34:03,7.9500,7,79500.0000,100,B,7.9400,7.9300,7.9200,7.9100,7.9000,7.9500,7.9600,7.9700,7.9800,7.9900,844,467,146,602,1608,731,412,546,985,1206
SZ,002374,2017-01-03 10:34:06,7.9400,2,13506.0000,17,S,7.9400,7.9300,7.9200,7.9100,7.9000,7.9500,7.9600,7.9700,7.9800,7.9900,834,466,146,602,1608,724,412,546,985,1206
SZ,002374,2017-01-03 10:34:12,7.9500,1,8744.0000,11,B,7.9400,7.9300,7.9200,7.9100,7.9000,7.9500,7.9600,7.9700,7.9800,7.9900,634,466,146,602,1608,573,412,546,1060,1206
SZ,002374,2017-01-03 10:34:15,7.9500,7,77910.0000,98,B,7.9400,7.9300,7.9200,7.9100,7.9000,7.9500,7.9600,7.9700,7.9800,7.9900,645,466,146,602,1608,475,412,546,1060,1206
SZ,002374,2017-01-03 10:34:18,7.9400,1,15880.0000,20,S,7.9400,7.9300,7.9200,7.9100,7.9000,7.9500,7.9600,7.9700,7.9800,7.9900,628,466,146,602,1608,475,412,546,1060,1206
SZ,002374,2017-01-03 10:34:33,7.9400,2,4764.0000,6,S,7.9400,7.9300,7.9200,7.9100,7.9000,7.9500,7.9600,7.9700,7.9800,7.9900,657,466,346,602,1608,485,412,546,1060,1206
SZ,002374,2017-01-03 10:34:39,7.9500,9,100966.0000,127,B,7.9400,7.9300,7.9200,7.9100,7.9000,7.9500,7.9600,7.9700,7.9800,7.9900,657,461,346,602,1608,358,412,546,1060,1206
SZ,002374,2017-01-03 10:34:45,7.9400,1,15880.0000,20,S,7.9400,7.9300,7.9200,7.9100,7.9000,7.9500,7.9600,7.9700,7.9800,7.9900,658,461,346,602,1608,358,412,546,1060,1206
SZ,002374,2017-01-03 10:34:57,7.9500,1,3974.0000,5,B,7.9400,7.9300,7.9200,7.9100,7.9000,7.9500,7.9600,7.9700,7.9800,7.9900,665,461,346,604,1608,369,412,546,1074,1206
SZ,002374,2017-01-03 10:35:06,7.9500,2,7950.0000,10,B,7.9400,7.9300,7.9200,7.9100,7.9000,7.9500,7.9600,7.9700,7.9800,7.9900,665,461,437,604,1608,359,412,546,1064,1206
SZ,002374,2017-01-03 10:35:15,7.9500,1,1590.0000,2,B,7.9400,7.9300,7.9200,7.9100,7.9000,7.9500,7.9600,7.9700,7.9800,7.9900,665,461,437,604,1608,362,412,546,1064,1206
SZ,002374,2017-01-03 10:35:21,7.9400,1,158800.0000,200,S,7.9400,7.9300,7.9200,7.9100,7.9000,7.9500,7.9600,7.9700,7.9800,7.9900,407,458,437,604,1608,372,412,546,1064,1206
SZ,002374,2017-01-03 10:35:30,7.9500,1,3180.0000,4,B,7.9400,7.9300,7.9200,7.9100,7.9000,7.9500,7.9600,7.9700,7.9800,7.9900,407,458,437,604,1608,380,424,546,1064,1206
SZ,002374,2017-01-03 10:35:33,7.9500,1,7950.0000,10,B,7.9400,7.9300,7.9200,7.9100,7.9000,7.9500,7.9600,7.9700,7.9800,7.9900,407,458,437,604,1608,375,424,546,1064,1206
SZ,002374,2017-01-03 10:36:06,7.9500,1,1590.0000,2,B,7.9400,7.9300,7.9200,7.9100,7.9000,7.9500,7.9600,7.9700,7.9800,7.9900,407,458,437,604,1608,373,424,606,1114,1209
SZ,002374,2017-01-03 10:36:09,7.9500,3,79500.0000,100,B,7.9400,7.9300,7.9200,7.9100,7.9000,7.9500,7.9600,7.9700,7.9800,7.9900,407,471,437,614,1608,273,431,606,1114,1209
SZ,002374,2017-01-03 10:36:33,7.9500,1,794.0000,1,B,7.9400,7.9300,7.9200,7.9100,7.9000,7.9500,7.9600,7.9700,7.9800,7.9900,421,479,437,614,1616,281,431,756,1114,1215
SZ,002374,2017-01-03 10:36:39,7.9400,1,4764.0000,6,S,7.9400,7.9300,7.9200,7.9100,7.9000,7.9500,7.9600,7.9700,7.9800,7.9900,415,479,437,614,1616,306,428,756,1114,1215
SZ,002374,2017-01-03 10:36:42,7.9400,1,8736.0000,11,S,7.9400,7.9300,7.9200,7.9100,7.9000,7.9500,7.9600,7.9700,7.9800,7.9900,404,479,437,614,1616,306,428,756,1114,1215
SZ,002374,2017-01-03 10:36:48,7.9400,3,23820.0000,30,S,7.9400,7.9300,7.9200,7.9100,7.9000,7.9500,7.9600,7.9700,7.9800,7.9900,374,479,437,565,1616,306,428,768,1114,1215
SZ,002374,2017-01-03 10:36:54,7.9400,1,5556.0000,7,S,7.9400,7.9300,7.9200,7.9100,7.9000,7.9500,7.9600,7.9700,7.9800,7.9900,367,479,439,565,1616,306,428,768,1114,1215
SZ,002374,2017-01-03 10:37:06,7.9400,1,7940.0000,10,S,7.9400,7.9300,7.9200,7.9100,7.9000,7.9500,7.9600,7.9700,7.9800,7.9900,357,479,439,565,1616,447,433,768,1088,1215
SZ,002374,2017-01-03 10:37:09,7.9500,1,2386.0000,3,B,7.9400,7.9300,7.9200,7.9100,7.9000,7.9500,7.9600,7.9700,7.9800,7.9900,357,479,439,585,1616,444,433,768,1088,1215
