市场代码,证券代码,时间,最新价,成交笔数,成交额,成交量,方向,买一价,买二价,买三价,买四价,买五价,卖一价,卖二价,卖三价,卖四价,卖五价,买一量,买二量,买三量,买四量,买五量,卖一量,卖二量,卖三量,卖四量,卖五量
SZ,002380,2017-01-03 09:30:03,28.8800,4,20138.0000,7,B,28.8000,28.7700,28.6100,28.6000,28.5800,28.8800,29.0000,29.1200,29.3700,29.3800,6,4,9,87,2,5,10,16,2,9
SZ,002380,2017-01-03 09:30:36,28.8000,1,17280.0000,6,S,28.7700,28.6300,28.6100,28.6000,28.5800,28.8000,28.8400,28.8800,29.0000,29.1200,4,30,12,117,2,10,5,5,10,16
SZ,002380,2017-01-03 09:31:03,28.8000,1,20160.0000,7,B,28.7700,28.6300,28.6200,28.6100,28.6000,28.8000,28.8400,28.8800,29.0000,29.1200,4,30,3,32,92,4,5,5,10,13
SZ,002380,2017-01-03 09:31:21,28.8000,1,2880.0000,1,B,28.7700,28.6400,28.6300,28.6200,28.6100,28.8000,28.8400,28.8800,29.0000,29.1200,8,20,30,3,32,3,5,5,10,13
SZ,002380,2017-01-03 09:31:24,28.7700,3,23016.0000,8,S,28.6400,28.6300,28.6200,28.6100,28.6000,28.7700,28.8000,28.8400,28.8800,29.0000,20,30,3,32,92,2,3,5,5,10
SZ,002380,2017-01-03 09:31:42,28.7700,1,5754.0000,2,B,28.6300,28.6200,28.6100,28.6000,28.5800,28.8000,28.8400,28.8800,29.0000,29.1200,30,3,32,86,2,5,5,5,10,13
SZ,002380,2017-01-03 09:32:03,28.6400,1,14320.0000,5,S,28.6400,28.6300,28.6200,28.6100,28.6000,28.8000,28.8400,28.8800,29.0000,29.1200,16,40,3,32,86,7,5,5,10,13
SZ,002380,2017-01-03 09:32:21,28.8000,4,20160.0000,7,B,28.8000,28.7000,28.6500,28.6400,28.6300,28.8400,28.8800,29.0000,29.1200,29.2500,69,9,17,15,57,5,5,10,13,5
SZ,002380,2017-01-03 09:32:24,28.8000,1,46080.0000,16,S,28.8000,28.6500,28.6400,28.6300,28.6200,28.8400,28.8800,29.0000,29.1200,29.2500,53,17,15,57,3,5,5,10,13,5
SZ,002380,2017-01-03 09:32:42,28.8000,1,2880.0000,1,S,28.8000,28.6700,28.6500,28.6400,28.6300,28.8400,28.8800,28.9900,29.0000,29.1200,55,10,17,17,57,5,5,9,10,13
SZ,002380,2017-01-03 09:32:45,28.8800,2,28860.0000,10,B,28.8800,28.8000,28.6700,28.6500,28.6400,28.9900,29.0000,29.1200,29.2500,29.3000,2,55,10,17,18,9,10,13,5,5
SZ,002380,2017-01-03 09:33:00,28.8000,5,175720.0000,61,S,28.6700,28.6500,28.6400,28.6300,28.6200,28.7100,28.9900,29.0000,29.1200,29.2500,10,17,13,27,3,73,19,10,13,5
SZ,002380,2017-01-03 09:33:03,28.7100,1,2871.0000,1,B,28.6700,28.6500,28.6400,28.6300,28.6200,28.7100,28.9900,29.0000,29.1200,29.2500,10,17,13,27,3,72,19,10,13,5
SZ,002380,2017-01-03 09:33:18,28.7100,1,14355.0000,5,B,28.6800,28.6700,28.6500,28.6400,28.6300,28.7100,28.9800,28.9900,29.0000,29.1200,10,10,17,13,27,67,23,19,10,13
SZ,002380,2017-01-03 09:33:21,28.7100,1,86130.0000,30,B,28.6800,28.6700,28.6500,28.6400,28.6300,28.7100,28.9800,28.9900,29.0000,29.1200,20,10,17,13,27,37,23,19,10,13
SZ,002380,2017-01-03 09:33:27,28.7100,1,14355.0000,5,B,28.6800,28.6700,28.6500,28.6400,28.6300,28.7100,28.8900,28.9700,28.9800,28.9900,20,10,7,13,27,32,28,10,23,19
SZ,002380,2017-01-03 09:33:30,28.7100,2,22968.0000,8,B,28.6800,28.6700,28.6500,28.6400,28.6300,28.7100,28.8900,28.9700,28.9800,28.9900,20,10,7,13,27,24,28,10,23,19
SZ,002380,2017-01-03 09:33:42,28.7100,3,43065.0000,15,B,28.6800,28.6700,28.6500,28.6400,28.6300,28.7100,28.8800,28.8900,28.9600,28.9700,20,10,7,13,27,9,1,28,10,10
SZ,002380,2017-01-03 09:33:48,28.7100,5,48795.0000,17,B,28.6900,28.6800,28.6700,28.6500,28.6400,28.7100,28.8800,28.8900,28.9500,28.9600,10,20,10,7,13,4,10,28,5,10
SZ,002380,2017-01-03 09:33:51,28.7100,1,11484.0000,4,B,28.7100,28.6900,28.6800,28.6700,28.6500,28.8800,28.8900,28.9500,28.9600,28.9700,5,10,20,10,7,30,28,5,10,10
SZ,002380,2017-01-03 09:34:03,28.8700,1,20209.0000,7,B,28.7100,28.6900,28.6800,28.6700,28.6500,28.8700,28.8800,28.8900,28.9500,28.9600,12,10,20,10,7,3,60,28,5,10
SZ,002380,2017-01-03 09:34:15,28.7100,5,71775.0000,25,S,28.7100,28.7000,28.6900,28.6800,28.6700,28.8600,28.8700,28.8800,28.8900,28.9500,2,2,10,20,10,10,3,59,28,5
SZ,002380,2017-01-03 09:34:39,28.8500,1,14425.0000,5,B,28.7200,28.7100,28.7000,28.6900,28.6800,28.8500,28.8600,28.8800,28.8900,28.9500,10,24,7,10,20,5,10,41,28,5
SZ,002380,2017-01-03 09:35:12,28.8400,1,8652.0000,3,B,28.8400,28.7300,28.7200,28.7100,28.7000,28.8500,28.8600,28.8800,28.8900,28.9000,6,10,15,21,2,30,10,40,28,3
SZ,002380,2017-01-03 09:35:15,28.8400,1,14420.0000,5,S,28.8400,28.7300,28.7200,28.7100,28.7000,28.8500,28.8600,28.8800,28.8900,28.9000,1,10,14,26,2,30,10,40,28,3
SZ,002380,2017-01-03 09:35:21,28.8400,1,2884.0000,1,S,28.7300,28.7200,28.7100,28.7000,28.6800,28.8300,28.8400,28.8500,28.8600,28.8800,13,14,26,2,23,8,4,30,10,40
SZ,002380,2017-01-03 09:35:57,28.8300,1,14415.0000,5,B,28.7400,28.7300,28.7200,28.7100,28.7000,28.8200,28.8300,28.8400,28.8500,28.8600,22,13,14,9,19,10,5,4,30,10
SZ,002380,2017-01-03 09:36:51,28.7600,1,28760.0000,10,B,28.7400,28.7300,28.7200,28.7100,28.7000,28.8200,28.8300,28.8500,28.8600,28.8800,26,10,10,9,21,12,5,30,10,10
SZ,002380,2017-01-03 09:37:00,28.7600,1,5752.0000,2,S,28.7600,28.7400,28.7300,28.7200,28.7100,28.8200,28.8300,28.8500,28.8600,28.8800,1,26,10,10,9,12,5,30,10,10
SZ,002380,2017-01-03 09:37:03,28.8200,1,14410.0000,5,B,28.7600,28.7400,28.7300,28.7200,28.7100,28.8200,28.8300,28.8500,28.8600,28.8800,1,26,10,10,9,7,5,30,10,10
SZ,002380,2017-01-03 09:37:21,28.8200,1,2882.0000,1,B,28.7700,28.7600,28.7400,28.7300,28.7200,28.8200,28.8300,28.8500,28.8600,28.8800,30,1,26,10,10,6,5,30,10,1
SZ,002380,2017-01-03 09:37:33,28.7700,1,25893.0000,9,S,28.7700,28.7600,28.7500,28.7400,28.7300,28.8200,28.8300,28.8500,28.8600,28.8800,21,1,2,26,10,6,5,30,10,1
SZ,002380,2017-01-03 09:37:45,28.8200,2,17292.0000,6,B,28.8200,28.7700,28.7600,28.7500,28.7400,28.8300,28.8500,28.8600,28.8800,28.8900,11,21,1,2,26,5,30,10,1,18
SZ,002380,2017-01-03 09:38:18,28.8200,3,57640.0000,20,S,28.8200,28.7700,28.7600,28.7500,28.7400,28.8300,28.8500,28.8600,28.8800,28.8900,2,21,1,2,26,5,30,10,1,18
SZ,002380,2017-01-03 09:38:33,28.8300,2,14415.0000,5,B,28.8200,28.7800,28.7700,28.7600,28.7500,28.8500,28.8600,28.8800,28.8900,28.9000,2,10,21,1,2,30,10,1,18,3
SZ,002380,2017-01-03 09:38:48,28.8200,1,2882.0000,1,S,28.8200,28.7800,28.7700,28.7600,28.7500,28.8500,28.8600,28.8800,28.8900,28.9000,1,17,21,1,5,30,10,1,18,3
SZ,002380,2017-01-03 09:38:51,28.8500,2,86550.0000,30,B,28.8200,28.7800,28.7700,28.7600,28.7500,28.8600,28.8800,28.8900,28.9000,28.9500,1,17,21,1,5,10,1,18,3,5
SZ,002380,2017-01-03 09:39:09,28.8200,2,14410.0000,5,S,28.7800,28.7700,28.7600,28.7500,28.7400,28.8200,28.8600,28.8700,28.8800,28.8900,17,21,1,5,26,5,10,7,1,18
SZ,002380,2017-01-03 09:39:12,28.8200,1,2882.0000,1,B,28.7800,28.7700,28.7600,28.7500,28.7400,28.8200,28.8600,28.8700,28.8800,28.8900,17,21,1,5,26,4,10,7,1,18
SZ,002380,2017-01-03 09:39:24,28.7800,2,40292.0000,14,S,28.7800,28.7700,28.7600,28.7500,28.7400,28.8200,28.8600,28.8700,28.8800,28.8900,3,21,1,5,26,4,10,7,1,18
SZ,002380,2017-01-03 09:39:45,28.8200,1,11528.0000,4,B,28.8200,28.7800,28.7700,28.7600,28.7500,28.8600,28.8700,28.8800,28.8900,28.9000,52,3,21,1,5,10,7,1,18,3
SZ,002380,2017-01-03 09:39:54,28.8200,1,28820.0000,10,S,28.8200,28.7800,28.7700,28.7600,28.7500,28.8600,28.8700,28.8800,28.8900,28.9000,44,33,21,1,5,10,7,1,18,3
SZ,002380,2017-01-03 09:40:00,28.8600,1,14430.0000,5,B,28.8200,28.7800,28.7700,28.7600,28.7500,28.8600,28.8700,28.8800,28.8900,28.9000,44,29,21,1,5,5,7,1,18,3
SZ,002380,2017-01-03 09:40:06,28.8600,1,11544.0000,4,B,28.8200,28.7800,28.7700,28.7600,28.7500,28.8600,28.8700,28.8800,28.8900,28.9000,44,29,21,1,5,1,7,1,18,3
SZ,002380,2017-01-03 09:40:18,28.8300,1,14415.0000,5,S,28.8300,28.8200,28.7800,28.7700,28.7600,28.8600,28.8700,28.8800,28.8900,28.9000,24,44,29,21,15,1,7,1,18,3
SZ,002380,2017-01-03 09:40:21,28.8700,2,8660.0000,3,B,28.8300,28.8200,28.7800,28.7700,28.7600,28.8700,28.8800,28.8900,28.9000,28.9500,24,44,29,21,15,5,1,18,3,25
SZ,002380,2017-01-03 09:40:39,28.8700,1,11548.0000,4,B,28.8400,28.8300,28.8200,28.7800,28.7700,28.8700,28.8800,28.8900,28.9000,28.9500,5,24,44,29,22,1,1,18,3,25
SZ,002380,2017-01-03 09:40:45,28.8600,1,17316.0000,6,S,28.8600,28.8400,28.8300,28.8200,28.7800,28.8700,28.8800,28.8900,28.9000,28.9500,4,5,24,44,29,1,1,18,3,25
SZ,002380,2017-01-03 09:40:54,28.8700,1,2887.0000,1,B,28.8700,28.8600,28.8400,28.8300,28.8200,28.8800,28.8900,28.9000,28.9500,28.9600,9,4,5,24,44,1,18,3,25,10
SZ,002380,2017-01-03 09:40:57,28.8800,1,2888.0000,1,B,28.8700,28.8600,28.8400,28.8300,28.8200,28.8900,28.9000,28.9500,28.9600,28.9700,9,4,5,24,44,18,3,25,10,13
SZ,002380,2017-01-03 09:41:12,28.8900,1,14445.0000,5,B,28.8700,28.8600,28.8400,28.8300,28.8200,28.8900,28.9000,28.9400,28.9500,28.9600,9,4,5,24,44,13,3,3,25,10
SZ,002380,2017-01-03 09:41:15,28.8900,1,11556.0000,4,B,28.8700,28.8600,28.8400,28.8300,28.8200,28.8900,28.9000,28.9400,28.9500,28.9600,9,4,5,24,44,9,3,3,25,10
SZ,002380,2017-01-03 09:41:18,28.8900,1,14445.0000,5,B,28.8700,28.8600,28.8400,28.8300,28.8200,28.8900,28.9000,28.9400,28.9500,28.9600,9,4,5,24,44,4,3,3,25,10
SZ,002380,2017-01-03 09:41:21,28.8700,1,23096.0000,8,S,28.8700,28.8600,28.8400,28.8300,28.8200,28.8900,28.9000,28.9400,28.9500,28.9600,1,4,5,24,44,4,3,3,25,10
SZ,002380,2017-01-03 09:42:18,28.8600,4,20205.0000,7,S,28.8400,28.8300,28.8200,28.8000,28.7800,28.8600,28.8900,28.9000,28.9400,28.9500,5,24,44,11,29,8,6,3,3,25
SZ,002380,2017-01-03 09:42:24,28.8600,1,20202.0000,7,B,28.8400,28.8300,28.8200,28.8000,28.7800,28.8600,28.8900,28.9000,28.9400,28.9500,5,24,44,11,29,1,6,3,3,25
SZ,002380,2017-01-03 09:42:36,28.8900,2,14442.0000,5,B,28.8500,28.8400,28.8200,28.8000,28.7800,28.8800,28.8900,28.9000,28.9400,28.9500,14,5,44,11,29,20,22,3,3,25
SZ,002380,2017-01-03 09:43:06,28.8600,1,14430.0000,5,B,28.8500,28.8200,28.8000,28.7800,28.7700,28.8600,28.8900,28.9000,28.9400,28.9500,14,44,11,29,39,35,22,3,33,25
SZ,002380,2017-01-03 09:43:09,28.8500,1,5770.0000,2,S,28.8500,28.8200,28.8000,28.7800,28.7700,28.8600,28.8900,28.9000,28.9400,28.9500,12,44,11,29,39,35,22,3,33,25
SZ,002380,2017-01-03 09:43:15,28.8600,1,14430.0000,5,B,28.8500,28.8200,28.8000,28.7800,28.7700,28.8600,28.8900,28.9000,28.9400,28.9500,16,44,11,29,39,30,22,3,33,25
SZ,002380,2017-01-03 09:43:33,28.8600,1,11544.0000,4,B,28.8500,28.8200,28.8000,28.7800,28.7700,28.8600,28.8900,28.9000,28.9400,28.9500,20,44,11,29,39,26,22,3,33,25
SZ,002380,2017-01-03 09:43:42,28.8600,1,8658.0000,3,B,28.8500,28.8200,28.8000,28.7800,28.7700,28.8600,28.8800,28.8900,28.9000,28.9400,20,44,11,29,39,23,8,22,3,33
SZ,002380,2017-01-03 09:43:45,28.8600,1,14430.0000,5,B,28.8500,28.8200,28.8000,28.7800,28.7700,28.8600,28.8800,28.8900,28.9000,28.9400,20,44,11,29,39,18,8,22,3,33
SZ,002380,2017-01-03 09:44:00,28.8800,1,11552.0000,4,B,28.8500,28.8200,28.8000,28.7800,28.7700,28.8800,28.8900,28.9000,28.9400,28.9500,20,44,13,29,39,4,22,3,3,20
SZ,002380,2017-01-03 09:44:03,28.8500,4,54818.0000,19,S,28.8500,28.8200,28.8000,28.7800,28.7700,28.8800,28.8900,28.9000,28.9400,28.9500,2,44,13,29,39,3,22,3,3,20
SZ,002380,2017-01-03 09:44:24,28.8800,1,8664.0000,3,B,28.8800,28.8500,28.8300,28.8200,28.8000,28.8900,28.9000,28.9400,28.9500,28.9600,10,2,6,44,13,22,3,3,20,10
SZ,002380,2017-01-03 09:44:30,28.8800,1,8664.0000,3,S,28.8800,28.8500,28.8300,28.8200,28.8000,28.8900,28.9000,28.9400,28.9500,28.9600,7,2,6,44,13,22,3,3,20,10
SZ,002380,2017-01-03 09:44:39,28.8800,1,17328.0000,6,S,28.8800,28.8500,28.8300,28.8200,28.8000,28.8900,28.9000,28.9400,28.9500,28.9600,1,2,6,44,13,22,3,3,20,10
SZ,002380,2017-01-03 09:44:48,28.8900,3,31779.0000,11,B,28.8800,28.8500,28.8300,28.8200,28.8000,28.8900,28.9000,28.9400,28.9500,28.9600,1,2,6,44,13,11,3,3,20,10
SZ,002380,2017-01-03 09:44:54,28.8900,2,17334.0000,6,B,28.8800,28.8500,28.8300,28.8200,28.8000,28.8900,28.9000,28.9400,28.9500,28.9600,1,2,6,44,13,5,3,3,20,10
SZ,002380,2017-01-03 09:44:57,28.8300,3,17307.0000,6,S,28.8300,28.8200,28.8000,28.7800,28.7700,28.8900,28.9000,28.9400,28.9500,28.9600,3,44,13,29,39,5,3,3,20,10
SZ,002380,2017-01-03 09:45:51,28.8500,1,11540.0000,4,S,28.8500,28.8400,28.8300,28.8200,28.8000,28.8900,28.9000,28.9400,28.9500,28.9600,1,6,44,44,13,6,3,3,20,10
SZ,002380,2017-01-03 09:46:06,28.8900,1,14445.0000,5,B,28.8600,28.8500,28.8400,28.8300,28.8200,28.8900,28.9000,28.9400,28.9500,28.9600,3,1,6,44,44,1,3,3,20,10
SZ,002380,2017-01-03 09:46:12,28.8600,2,8658.0000,3,S,28.8500,28.8400,28.8300,28.8200,28.8000,28.8600,28.8900,28.9000,28.9400,28.9500,1,4,44,44,13,2,1,3,3,20
SZ,002380,2017-01-03 09:46:21,28.8600,1,5772.0000,2,B,28.8500,28.8400,28.8300,28.8200,28.8000,28.8900,28.9000,28.9400,28.9500,28.9600,1,2,44,44,13,1,3,3,20,10
SZ,002380,2017-01-03 09:46:30,28.8900,1,2889.0000,1,B,28.8900,28.8500,28.8400,28.8300,28.8200,28.9000,28.9400,28.9500,28.9600,28.9700,4,17,2,44,44,3,3,20,10,13
SZ,002380,2017-01-03 09:46:48,28.8500,2,14441.0000,5,S,28.8400,28.8300,28.8200,28.8000,28.7800,28.9000,28.9400,28.9500,28.9600,28.9700,2,44,44,15,26,3,3,20,10,13
SZ,002380,2017-01-03 09:46:51,28.9000,1,2890.0000,1,B,28.8400,28.8300,28.8200,28.8000,28.7800,28.9000,28.9400,28.9500,28.9600,28.9700,2,44,44,15,26,2,3,20,10,13
SZ,002380,2017-01-03 09:46:57,28.9000,1,5780.0000,2,B,28.9000,28.8400,28.8300,28.8200,28.8000,28.9400,28.9500,28.9600,28.9700,28.9900,3,2,44,44,15,3,20,10,13,3
SZ,002380,2017-01-03 09:47:24,28.9300,2,17358.0000,6,B,28.9000,28.8900,28.8500,28.8400,28.8300,28.9300,28.9400,28.9500,28.9600,28.9700,10,5,4,2,44,4,8,20,10,13
SZ,002380,2017-01-03 09:47:27,28.9500,4,43409.0000,15,B,28.9000,28.8900,28.8500,28.8400,28.8300,28.9500,28.9600,28.9700,28.9900,29.0000,10,5,4,2,44,17,10,13,3,10
SZ,002380,2017-01-03 09:47:51,28.9400,1,8682.0000,3,B,28.9000,28.8900,28.8600,28.8500,28.8300,28.9400,28.9500,28.9600,28.9700,28.9900,10,5,11,4,41,3,17,10,13,3
SZ,002380,2017-01-03 09:47:54,28.9400,1,8682.0000,3,B,28.9400,28.9000,28.8900,28.8600,28.8500,28.9500,28.9600,28.9700,28.9900,29.0000,12,10,5,11,4,17,10,13,3,10
SZ,002380,2017-01-03 09:47:57,28.9400,1,34728.0000,12,S,28.9000,28.8900,28.8600,28.8500,28.8300,28.9400,28.9500,28.9600,28.9700,28.9900,10,5,11,4,41,7,17,10,13,3
SZ,002380,2017-01-03 09:48:09,28.9400,1,14470.0000,5,B,28.9000,28.8900,28.8600,28.8500,28.8300,28.9400,28.9500,28.9600,28.9700,28.9900,10,5,11,4,41,2,17,10,13,3
SZ,002380,2017-01-03 09:48:30,28.9500,2,34738.0000,12,B,28.9000,28.8900,28.8600,28.8500,28.8300,28.9500,28.9600,28.9700,28.9900,29.0000,148,5,11,4,41,11,10,13,3,10
SZ,002380,2017-01-03 09:48:39,28.9500,1,8685.0000,3,B,28.9000,28.8900,28.8700,28.8600,28.8500,28.9500,28.9600,28.9700,28.9900,29.0000,148,5,11,11,4,8,10,13,3,10
SZ,002380,2017-01-03 09:48:42,28.9500,2,23160.0000,8,B,28.9500,28.9000,28.8900,28.8700,28.8600,28.9600,28.9700,28.9900,29.0000,29.0800,1,148,5,11,11,10,13,3,10,4
SZ,002380,2017-01-03 09:48:45,28.9600,1,2896.0000,1,B,28.9500,28.9000,28.8900,28.8700,28.8600,28.9600,28.9700,28.9900,29.0000,29.0800,1,148,5,11,11,9,13,3,10,4
SZ,002380,2017-01-03 09:48:51,28.9500,2,28959.0000,10,S,28.9100,28.9000,28.8900,28.8700,28.8600,28.9500,28.9700,28.9900,29.0000,29.0800,2,148,5,11,11,4,13,3,10,4
SZ,002380,2017-01-03 09:49:09,28.9500,2,40530.0000,14,B,28.9500,28.9100,28.9000,28.8900,28.8700,28.9700,28.9900,29.0000,29.0800,29.1000,19,2,153,5,11,13,3,10,4,6
SZ,002380,2017-01-03 09:49:18,28.9600,1,14480.0000,5,B,28.9500,28.9100,28.9000,28.8900,28.8700,28.9600,28.9700,28.9900,29.0000,29.0800,19,4,15,5,11,15,13,3,10,4
SZ,002380,2017-01-03 09:49:24,28.9500,1,14475.0000,5,S,28.9500,28.9100,28.9000,28.8900,28.8700,28.9600,28.9700,28.9900,29.0000,29.0800,14,4,15,5,11,15,13,3,10,4
SZ,002380,2017-01-03 09:49:27,28.9500,1,26055.0000,9,S,28.9500,28.9100,28.9000,28.8900,28.8700,28.9600,28.9700,28.9900,29.0000,29.0800,5,4,16,5,11,15,13,3,10,4
SZ,002380,2017-01-03 09:49:30,28.9600,2,28955.0000,10,B,28.9100,28.9000,28.8900,28.8700,28.8600,28.9600,28.9700,28.9900,29.0000,29.0800,4,16,5,11,11,10,13,3,10,4
SZ,002380,2017-01-03 09:49:39,28.9500,1,5790.0000,2,B,28.9500,28.9100,28.9000,28.8900,28.8700,28.9600,28.9700,28.9900,29.0000,29.0800,25,4,18,5,11,10,13,3,10,4
SZ,002380,2017-01-03 09:49:45,28.9700,2,37651.0000,13,B,28.9500,28.9100,28.9000,28.8900,28.8700,28.9700,28.9900,29.0000,29.0800,29.1000,25,4,18,5,11,10,3,10,4,6
SZ,002380,2017-01-03 09:49:54,28.9700,4,95537.0000,33,B,28.9500,28.9100,28.9000,28.8900,28.8700,28.9700,28.9900,29.0000,29.0800,29.1000,3,4,18,5,11,9,3,10,4,6
SZ,002380,2017-01-03 09:50:03,28.9500,1,2895.0000,1,S,28.9500,28.9100,28.9000,28.8900,28.8700,28.9700,28.9900,29.0000,29.0800,29.1000,2,10,18,5,11,9,3,10,4,6
SZ,002380,2017-01-03 09:50:18,28.9600,2,17381.0000,6,S,28.9600,28.9500,28.9100,28.9000,28.8900,28.9700,28.9900,29.0000,29.0800,29.1000,7,2,10,18,5,5,3,10,4,6
SZ,002380,2017-01-03 09:50:27,28.9700,1,2897.0000,1,B,28.9600,28.9500,28.9100,28.9000,28.8900,28.9700,28.9900,29.0000,29.0800,29.1000,7,2,10,18,5,4,3,10,4,6
SZ,002380,2017-01-03 09:50:30,28.9700,1,2897.0000,1,B,28.9600,28.9500,28.9100,28.9000,28.8900,28.9700,28.9900,29.0000,29.0800,29.0900,7,2,10,18,5,3,3,10,4,3
SZ,002380,2017-01-03 09:50:36,28.9700,1,2897.0000,1,B,28.9600,28.9500,28.9100,28.9000,28.8900,28.9700,28.9900,29.0000,29.0800,29.0900,7,2,10,18,5,2,3,10,4,3
SZ,002380,2017-01-03 09:50:42,28.9600,3,23168.0000,8,S,28.9500,28.9100,28.9000,28.8900,28.8700,28.9600,28.9700,28.9900,29.0000,29.0800,2,10,18,5,11,2,2,8,10,4
SZ,002380,2017-01-03 09:50:45,28.9700,2,8689.0000,3,B,28.9500,28.9100,28.9000,28.8900,28.8700,28.9700,28.9900,29.0000,29.0800,29.0900,2,10,18,5,11,1,8,10,4,3
SZ,002380,2017-01-03 09:50:57,28.9700,2,11585.0000,4,B,28.9700,28.9500,28.9100,28.9000,28.8900,28.9800,28.9900,29.0000,29.0700,29.0800,15,2,10,28,5,10,8,10,18,4
SZ,002380,2017-01-03 09:51:00,28.9800,1,28980.0000,10,B,28.9800,28.9700,28.9500,28.9100,28.9000,28.9900,29.0000,29.0700,29.0800,29.0900,2,15,2,10,28,8,10,18,4,3
SZ,002380,2017-01-03 09:51:15,29.0000,4,37683.0000,13,B,28.9700,28.9500,28.9100,28.9000,28.8900,29.0000,29.0700,29.0800,29.0900,29.1000,15,2,4,28,5,8,18,4,3,6
SZ,002380,2017-01-03 09:51:24,29.0000,1,23606.0000,8,B,29.0200,29.0100,29.0000,28.9900,28.9800,29.0700,29.0800,29.0900,29.1000,29.1200,2,1,9,5,6,18,4,3,8,13
SZ,002380,2017-01-03 09:51:30,29.0700,1,2907.0000,1,B,29.0200,29.0100,29.0000,28.9900,28.9800,29.0700,29.0800,29.0900,29.1000,29.1200,2,1,12,5,6,17,4,3,8,13
SZ,002380,2017-01-03 09:51:45,29.0700,3,49419.0000,17,B,29.0700,29.0200,29.0100,29.0000,28.9700,29.0800,29.0900,29.1000,29.1200,29.1500,135,7,1,10,15,4,3,8,13,5
SZ,002380,2017-01-03 09:51:48,29.0700,1,2907.0000,1,S,29.0700,29.0200,29.0100,29.0000,28.9700,29.0800,29.0900,29.1000,29.1200,29.1500,134,7,1,10,15,4,3,8,13,5
SZ,002380,2017-01-03 09:52:03,29.0800,1,2908.0000,1,B,29.0700,29.0200,29.0100,29.0000,28.9700,29.0800,29.0900,29.1000,29.1200,29.1500,134,7,1,10,15,3,3,6,13,5
SZ,002380,2017-01-03 09:52:21,29.0800,1,8724.0000,3,B,29.0800,29.0700,29.0200,29.0100,29.0000,29.0900,29.1000,29.1200,29.1600,29.1900,2,134,7,1,10,3,6,13,10,19
SZ,002380,2017-01-03 09:52:24,29.0900,2,5817.0000,2,B,29.0800,29.0700,29.0200,29.0100,29.0000,29.0900,29.1000,29.1200,29.1600,29.1900,1,134,7,1,10,2,6,13,10,19
SZ,002380,2017-01-03 09:52:33,29.0800,1,2908.0000,1,S,29.0700,29.0200,29.0100,29.0000,28.9700,29.0900,29.1000,29.1100,29.1200,29.1600,134,7,1,1,15,2,10,2,13,10
SZ,002380,2017-01-03 09:52:36,29.0900,1,5818.0000,2,B,29.0200,29.0100,29.0000,28.9700,28.9500,29.0700,29.1000,29.1100,29.1200,29.1600,7,1,1,15,4,80,10,2,15,10
SZ,002380,2017-01-03 09:52:39,29.0700,1,5814.0000,2,B,29.0200,29.0100,29.0000,28.9700,28.9500,29.0700,29.1000,29.1100,29.1200,29.1600,2,1,1,15,4,78,10,2,15,10
SZ,002380,2017-01-03 09:52:54,29.0200,3,63929.0000,22,S,29.0100,29.0000,28.9700,28.9500,28.9000,29.0200,29.0700,29.1000,29.1100,29.1200,1,1,16,2,28,3,73,60,2,15
SZ,002380,2017-01-03 09:53:06,29.0100,2,19901.0000,7,B,29.0000,28.9700,28.9500,28.9000,28.8900,29.0100,29.0200,29.0600,29.0700,29.0900,1,1,2,28,5,53,23,14,88,2
SZ,002380,2017-01-03 09:53:09,29.0000,1,2900.0000,1,S,28.9700,28.9500,28.9000,28.8900,28.8600,29.0100,29.0200,29.0600,29.0700,29.0900,1,2,28,5,11,54,23,14,89,2
SZ,002380,2017-01-03 09:53:18,29.0100,2,29010.0000,10,B,28.9700,28.9500,28.9000,28.8900,28.8600,29.0100,29.0200,29.0600,29.0700,29.0900,1,2,28,5,11,64,3,23,89,2
SZ,002380,2017-01-03 09:53:21,29.0100,1,2901.0000,1,B,28.9700,28.9500,28.9100,28.9000,28.8900,29.0100,29.0200,29.0600,29.0700,29.0900,21,2,6,28,5,63,3,23,89,2
SZ,002380,2017-01-03 09:53:33,28.9700,2,14485.0000,5,S,28.9700,28.9500,28.9100,28.9000,28.8900,29.0100,29.0200,29.0600,29.0700,29.0900,16,2,6,28,5,63,3,23,109,2
SZ,002380,2017-01-03 09:53:48,29.0000,1,29000.0000,10,B,29.0000,28.9800,28.9700,28.9500,28.9100,29.0100,29.0200,29.0600,29.0700,29.0900,9,50,16,2,6,63,8,22,108,2
SZ,002380,2017-01-03 09:54:06,29.0000,1,14500.0000,5,S,29.0000,28.9800,28.9700,28.9500,28.9100,29.0100,29.0200,29.0600,29.0700,29.0800,5,50,16,2,5,63,8,33,110,10
SZ,002380,2017-01-03 09:54:15,29.0100,5,165357.0000,57,B,29.0000,28.9800,28.9700,28.9500,28.9100,29.0100,29.0200,29.0600,29.0700,29.0800,11,50,16,2,5,6,8,33,110,10
SZ,002380,2017-01-03 09:54:21,29.0100,1,14505.0000,5,B,29.0000,28.9800,28.9700,28.9500,28.9100,29.0100,29.0200,29.0600,29.0700,29.0800,11,50,16,2,5,26,8,33,110,10
SZ,002380,2017-01-03 09:54:27,29.0100,2,43515.0000,15,B,29.0000,28.9800,28.9700,28.9500,28.9100,29.0100,29.0200,29.0600,29.0700,29.0800,5,50,16,2,5,11,8,33,110,10
SZ,002380,2017-01-03 09:54:30,29.0100,1,32317.0000,11,B,29.0100,29.0000,28.9800,28.9700,28.9500,29.0200,29.0600,29.0700,29.0800,29.0900,8,5,50,16,2,8,33,110,10,2
SZ,002380,2017-01-03 09:54:36,29.0200,2,17412.0000,6,B,29.0100,29.0000,28.9800,28.9700,28.9500,29.0200,29.0600,29.0700,29.0800,29.0900,9,5,50,16,2,2,47,110,10,2
SZ,002380,2017-01-03 09:54:42,29.0200,2,5804.0000,2,B,29.0100,29.0000,28.9800,28.9700,28.9500,29.0600,29.0700,29.0800,29.0900,29.1000,8,5,50,16,2,47,110,15,2,68
SZ,002380,2017-01-03 09:55:09,29.0600,2,5811.0000,2,B,29.0200,29.0100,29.0000,28.9800,28.9700,29.0600,29.0700,29.0800,29.0900,29.1000,1,8,5,50,16,62,110,15,2,68
SZ,002380,2017-01-03 09:55:12,29.0600,1,14530.0000,5,B,29.0200,29.0100,29.0000,28.9800,28.9700,29.0600,29.0700,29.0800,29.0900,29.1000,1,8,5,50,16,57,110,15,2,68
SZ,002380,2017-01-03 09:55:42,29.0500,2,14525.0000,5,B,29.0400,29.0200,29.0100,29.0000,28.9800,29.0500,29.0600,29.0700,29.0800,29.0900,19,1,8,5,50,3,80,90,15,2
SZ,002380,2017-01-03 09:55:48,29.0400,2,43415.0000,15,S,29.0400,29.0200,29.0100,29.0000,28.9800,29.0500,29.0600,29.0700,29.0800,29.0900,4,6,8,5,50,5,80,90,15,6
SZ,002380,2017-01-03 09:55:51,29.0500,3,17430.0000,6,B,29.0400,29.0200,29.0100,29.0000,28.9800,29.0500,29.0600,29.0700,29.0800,29.0900,4,6,8,1,50,2,80,90,15,9
SZ,002380,2017-01-03 09:55:54,29.0400,1,5808.0000,2,S,29.0400,29.0200,29.0100,29.0000,28.9800,29.0500,29.0600,29.0700,29.0800,29.0900,2,6,8,1,50,2,80,90,15,9
SZ,002380,2017-01-03 09:56:00,29.0500,1,2905.0000,1,B,29.0400,29.0200,29.0100,29.0000,28.9800,29.0500,29.0600,29.0700,29.0800,29.0900,2,6,8,1,50,1,80,90,15,9
SZ,002380,2017-01-03 09:56:03,29.0500,1,2905.0000,1,B,29.0400,29.0200,29.0100,29.0000,28.9800,29.0600,29.0700,29.0800,29.0900,29.1000,2,6,8,1,50,80,90,15,9,68
SZ,002380,2017-01-03 09:56:09,29.0500,1,5810.0000,2,B,29.0400,29.0200,29.0100,29.0000,28.9800,29.0500,29.0600,29.0700,29.0800,29.0900,2,6,8,4,50,12,80,90,15,9
SZ,002380,2017-01-03 09:56:30,29.0400,1,5953.0000,2,S,29.0200,29.0100,29.0000,28.9800,28.9700,29.0400,29.0500,29.0600,29.0700,29.0800,5,8,4,50,16,2,21,80,90,16
SZ,002380,2017-01-03 09:56:48,29.0200,2,29020.0000,10,S,29.0100,29.0000,28.9800,28.9700,28.9500,29.0200,29.0400,29.0500,29.0600,29.0700,8,4,50,16,2,10,5,21,80,90
SZ,002380,2017-01-03 09:57:06,29.0100,3,80841.0000,28,S,29.0000,28.9800,28.9700,28.9500,28.9100,29.0100,29.0400,29.0500,29.0600,29.0700,1,50,16,2,5,12,10,21,80,90
SZ,002380,2017-01-03 09:57:33,29.0100,1,14505.0000,5,B,29.0000,28.9800,28.9700,28.9500,28.9100,29.0100,29.0200,29.0400,29.0500,29.0600,1,50,16,2,8,7,4,10,21,60
SZ,002380,2017-01-03 09:57:36,29.0100,1,20307.0000,7,B,29.0000,28.9800,28.9700,28.9500,28.9100,29.0100,29.0200,29.0400,29.0500,29.0600,1,50,16,2,8,0,4,10,21,60
SZ,002380,2017-01-03 09:57:57,29.0000,1,2900.0000,1,S,28.9800,28.9700,28.9500,28.9100,28.9000,29.0000,29.0100,29.0400,29.0500,29.0600,50,16,6,8,24,2,4,10,21,60
SZ,002380,2017-01-03 09:58:06,29.0000,1,5800.0000,2,B,29.0000,28.9800,28.9700,28.9500,28.9100,29.0100,29.0400,29.0500,29.0600,29.0700,44,50,16,6,8,4,10,21,60,90
SZ,002380,2017-01-03 09:58:09,28.9800,2,272500.0000,94,S,28.9700,28.9500,28.9100,28.9000,28.8900,28.9800,29.0100,29.0400,29.0500,29.0600,16,6,8,24,5,8,4,10,21,60
SZ,002380,2017-01-03 09:58:18,28.9700,1,8691.0000,3,S,28.9700,28.9500,28.9100,28.9000,28.8800,28.9800,29.0100,29.0400,29.0500,29.0600,13,6,8,24,92,8,0,10,21,60
SZ,002380,2017-01-03 09:58:21,28.9800,1,14490.0000,5,B,28.9700,28.9500,28.9100,28.9000,28.8800,28.9800,29.0100,29.0400,29.0500,29.0600,13,6,8,24,92,3,0,10,56,60
SZ,002380,2017-01-03 09:58:24,28.9800,1,2898.0000,1,B,28.9700,28.9500,28.9100,28.9000,28.8800,28.9800,29.0100,29.0400,29.0500,29.0600,13,6,8,24,92,2,0,10,56,60
SZ,002380,2017-01-03 09:58:36,28.9800,1,5796.0000,2,B,28.9800,28.9700,28.9500,28.9100,28.9000,29.0100,29.0400,29.0500,29.0600,29.0700,2,13,6,8,24,0,10,56,60,90
SZ,002380,2017-01-03 09:58:39,28.9700,6,69562.0000,24,S,28.9500,28.9100,28.9000,28.8800,28.8600,28.9700,28.9800,29.0100,29.0400,29.0500,6,8,24,92,11,14,10,22,7,56
SZ,002380,2017-01-03 09:58:42,28.9800,2,69538.0000,24,B,28.9800,28.9500,28.9100,28.9000,28.8800,29.0100,29.0400,29.0500,29.0600,29.0700,27,6,8,24,92,73,7,56,60,90
SZ,002380,2017-01-03 09:58:51,29.0000,1,2900.0000,1,B,29.0000,28.9800,28.9500,28.9100,28.9000,29.0100,29.0400,29.0500,29.0600,29.0700,18,27,6,8,24,73,7,56,60,90
SZ,002380,2017-01-03 09:58:54,29.0000,1,11600.0000,4,S,29.0000,28.9800,28.9500,28.9100,28.9000,29.0100,29.0400,29.0500,29.0600,29.0700,14,27,6,8,24,73,7,44,60,90
SZ,002380,2017-01-03 09:59:06,29.0000,2,49305.0000,17,S,29.0000,28.9800,28.9500,28.9100,28.9000,29.0100,29.0400,29.0500,29.0600,29.0700,10,27,6,8,24,68,7,44,60,90
SZ,002380,2017-01-03 09:59:18,29.0100,1,17406.0000,6,B,29.0000,28.9800,28.9500,28.9100,28.9000,29.0100,29.0400,29.0500,29.0600,29.0700,13,27,6,8,24,62,7,44,60,90
SZ,002380,2017-01-03 09:59:33,29.0000,3,37700.0000,13,S,28.9800,28.9500,28.9100,28.9000,28.8800,29.0000,29.0100,29.0400,29.0500,29.0600,27,6,8,24,92,17,62,7,44,60
SZ,002380,2017-01-03 10:00:03,29.0100,3,81208.0000,28,B,29.0000,28.9800,28.9700,28.9500,28.9100,29.0100,29.0400,29.0500,29.0600,29.0700,8,27,2,6,8,54,7,44,60,90
SZ,002380,2017-01-03 10:00:12,29.0100,3,23208.0000,8,B,29.0000,28.9800,28.9700,28.9500,28.9100,29.0100,29.0400,29.0500,29.0600,29.0700,8,27,2,6,8,46,7,44,60,90
SZ,002380,2017-01-03 10:00:18,29.0100,1,14505.0000,5,B,29.0000,28.9900,28.9800,28.9700,28.9500,29.0100,29.0400,29.0500,29.0600,29.0700,8,50,27,2,6,41,7,44,60,90
SZ,002380,2017-01-03 10:00:21,29.0100,1,23208.0000,8,B,29.0000,28.9900,28.9800,28.9700,28.9500,29.0100,29.0400,29.0500,29.0600,29.0700,8,50,27,2,6,33,7,44,60,90
SZ,002380,2017-01-03 10:00:24,29.0000,1,23200.0000,8,S,28.9900,28.9800,28.9700,28.9500,28.9100,29.0000,29.0100,29.0400,29.0500,29.0600,50,27,2,6,8,12,37,7,44,60
SZ,002380,2017-01-03 10:00:30,29.0000,1,23200.0000,8,B,28.9900,28.9800,28.9700,28.9500,28.9100,29.0000,29.0100,29.0400,29.0500,29.0600,50,27,2,6,8,8,37,7,44,60
SZ,002380,2017-01-03 10:00:33,29.0000,2,23200.0000,8,B,29.0000,28.9900,28.9800,28.9700,28.9500,29.0100,29.0400,29.0500,29.0600,29.0700,11,50,27,2,6,37,7,44,60,90
SZ,002380,2017-01-03 10:00:39,29.0100,1,23208.0000,8,B,29.0000,28.9900,28.9800,28.9700,28.9500,29.0100,29.0400,29.0500,29.0600,29.0700,11,50,27,2,6,25,7,44,60,90
SZ,002380,2017-01-03 10:00:51,29.0000,1,11600.0000,4,S,29.0000,28.9900,28.9800,28.9700,28.9500,29.0100,29.0400,29.0500,29.0600,29.0700,9,57,27,2,6,25,7,44,60,90
SZ,002380,2017-01-03 10:00:54,29.0000,1,5800.0000,2,S,29.0000,28.9900,28.9800,28.9700,28.9500,29.0100,29.0400,29.0500,29.0600,29.0700,7,57,27,2,6,25,7,44,60,90
SZ,002380,2017-01-03 10:00:57,29.0100,1,17406.0000,6,B,29.0000,28.9900,28.9800,28.9700,28.9500,29.0100,29.0400,29.0500,29.0600,29.0700,7,57,27,2,6,19,7,44,60,90
SZ,002380,2017-01-03 10:01:06,29.0100,2,11601.0000,4,B,29.0000,28.9900,28.9800,28.9700,28.9500,29.0100,29.0400,29.0500,29.0600,29.0700,18,57,27,2,6,18,7,44,60,90
SZ,002380,2017-01-03 10:01:09,29.0100,4,34805.0000,12,B,29.0000,28.9900,28.9800,28.9700,28.9500,29.0100,29.0400,29.0500,29.0600,29.0700,11,57,27,2,6,13,7,44,60,90
SZ,002380,2017-01-03 10:01:30,29.0100,1,26109.0000,9,B,29.0000,28.9900,28.9800,28.9700,28.9500,29.0100,29.0400,29.0500,29.0600,29.0700,11,57,27,2,6,4,7,44,60,90
SZ,002380,2017-01-03 10:02:06,29.0000,1,29000.0000,10,B,29.0000,28.9900,28.9800,28.9700,28.9500,29.0100,29.0400,29.0500,29.0600,29.0700,9,50,27,2,6,30,7,44,60,88
SZ,002380,2017-01-03 10:02:15,29.0100,3,29006.0000,10,B,29.0000,28.9900,28.9800,28.9700,28.9500,29.0100,29.0400,29.0500,29.0600,29.0700,5,50,27,2,6,24,7,44,60,88
SZ,002380,2017-01-03 10:02:18,29.0100,1,2901.0000,1,B,29.0000,28.9900,28.9800,28.9700,28.9500,29.0100,29.0400,29.0500,29.0600,29.0700,5,50,27,2,6,23,7,44,60,88
SZ,002380,2017-01-03 10:02:21,29.0100,1,2901.0000,1,B,29.0000,28.9900,28.9800,28.9700,28.9500,29.0100,29.0400,29.0500,29.0600,29.0700,5,50,27,2,6,22,7,46,60,88
SZ,002380,2017-01-03 10:02:27,29.0100,2,23203.0000,8,B,28.9900,28.9800,28.9700,28.9500,28.9100,29.0100,29.0400,29.0500,29.0600,29.0700,50,27,2,6,8,36,7,46,60,88
SZ,002380,2017-01-03 10:02:30,29.0100,1,14505.0000,5,B,28.9900,28.9800,28.9700,28.9500,28.9100,29.0100,29.0400,29.0500,29.0600,29.0700,50,27,2,6,8,31,7,46,60,88
SZ,002380,2017-01-03 10:02:36,29.0100,1,2901.0000,1,B,28.9900,28.9800,28.9700,28.9500,28.9100,29.0100,29.0400,29.0500,29.0600,29.0700,50,27,2,6,8,30,7,46,60,88
SZ,002380,2017-01-03 10:02:39,29.0100,1,17406.0000,6,B,28.9900,28.9800,28.9700,28.9500,28.9100,29.0100,29.0400,29.0500,29.0600,29.0700,50,27,2,6,8,24,7,46,60,88
SZ,002380,2017-01-03 10:02:42,28.9900,6,153665.0000,53,S,28.9900,28.9800,28.9700,28.9500,28.9100,29.0100,29.0400,29.0500,29.0600,29.0700,7,27,2,6,8,16,7,46,60,88
SZ,002380,2017-01-03 10:02:54,28.9900,1,5798.0000,2,S,28.9900,28.9800,28.9700,28.9500,28.9100,29.0100,29.0400,29.0500,29.0600,29.0700,5,27,2,6,8,16,7,46,60,88
SZ,002380,2017-01-03 10:03:00,28.9900,1,14495.0000,5,S,28.9800,28.9700,28.9500,28.9100,28.9000,28.9900,29.0100,29.0400,29.0500,29.0600,27,2,6,8,24,5,16,7,46,60
SZ,002380,2017-01-03 10:03:09,28.9800,1,11592.0000,4,S,28.9800,28.9700,28.9500,28.9100,28.9000,28.9900,29.0000,29.0100,29.0400,29.0500,23,2,6,9,24,5,10,16,7,46
SZ,002380,2017-01-03 10:03:24,28.9900,4,57980.0000,20,B,28.9800,28.9700,28.9500,28.9100,28.9000,29.0000,29.0100,29.0400,29.0500,29.0600,23,2,6,9,24,10,16,7,46,60
SZ,002380,2017-01-03 10:03:33,28.9800,1,28980.0000,10,S,28.9800,28.9700,28.9500,28.9100,28.9000,29.0000,29.0100,29.0400,29.0500,29.0600,13,2,6,13,24,10,16,7,46,60
SZ,002380,2017-01-03 10:03:48,28.9900,1,17394.0000,6,S,28.9900,28.9800,28.9700,28.9500,28.9100,29.0000,29.0100,29.0400,29.0500,29.0600,44,13,2,6,12,10,16,7,46,60
SZ,002380,2017-01-03 10:03:51,29.0000,1,29000.0000,10,B,29.0000,28.9900,28.9800,28.9700,28.9500,29.0100,29.0400,29.0500,29.0600,29.0700,9,44,13,2,6,16,7,46,60,88
SZ,002380,2017-01-03 10:03:54,28.9900,2,60888.0000,21,S,28.9900,28.9800,28.9700,28.9500,28.9100,29.0100,29.0400,29.0500,29.0600,29.0700,32,13,2,6,12,16,7,46,60,88
SZ,002380,2017-01-03 10:04:00,28.9900,1,2899.0000,1,S,28.9900,28.9800,28.9700,28.9500,28.9100,29.0100,29.0400,29.0500,29.0600,29.0700,31,13,2,6,122,16,7,46,60,88
SZ,002380,2017-01-03 10:04:06,29.0000,1,2900.0000,1,B,28.9900,28.9800,28.9700,28.9500,28.9100,29.0000,29.0100,29.0400,29.0500,29.0600,31,13,2,6,122,5,16,7,46,60
SZ,002380,2017-01-03 10:04:12,29.0000,1,14500.0000,5,B,29.0000,28.9900,28.9800,28.9700,28.9500,29.0100,29.0400,29.0500,29.0600,29.0700,2,31,13,2,6,16,7,46,60,88
SZ,002380,2017-01-03 10:04:15,28.9900,2,20295.0000,7,S,28.9900,28.9800,28.9700,28.9500,28.9100,29.0100,29.0400,29.0500,29.0600,29.0700,26,13,2,6,122,16,7,46,60,88
SZ,002380,2017-01-03 10:04:30,29.0000,1,14500.0000,5,B,28.9900,28.9800,28.9700,28.9500,28.9100,29.0000,29.0100,29.0400,29.0500,29.0600,26,13,2,6,122,4,16,12,46,60
SZ,002380,2017-01-03 10:04:36,29.0000,1,8700.0000,3,B,28.9900,28.9800,28.9700,28.9500,28.9100,29.0000,29.0100,29.0400,29.0500,29.0600,26,13,2,6,122,1,16,12,46,60
SZ,002380,2017-01-03 10:04:54,28.9900,3,142078.0000,49,S,28.9900,28.9800,28.9700,28.9500,28.9100,29.0000,29.0100,29.0400,29.0500,29.0600,4,13,2,6,122,4,16,12,46,60
SZ,002380,2017-01-03 10:05:09,28.9900,1,11596.0000,4,S,28.9800,28.9700,28.9500,28.9100,28.9000,28.9900,29.0000,29.0100,29.0300,29.0400,13,2,6,122,24,6,4,16,10,12
SZ,002380,2017-01-03 10:05:30,28.9900,1,17394.0000,6,B,28.9900,28.9800,28.9700,28.9500,28.9200,29.0000,29.0100,29.0300,29.0400,29.0500,14,16,2,6,14,4,16,10,12,46
SZ,002380,2017-01-03 10:05:39,29.0000,1,2900.0000,1,B,28.9900,28.9800,28.9700,28.9500,28.9200,29.0000,29.0100,29.0300,29.0400,29.0500,19,16,2,6,14,3,16,10,12,46
SZ,002380,2017-01-03 10:05:48,29.0000,1,8700.0000,3,B,29.0000,28.9900,28.9800,28.9700,28.9500,29.0100,29.0300,29.0400,29.0500,29.0600,14,19,16,2,6,16,10,12,46,60
SZ,002380,2017-01-03 10:05:57,29.0100,1,17406.0000,6,B,29.0000,28.9900,28.9800,28.9700,28.9500,29.0100,29.0300,29.0400,29.0500,29.0600,19,19,16,2,6,10,10,12,46,60
SZ,002380,2017-01-03 10:06:06,29.0100,1,2901.0000,1,B,29.0000,28.9900,28.9800,28.9700,28.9500,29.0100,29.0300,29.0400,29.0500,29.0600,23,19,16,2,2,9,10,12,46,60
SZ,002380,2017-01-03 10:06:15,29.0100,1,14505.0000,5,B,29.0000,28.9900,28.9800,28.9700,28.9500,29.0100,29.0300,29.0400,29.0500,29.0600,24,19,15,2,2,4,10,12,46,60
SZ,002380,2017-01-03 10:06:18,29.0100,1,2901.0000,1,B,29.0000,28.9900,28.9800,28.9700,28.9500,29.0100,29.0300,29.0400,29.0500,29.0600,17,19,1,2,2,3,10,12,46,60
SZ,002380,2017-01-03 10:06:21,29.0100,1,2901.0000,1,B,29.0000,28.9900,28.9800,28.9700,28.9500,29.0100,29.0300,29.0400,29.0500,29.0600,18,19,1,2,2,2,10,12,46,60
SZ,002380,2017-01-03 10:06:39,29.0100,1,5802.0000,2,B,29.0100,29.0000,28.9900,28.9800,28.9700,29.0300,29.0400,29.0500,29.0600,29.0700,3,18,19,1,2,10,12,46,60,95
SZ,002380,2017-01-03 10:07:00,29.0000,1,5800.0000,2,S,29.0000,28.9900,28.9800,28.9700,28.9500,29.0300,29.0400,29.0500,29.0600,29.0700,16,19,1,2,2,10,12,46,60,95
SZ,002380,2017-01-03 10:07:03,29.0300,1,8709.0000,3,B,29.0000,28.9900,28.9800,28.9700,28.9500,29.0300,29.0400,29.0500,29.0600,29.0700,16,19,1,2,2,7,12,46,60,95
SZ,002380,2017-01-03 10:07:09,29.0300,2,8709.0000,3,B,29.0000,28.9900,28.9800,28.9700,28.9500,29.0300,29.0400,29.0500,29.0600,29.0700,16,19,1,2,2,4,12,46,60,95
SZ,002380,2017-01-03 10:07:15,29.0300,2,14512.0000,5,B,29.0300,29.0000,28.9900,28.9800,28.9700,29.0400,29.0500,29.0600,29.0700,29.0800,11,14,19,1,2,12,46,60,95,136
SZ,002380,2017-01-03 10:07:18,29.0300,3,37739.0000,13,S,29.0100,29.0000,28.9900,28.9800,28.9700,29.0300,29.0400,29.0500,29.0600,29.0700,5,14,19,1,2,2,12,46,60,95
SZ,002380,2017-01-03 10:07:21,29.0300,1,5806.0000,2,B,29.0300,29.0100,29.0000,28.9900,28.9800,29.0400,29.0500,29.0600,29.0700,29.0800,3,6,14,19,1,12,46,60,95,136
SZ,002380,2017-01-03 10:07:27,29.0400,3,35110.0000,12,B,29.0400,29.0300,29.0100,29.0000,28.9900,29.0500,29.0600,29.0700,29.0800,29.0900,6,3,6,14,19,46,60,95,136,25
SZ,002380,2017-01-03 10:07:36,29.0500,2,17430.0000,6,B,29.0400,29.0300,29.0100,29.0000,28.9900,29.0500,29.0600,29.0700,29.0800,29.0900,18,3,6,14,5,38,60,95,136,25
SZ,002380,2017-01-03 10:07:45,29.0400,1,14520.0000,5,S,29.0400,29.0100,29.0000,28.9900,28.9800,29.0500,29.0600,29.0700,29.0800,29.0900,1,6,14,5,1,38,60,95,136,25
SZ,002380,2017-01-03 10:07:51,29.0500,2,14525.0000,5,B,29.0400,29.0100,29.0000,28.9900,28.9800,29.0500,29.0600,29.0700,29.0800,29.0900,1,6,14,5,1,33,60,95,136,25
SZ,002380,2017-01-03 10:07:54,29.0400,1,5546.0000,2,S,29.0100,29.0000,28.9900,28.9800,28.9700,29.0400,29.0500,29.0600,29.0700,29.0800,6,14,5,1,2,5,33,60,95,136
SZ,002380,2017-01-03 10:07:57,29.0400,1,8712.0000,3,B,29.0100,29.0000,28.9900,28.9800,28.9700,29.0400,29.0500,29.0600,29.0700,29.0800,6,14,5,1,2,2,33,60,95,136
SZ,002380,2017-01-03 10:08:00,29.0500,2,34858.0000,12,B,29.0100,29.0000,28.9900,28.9800,28.9700,29.0500,29.0600,29.0700,29.0800,29.0900,6,14,5,1,2,23,60,95,136,25
SZ,002380,2017-01-03 10:08:03,29.0500,1,29050.0000,10,B,29.0100,29.0000,28.9900,28.9800,28.9700,29.0500,29.0600,29.0700,29.0800,29.0900,6,14,5,1,2,13,60,95,136,25
SZ,002380,2017-01-03 10:08:12,29.0500,2,23228.0000,8,B,29.0100,29.0000,28.9900,28.9800,28.9700,29.0500,29.0600,29.0700,29.0800,29.0900,3,13,5,1,2,8,60,95,136,25
SZ,002380,2017-01-03 10:08:18,29.0500,1,5810.0000,2,B,29.0100,29.0000,28.9900,28.9800,28.9700,29.0500,29.0600,29.0700,29.0800,29.0900,3,13,5,1,2,6,60,97,136,25
SZ,002380,2017-01-03 10:08:21,29.0500,1,5810.0000,2,B,29.0100,29.0000,28.9900,28.9800,28.9700,29.0500,29.0600,29.0700,29.0800,29.0900,4,13,5,1,2,4,60,97,136,25
SZ,002380,2017-01-03 10:08:33,29.0500,1,5810.0000,2,B,29.0100,29.0000,28.9900,28.9800,28.9700,29.0500,29.0600,29.0700,29.0800,29.0900,4,13,5,1,12,2,60,97,136,25
SZ,002380,2017-01-03 10:08:39,29.0500,2,2905.0000,1,B,29.0100,29.0000,28.9900,28.9800,28.9700,29.0500,29.0600,29.0700,29.0800,29.0900,4,13,5,1,12,1,60,97,136,25
SZ,002380,2017-01-03 10:08:51,29.0500,2,23233.0000,8,B,29.0400,29.0100,29.0000,28.9900,28.9800,29.0500,29.0600,29.0700,29.0800,29.0900,12,4,13,5,1,0,60,97,136,25
SZ,002380,2017-01-03 10:08:57,29.0400,1,14520.0000,5,S,29.0400,29.0100,29.0000,28.9900,28.9800,29.0500,29.0600,29.0700,29.0800,29.0900,7,4,13,5,1,0,60,97,136,25
SZ,002380,2017-01-03 10:09:06,29.0500,1,262.0000,0,S,29.0500,29.0400,29.0100,29.0000,28.9900,29.0600,29.0700,29.0800,29.0900,29.1000,0,7,4,13,5,60,97,136,25,122
SZ,002380,2017-01-03 10:09:09,29.0600,1,17436.0000,6,B,29.0500,29.0400,29.0100,29.0000,28.9900,29.0600,29.0700,29.0800,29.0900,29.1000,0,7,4,13,5,54,97,136,25,122
SZ,002380,2017-01-03 10:09:15,29.0500,2,17168.0000,6,S,29.0400,29.0100,29.0000,28.9900,28.9800,29.0500,29.0600,29.0700,29.0800,29.0900,7,3,13,5,1,4,54,97,136,25
SZ,002380,2017-01-03 10:09:18,29.0500,2,5810.0000,2,B,29.0400,29.0100,29.0000,28.9900,28.9800,29.0500,29.0600,29.0700,29.0800,29.0900,7,2,13,5,1,2,54,97,136,25
SZ,002380,2017-01-03 10:09:21,29.0500,1,2905.0000,1,B,29.0400,29.0100,29.0000,28.9900,28.9800,29.0500,29.0600,29.0700,29.0800,29.0900,8,2,13,5,1,1,54,97,136,25
SZ,002380,2017-01-03 10:09:24,29.0500,1,3167.0000,1,B,29.0500,29.0400,29.0100,29.0000,28.9900,29.0600,29.0700,29.0800,29.0900,29.1000,3,8,2,13,5,54,97,136,25,122
SZ,002380,2017-01-03 10:09:39,29.0600,2,14530.0000,5,B,29.0400,29.0100,29.0000,28.9900,28.9800,29.0600,29.0700,29.0800,29.0900,29.1000,8,2,13,5,1,49,97,136,25,122
SZ,002380,2017-01-03 10:09:51,29.0600,4,31946.0000,11,B,29.0100,29.0000,28.9900,28.9800,28.9700,29.0600,29.0700,29.0800,29.0900,29.1000,6,15,5,1,12,48,97,136,25,122
SZ,002380,2017-01-03 10:10:09,29.0400,2,5808.0000,2,S,29.0100,29.0000,28.9900,28.9800,28.9700,29.0400,29.0500,29.0600,29.0700,29.0800,6,15,5,1,12,3,2,48,97,136
SZ,002380,2017-01-03 10:10:15,29.0100,2,14505.0000,5,S,29.0100,29.0000,28.9900,28.9800,28.9700,29.0400,29.0500,29.0600,29.0700,29.0800,2,15,5,1,12,3,2,48,97,136
SZ,002380,2017-01-03 10:10:18,29.0400,1,2904.0000,1,B,29.0100,29.0000,28.9900,28.9800,28.9700,29.0400,29.0500,29.0600,29.0700,29.0800,3,15,5,1,12,2,2,48,97,136
SZ,002380,2017-01-03 10:10:21,29.0400,1,5808.0000,2,B,29.0400,29.0100,29.0000,28.9900,28.9800,29.0500,29.0600,29.0700,29.0800,29.0900,51,12,15,5,1,12,48,97,136,25
SZ,002380,2017-01-03 10:10:27,29.0400,1,29040.0000,10,S,29.0400,29.0100,29.0000,28.9900,28.9800,29.0500,29.0600,29.0700,29.0800,29.0900,46,12,15,5,1,12,48,97,136,25
SZ,002380,2017-01-03 10:10:30,29.0500,3,49380.0000,17,B,29.0500,29.0400,29.0100,29.0000,28.9900,29.0600,29.0700,29.0800,29.0900,29.1000,7,41,12,15,5,48,97,136,25,122
SZ,002380,2017-01-03 10:10:36,29.0400,3,116168.0000,40,S,29.0400,29.0100,29.0000,28.9900,28.9800,29.0600,29.0700,29.0800,29.0900,29.1000,4,12,15,5,1,48,97,136,25,122
SZ,002380,2017-01-03 10:10:42,29.0600,3,17436.0000,6,B,29.0400,29.0100,29.0000,28.9900,28.9800,29.0600,29.0700,29.0800,29.0900,29.1000,4,12,15,5,1,42,97,136,25,122
SZ,002380,2017-01-03 10:10:48,29.0600,1,14530.0000,5,B,29.0400,29.0100,29.0000,28.9900,28.9800,29.0600,29.0700,29.0800,29.0900,29.1000,4,12,25,5,1,37,97,136,25,122
SZ,002380,2017-01-03 10:10:57,29.0500,3,43582.0000,15,S,29.0400,29.0100,29.0000,28.9900,28.9800,29.0500,29.0600,29.0700,29.0800,29.0900,4,12,25,5,1,2,30,97,136,25
SZ,002380,2017-01-03 10:11:15,29.0400,3,11616.0000,4,S,29.0100,29.0000,28.9900,28.9800,28.9700,29.0400,29.0500,29.0600,29.0700,29.0800,11,25,5,1,12,1,5,30,97,136
SZ,002380,2017-01-03 10:11:18,29.0500,2,5809.0000,2,B,29.0400,29.0100,29.0000,28.9900,28.9800,29.0500,29.0600,29.0700,29.0800,29.0900,1,10,25,5,1,4,34,97,136,25
SZ,002380,2017-01-03 10:11:21,29.0500,2,5810.0000,2,B,29.0400,29.0100,29.0000,28.9900,28.9800,29.0500,29.0600,29.0700,29.0800,29.0900,2,10,25,5,1,2,34,97,136,25
SZ,002380,2017-01-03 10:11:24,29.0400,1,2904.0000,1,S,29.0400,29.0100,29.0000,28.9900,28.9800,29.0500,29.0600,29.0700,29.0800,29.0900,6,10,25,5,1,2,34,97,136,25
SZ,002380,2017-01-03 10:11:39,29.0500,1,2905.0000,1,B,29.0400,29.0100,29.0000,28.9900,28.9800,29.0500,29.0600,29.0700,29.0800,29.0900,2,10,25,5,1,2,51,97,136,25
SZ,002380,2017-01-03 10:11:48,29.0500,2,5810.0000,2,B,29.0500,29.0400,29.0100,29.0000,28.9900,29.0600,29.0700,29.0800,29.0900,29.1000,5,2,10,25,5,51,97,136,25,122
SZ,002380,2017-01-03 10:11:54,29.0600,1,2906.0000,1,B,29.0500,29.0400,29.0100,29.0000,28.9900,29.0600,29.0700,29.0800,29.0900,29.1000,5,1,2,25,5,50,97,136,25,122
SZ,002380,2017-01-03 10:12:03,29.0600,1,8718.0000,3,B,29.0500,29.0400,29.0100,29.0000,28.9900,29.0600,29.0700,29.0800,29.0900,29.1000,2,1,2,25,5,47,97,136,25,122
SZ,002380,2017-01-03 10:12:12,29.0600,4,63932.0000,22,B,29.0500,29.0400,29.0100,29.0000,28.9900,29.0600,29.0700,29.0800,29.0900,29.1000,2,1,7,25,5,25,97,136,25,122
SZ,002380,2017-01-03 10:12:18,29.0600,5,40684.0000,14,B,29.0500,29.0100,29.0000,28.9900,28.9800,29.0600,29.0700,29.0800,29.0900,29.1000,3,10,25,5,1,11,97,136,25,122
SZ,002380,2017-01-03 10:12:21,29.0600,1,2906.0000,1,B,29.0500,29.0100,29.0000,28.9900,28.9800,29.0600,29.0700,29.0800,29.0900,29.1000,4,10,25,5,1,10,97,136,25,122
SZ,002380,2017-01-03 10:12:36,29.0600,2,29060.0000,10,B,29.0600,29.0500,29.0100,29.0000,28.9900,29.0700,29.0800,29.0900,29.1000,29.1200,7,4,10,25,5,97,136,25,122,5
SZ,002380,2017-01-03 10:12:42,29.0500,5,31962.0000,11,S,29.0100,29.0000,28.9900,28.9800,28.9700,29.0500,29.0700,29.0800,29.0900,29.1000,10,25,5,1,12,39,97,136,25,122
SZ,002380,2017-01-03 10:12:54,29.0100,3,17406.0000,6,S,29.0100,29.0000,28.9900,28.9800,28.9700,29.0500,29.0600,29.0700,29.0800,29.0900,4,25,5,1,12,39,7,109,136,25
SZ,002380,2017-01-03 10:13:00,29.0100,2,11604.0000,4,B,29.0000,28.9900,28.9800,28.9700,28.9500,29.0100,29.0500,29.0600,29.0700,29.0800,25,5,1,12,2,6,39,7,109,136
SZ,002380,2017-01-03 10:13:09,29.0100,1,2901.0000,1,B,29.0000,28.9900,28.9800,28.9700,28.9500,29.0100,29.0500,29.0600,29.0700,29.0800,25,5,1,12,2,5,39,7,109,136
SZ,002380,2017-01-03 10:13:18,29.0000,8,84103.0000,29,S,28.9900,28.9800,28.9700,28.9500,28.9300,29.0000,29.0100,29.0500,29.0600,29.0700,5,1,12,2,10,1,2,39,7,109
SZ,002380,2017-01-03 10:13:21,29.0000,1,2900.0000,1,B,28.9900,28.9800,28.9700,28.9500,28.9300,29.0100,29.0500,29.0600,29.0700,29.0800,6,1,12,2,10,2,39,30,109,136
SZ,002380,2017-01-03 10:13:24,29.0100,1,2901.0000,1,B,28.9900,28.9800,28.9700,28.9500,28.9300,29.0000,29.0100,29.0500,29.0600,29.0700,6,1,12,2,10,2,1,39,30,109
SZ,002380,2017-01-03 10:13:39,29.0000,1,5800.0000,2,B,28.9900,28.9800,28.9700,28.9500,28.9300,29.0100,29.0500,29.0600,29.0700,29.0800,6,1,12,2,10,1,39,28,109,136
SZ,002380,2017-01-03 10:14:00,29.0100,1,2901.0000,1,B,29.0100,28.9900,28.9800,28.9700,28.9500,29.0500,29.0600,29.0700,29.0800,29.0900,18,5,1,12,2,39,32,109,136,25
SZ,002380,2017-01-03 10:14:03,28.9900,4,81217.0000,28,S,28.9900,28.9800,28.9700,28.9500,28.9300,29.0500,29.0600,29.0700,29.0800,29.0900,2,1,12,2,10,39,32,109,136,25
SZ,002380,2017-01-03 10:14:06,29.0500,1,14525.0000,5,B,29.0100,28.9900,28.9800,28.9700,28.9500,29.0500,29.0600,29.0700,29.0800,29.0900,2,2,1,12,2,34,32,109,136,25
SZ,002380,2017-01-03 10:14:12,29.0500,2,20335.0000,7,B,28.9900,28.9800,28.9700,28.9500,28.9300,29.0500,29.0600,29.0700,29.0800,29.0900,2,1,12,2,10,27,32,109,136,25
SZ,002380,2017-01-03 10:14:21,29.0500,2,8715.0000,3,B,29.0000,28.9900,28.9800,28.9700,28.9500,29.0500,29.0600,29.0700,29.0800,29.0900,9,2,1,12,2,25,32,109,136,25
SZ,002380,2017-01-03 10:14:39,29.0400,1,2904.0000,1,B,29.0000,28.9900,28.9800,28.9700,28.9500,29.0400,29.0500,29.0600,29.0700,29.0800,9,2,1,12,2,2,41,80,109,136
SZ,002380,2017-01-03 10:14:57,29.0000,1,17400.0000,6,S,29.0000,28.9900,28.9800,28.9700,28.9500,29.0400,29.0500,29.0600,29.0700,29.0800,3,2,1,12,2,72,41,80,109,136
SZ,002380,2017-01-03 10:15:03,29.0400,3,87120.0000,30,B,29.0000,28.9900,28.9800,28.9700,28.9500,29.0400,29.0500,29.0600,29.0700,29.0800,3,2,1,12,2,42,41,80,109,136
SZ,002380,2017-01-03 10:15:18,29.0400,1,5808.0000,2,B,29.0000,28.9900,28.9800,28.9700,28.9500,29.0400,29.0500,29.0600,29.0700,29.0800,3,2,1,12,2,40,41,80,109,136
SZ,002380,2017-01-03 10:15:27,29.0300,1,29030.0000,10,B,29.0000,28.9900,28.9800,28.9700,28.9500,29.0300,29.0400,29.0500,29.0600,29.0700,3,2,1,12,2,10,40,41,80,109
SZ,002380,2017-01-03 10:15:33,29.0300,2,29030.0000,10,B,29.0300,29.0000,28.9900,28.9800,28.9700,29.0400,29.0500,29.0600,29.0700,29.0800,10,3,2,1,12,40,41,80,109,136
SZ,002380,2017-01-03 10:15:57,29.0400,1,17424.0000,6,B,29.0300,29.0000,28.9900,28.9800,28.9700,29.0400,29.0500,29.0600,29.0700,29.0800,10,3,2,1,12,34,51,80,121,136
SZ,002380,2017-01-03 10:16:09,29.0400,1,2904.0000,1,B,29.0300,29.0000,28.9900,28.9800,28.9700,29.0400,29.0500,29.0600,29.0700,29.0800,10,3,2,1,12,33,71,76,121,136
SZ,002380,2017-01-03 10:16:12,29.0300,1,11612.0000,4,S,29.0300,29.0000,28.9900,28.9800,28.9700,29.0400,29.0500,29.0600,29.0700,29.0800,6,3,2,1,12,33,71,76,121,136
SZ,002380,2017-01-03 10:16:30,29.0300,1,11612.0000,4,S,29.0300,29.0000,28.9900,28.9800,28.9700,29.0400,29.0500,29.0600,29.0700,29.0800,2,3,2,1,12,33,70,76,121,136
SZ,002380,2017-01-03 10:16:54,29.0400,1,5808.0000,2,B,29.0300,29.0000,28.9900,28.9800,28.9700,29.0400,29.0500,29.0600,29.0700,29.0800,2,3,2,1,12,31,70,76,121,136
SZ,002380,2017-01-03 10:17:03,29.0300,1,5806.0000,2,S,29.0000,28.9900,28.9800,28.9700,28.9500,29.0400,29.0500,29.0600,29.0700,29.0800,3,2,1,12,2,31,70,76,121,136
SZ,002380,2017-01-03 10:17:21,29.0400,1,55176.0000,19,B,29.0000,28.9900,28.9800,28.9700,28.9500,29.0400,29.0500,29.0600,29.0700,29.0800,3,2,1,12,2,12,69,43,121,136
SZ,002380,2017-01-03 10:17:27,29.0400,3,20327.0000,7,B,29.0000,28.9900,28.9800,28.9700,28.9500,29.0400,29.0500,29.0600,29.0700,29.0800,3,2,1,12,2,6,69,43,121,136
SZ,002380,2017-01-03 10:17:39,29.0300,1,2903.0000,1,B,29.0000,28.9900,28.9800,28.9700,28.9500,29.0300,29.0400,29.0500,29.0600,29.0700,3,2,1,12,2,29,6,69,43,121
SZ,002380,2017-01-03 10:17:57,29.0300,1,2903.0000,1,B,29.0000,28.9900,28.9800,28.9700,28.9500,29.0300,29.0400,29.0500,29.0600,29.0700,3,2,1,12,2,33,6,70,43,121
SZ,002380,2017-01-03 10:18:00,29.0300,2,81284.0000,28,B,29.0000,28.9900,28.9800,28.9700,28.9500,29.0300,29.0400,29.0500,29.0600,29.0700,3,2,1,12,2,5,6,70,43,121
SZ,002380,2017-01-03 10:18:06,29.0500,3,98754.0000,34,B,29.0000,28.9900,28.9800,28.9700,28.9500,29.0500,29.0600,29.0700,29.0800,29.0900,3,2,1,12,2,47,43,121,136,25
SZ,002380,2017-01-03 10:18:36,29.0500,2,5810.0000,2,B,29.0000,28.9900,28.9800,28.9700,28.9500,29.0500,29.0600,29.0700,29.0800,29.0900,3,2,1,12,2,50,93,121,136,25
SZ,002380,2017-01-03 10:18:48,29.0500,3,69720.0000,24,B,29.0000,28.9900,28.9800,28.9700,28.9500,29.0500,29.0600,29.0700,29.0800,29.0900,3,2,1,12,2,26,93,121,136,25
SZ,002380,2017-01-03 10:19:09,29.0500,1,2905.0000,1,B,29.0000,28.9900,28.9800,28.9700,28.9500,29.0500,29.0600,29.0700,29.0800,29.0900,3,2,1,12,2,26,93,121,136,25
SZ,002380,2017-01-03 10:19:21,29.0500,1,17430.0000,6,B,29.0000,28.9900,28.9800,28.9700,28.9500,29.0500,29.0600,29.0700,29.0800,29.0900,3,2,1,12,2,20,93,109,136,25
SZ,002380,2017-01-03 10:19:27,29.0500,2,40670.0000,14,B,29.0000,28.9900,28.9800,28.9700,28.9500,29.0500,29.0600,29.0700,29.0800,29.0900,3,2,1,12,2,6,93,109,136,25
SZ,002380,2017-01-03 10:19:33,29.0500,1,2905.0000,1,B,29.0000,28.9900,28.9800,28.9700,28.9500,29.0500,29.0600,29.0700,29.0800,29.0900,3,2,1,12,2,4,93,109,136,25
SZ,002380,2017-01-03 10:19:42,29.0500,1,8715.0000,3,B,29.0000,28.9900,28.9800,28.9700,28.9500,29.0500,29.0600,29.0700,29.0800,29.0900,5,2,1,12,2,1,93,109,136,25
SZ,002380,2017-01-03 10:19:51,29.0500,1,2905.0000,1,B,29.0000,28.9900,28.9800,28.9700,28.9500,29.0500,29.0600,29.0700,29.0800,29.0900,5,2,1,12,2,10,93,109,136,25
SZ,002380,2017-01-03 10:20:00,29.0500,1,20335.0000,7,B,29.0000,28.9900,28.9800,28.9700,28.9500,29.0500,29.0600,29.0700,29.0800,29.0900,5,2,1,12,2,3,93,109,136,25
SZ,002380,2017-01-03 10:20:09,29.0500,1,5810.0000,2,B,29.0000,28.9900,28.9800,28.9700,28.9500,29.0500,29.0600,29.0700,29.0800,29.0900,5,2,1,12,2,1,93,109,136,25
SZ,002380,2017-01-03 10:20:15,29.0500,1,2905.0000,1,B,29.0500,29.0000,28.9900,28.9800,28.9700,29.0600,29.0700,29.0800,29.0900,29.1000,1,5,2,1,12,105,109,136,25,122
SZ,002380,2017-01-03 10:20:21,29.0600,2,49402.0000,17,B,29.0500,29.0000,28.9900,28.9800,28.9700,29.0600,29.0700,29.0800,29.0900,29.1000,1,5,2,1,12,88,109,136,25,122
SZ,002380,2017-01-03 10:20:30,29.0600,1,29060.0000,10,B,29.0500,29.0000,28.9900,28.9800,28.9700,29.0600,29.0700,29.0800,29.0900,29.1000,1,5,2,1,12,78,109,136,25,122
SZ,002380,2017-01-03 10:20:39,29.0600,1,2906.0000,1,B,29.0500,29.0000,28.9900,28.9800,28.9700,29.0600,29.0700,29.0800,29.0900,29.1000,1,5,2,1,12,77,109,136,25,122
SZ,002380,2017-01-03 10:20:45,29.0600,2,55214.0000,19,B,29.0500,29.0000,28.9900,28.9800,28.9700,29.0600,29.0700,29.0800,29.0900,29.1000,1,5,2,1,12,58,109,136,25,122
SZ,002380,2017-01-03 10:20:48,29.0600,1,14530.0000,5,B,29.0500,29.0000,28.9900,28.9800,28.9700,29.0600,29.0700,29.0800,29.0900,29.1000,1,5,2,1,12,53,109,136,25,122
SZ,002380,2017-01-03 10:20:54,29.0600,1,17436.0000,6,B,29.0500,29.0000,28.9900,28.9800,28.9700,29.0600,29.0700,29.0800,29.0900,29.1000,1,5,2,1,12,47,109,136,25,122
SZ,002380,2017-01-03 10:21:36,29.0500,1,2905.0000,1,S,29.0000,28.9900,28.9800,28.9700,28.9600,29.0500,29.0600,29.0700,29.0800,29.0900,23,2,1,12,50,39,59,109,136,25
SZ,002380,2017-01-03 10:21:45,29.0500,2,78435.0000,27,B,29.0000,28.9900,28.9800,28.9700,28.9600,29.0500,29.0600,29.0700,29.0800,29.0900,23,2,1,12,50,12,59,109,136,25
SZ,002380,2017-01-03 10:21:51,29.0500,1,26145.0000,9,B,29.0000,28.9900,28.9800,28.9700,28.9600,29.0500,29.0600,29.0700,29.0800,29.0900,23,2,1,12,50,3,59,109,136,25
SZ,002380,2017-01-03 10:22:00,29.0500,2,8715.0000,3,B,29.0500,29.0000,28.9900,28.9800,28.9700,29.0600,29.0700,29.0800,29.0900,29.1000,4,3,2,1,12,59,109,136,25,122
SZ,002380,2017-01-03 10:22:06,29.0600,1,55214.0000,19,B,29.0500,29.0100,29.0000,28.9900,28.9800,29.0600,29.0700,29.0800,29.0900,29.1000,4,7,3,2,1,40,109,136,25,122
SZ,002380,2017-01-03 10:22:09,29.0600,3,14527.0000,5,B,29.0500,29.0100,29.0000,28.9900,28.9800,29.0600,29.0700,29.0800,29.0900,29.1000,1,7,3,2,1,48,109,136,25,122
SZ,002380,2017-01-03 10:22:24,29.0500,1,2905.0000,1,B,29.0100,29.0000,28.9900,28.9800,28.9700,29.0500,29.0600,29.0700,29.0800,29.0900,7,3,2,1,12,100,48,109,136,25
SZ,002380,2017-01-03 10:22:27,29.0500,1,8715.0000,3,B,29.0100,29.0000,28.9900,28.9800,28.9700,29.0500,29.0600,29.0700,29.0800,29.0900,7,3,2,1,12,97,48,109,136,25
SZ,002380,2017-01-03 10:22:45,29.0500,2,17430.0000,6,B,29.0100,29.0000,28.9900,28.9700,28.9600,29.0500,29.0600,29.0700,29.0800,29.0900,16,3,2,10,50,91,57,109,136,25
SZ,002380,2017-01-03 10:23:09,29.0500,1,14525.0000,5,B,29.0100,29.0000,28.9900,28.9700,28.9600,29.0500,29.0600,29.0700,29.0800,29.0900,16,3,2,10,50,91,60,109,136,25
SZ,002380,2017-01-03 10:23:30,29.0100,2,46416.0000,16,S,29.0000,28.9900,28.9700,28.9600,28.9500,29.0100,29.0500,29.0600,29.0700,29.0800,3,2,10,50,2,13,91,60,107,136
SZ,002380,2017-01-03 10:23:33,29.0100,1,2901.0000,1,B,29.0000,28.9900,28.9700,28.9600,28.9500,29.0100,29.0500,29.0600,29.0700,29.0800,3,2,10,50,2,12,91,60,107,136
SZ,002380,2017-01-03 10:23:39,29.0100,1,2901.0000,1,B,29.0000,28.9900,28.9700,28.9600,28.9500,29.0100,29.0500,29.0600,29.0700,29.0800,3,2,10,50,2,11,93,60,107,136
SZ,002380,2017-01-03 10:23:45,29.0100,1,5802.0000,2,B,29.0000,28.9900,28.9700,28.9600,28.9500,29.0100,29.0500,29.0600,29.0700,29.0800,3,2,10,50,2,10,93,60,107,136
SZ,002380,2017-01-03 10:23:51,29.0100,2,29010.0000,10,B,29.0100,29.0000,28.9900,28.9700,28.9600,29.0500,29.0600,29.0700,29.0800,29.0900,9,3,2,10,50,93,60,107,136,25
SZ,002380,2017-01-03 10:24:12,29.0100,1,8703.0000,3,S,29.0100,29.0000,28.9900,28.9700,28.9600,29.0500,29.0600,29.0700,29.0800,29.0900,8,3,2,10,50,93,60,107,136,25
SZ,002380,2017-01-03 10:24:15,29.0100,2,29038.0000,10,S,29.0100,29.0000,28.9900,28.9700,28.9600,29.0500,29.0600,29.0700,29.0800,29.0900,5,3,2,10,50,86,60,107,136,25
SZ,002380,2017-01-03 10:25:00,29.0100,1,2901.0000,1,S,29.0100,29.0000,28.9900,28.9700,28.9600,29.0500,29.0600,29.0700,29.0800,29.0900,9,3,3,10,50,86,60,107,136,25
SZ,002380,2017-01-03 10:25:09,29.0500,1,2905.0000,1,B,29.0100,29.0000,28.9900,28.9700,28.9600,29.0500,29.0600,29.0700,29.0800,29.0900,9,3,3,10,50,85,51,109,136,25
SZ,002380,2017-01-03 10:25:18,29.0500,1,8715.0000,3,B,29.0100,29.0000,28.9900,28.9700,28.9600,29.0500,29.0600,29.0700,29.0800,29.0900,10,3,3,10,50,82,51,109,136,25
SZ,002380,2017-01-03 10:25:33,29.0500,2,58096.0000,20,B,29.0100,29.0000,28.9900,28.9700,28.9600,29.0500,29.0600,29.0700,29.0800,29.0900,9,3,3,10,50,63,51,132,136,25
SZ,002380,2017-01-03 10:25:42,29.0100,3,14505.0000,5,S,29.0100,29.0000,28.9900,28.9700,28.9600,29.0500,29.0600,29.0700,29.0800,29.0900,4,3,3,10,50,63,51,132,136,25
SZ,002380,2017-01-03 10:26:06,29.0500,2,87150.0000,30,B,29.0100,29.0000,28.9900,28.9700,28.9600,29.0500,29.0600,29.0700,29.0800,29.0900,4,3,3,10,50,40,51,130,136,30
SZ,002380,2017-01-03 10:26:27,28.9900,6,43506.0000,15,S,28.9700,28.9600,28.9500,28.9300,28.9200,29.0500,29.0600,29.0700,29.0800,29.0900,10,50,2,10,28,42,53,130,136,30
SZ,002380,2017-01-03 10:26:39,28.9900,1,2899.0000,1,B,28.9800,28.9700,28.9600,28.9500,28.9300,28.9900,29.0500,29.0600,29.0700,29.0800,50,10,50,2,10,15,42,53,130,136
SZ,002380,2017-01-03 10:26:48,28.9900,1,23192.0000,8,B,28.9800,28.9700,28.9600,28.9500,28.9300,28.9900,29.0400,29.0500,29.0600,29.0700,50,10,50,2,10,7,74,42,53,130
SZ,002380,2017-01-03 10:27:09,29.0400,1,20328.0000,7,B,28.9900,28.9800,28.9700,28.9600,28.9500,29.0400,29.0500,29.0600,29.0700,29.0800,2,50,10,50,2,61,43,53,160,136
SZ,002380,2017-01-03 10:27:21,28.9600,4,260756.0000,90,S,28.9900,28.9600,28.9500,28.9300,28.9200,29.0400,29.0500,29.0600,29.0700,29.0800,11,22,52,10,28,61,43,53,160,136
SZ,002380,2017-01-03 10:27:33,29.0400,1,55176.0000,19,B,28.9700,28.9600,28.9500,28.9300,28.9200,29.0400,29.0500,29.0600,29.0700,29.0800,2,22,52,10,28,42,47,53,160,136
SZ,002380,2017-01-03 10:27:39,29.0400,1,17424.0000,6,B,28.9700,28.9600,28.9500,28.9300,28.9200,29.0400,29.0500,29.0600,29.0700,29.0800,2,22,52,10,28,36,47,53,160,136
SZ,002380,2017-01-03 10:28:09,29.0400,1,2904.0000,1,B,28.9700,28.9600,28.9500,28.9300,28.9200,29.0400,29.0500,29.0600,29.0700,29.0800,24,23,2,10,28,65,47,80,160,136
SZ,002380,2017-01-03 10:28:24,29.0400,2,11609.0000,4,B,28.9700,28.9600,28.9500,28.9300,28.9200,29.0400,29.0500,29.0600,29.0700,29.0800,23,23,2,10,28,62,47,80,160,136
SZ,002380,2017-01-03 10:28:36,29.0400,1,5808.0000,2,B,28.9700,28.9600,28.9500,28.9300,28.9200,29.0400,29.0500,29.0600,29.0700,29.0800,23,23,2,10,28,60,47,80,160,136
SZ,002380,2017-01-03 10:28:54,29.0400,1,58080.0000,20,B,28.9700,28.9600,28.9500,28.9300,28.9200,29.0400,29.0500,29.0600,29.0700,29.0800,23,23,2,10,28,40,47,80,160,136
SZ,002380,2017-01-03 10:28:57,29.0400,1,5808.0000,2,B,28.9700,28.9600,28.9500,28.9300,28.9200,29.0400,29.0500,29.0600,29.0700,29.0800,23,23,2,10,28,38,47,80,160,136
SZ,002380,2017-01-03 10:29:15,29.0400,1,17424.0000,6,B,28.9700,28.9600,28.9500,28.9300,28.9200,29.0400,29.0500,29.0600,29.0700,29.0800,23,23,2,10,28,34,47,80,160,136
SZ,002380,2017-01-03 10:29:39,29.0400,1,2904.0000,1,B,28.9700,28.9600,28.9500,28.9300,28.9200,29.0400,29.0500,29.0600,29.0700,29.0800,23,23,2,10,28,53,47,80,160,136
SZ,002380,2017-01-03 10:30:03,29.0400,2,87120.0000,30,B,28.9700,28.9600,28.9500,28.9300,28.9200,29.0400,29.0500,29.0600,29.0700,29.0800,23,23,2,10,28,23,47,80,160,136
SZ,002380,2017-01-03 10:30:15,29.0300,1,2903.0000,1,B,29.0300,28.9700,28.9600,28.9500,28.9300,29.0400,29.0500,29.0600,29.0700,29.0800,1,23,23,2,10,21,46,80,160,136
SZ,002380,2017-01-03 10:30:21,29.0300,2,5806.0000,2,S,28.9700,28.9600,28.9500,28.9300,28.9200,29.0400,29.0500,29.0600,29.0700,29.0800,12,23,2,10,28,21,46,80,160,136
SZ,002380,2017-01-03 10:30:24,28.9700,2,34764.0000,12,S,28.9600,28.9500,28.9300,28.9200,28.9100,28.9700,29.0000,29.0400,29.0500,29.0600,23,2,10,28,121,8,1,21,46,80
SZ,002380,2017-01-03 10:30:27,28.9700,1,14485.0000,5,B,28.9600,28.9500,28.9300,28.9200,28.9100,28.9700,29.0000,29.0400,29.0500,29.0600,23,2,10,28,121,3,1,21,46,80
SZ,002380,2017-01-03 10:30:33,28.9700,1,8691.0000,3,B,28.9700,28.9600,28.9500,28.9300,28.9200,29.0000,29.0400,29.0500,29.0600,29.0700,8,23,2,10,28,20,21,46,80,160
SZ,002380,2017-01-03 10:30:45,29.0000,4,78258.0000,27,B,28.9600,28.9500,28.9300,28.9200,28.9100,29.0000,29.0400,29.0500,29.0600,29.0700,23,2,10,28,121,22,21,46,80,160
SZ,002380,2017-01-03 10:30:54,29.0000,1,20300.0000,7,B,28.9600,28.9500,28.9300,28.9200,28.9100,29.0000,29.0300,29.0400,29.0500,29.0600,23,2,10,28,121,15,5,21,46,80
SZ,002380,2017-01-03 10:30:57,28.9600,1,57920.0000,20,S,28.9600,28.9500,28.9300,28.9200,28.9100,29.0000,29.0300,29.0400,29.0500,29.0600,3,2,10,28,121,15,5,21,46,80
SZ,002380,2017-01-03 10:31:09,29.0000,1,2900.0000,1,B,28.9600,28.9500,28.9400,28.9300,28.9200,29.0000,29.0300,29.0400,29.0500,29.0600,3,2,10,10,28,14,10,21,46,80
SZ,002380,2017-01-03 10:31:33,28.9600,3,17376.0000,6,S,28.9500,28.9400,28.9300,28.9200,28.9100,28.9600,29.0000,29.0300,29.0400,29.0500,12,10,17,28,121,7,17,10,21,46
SZ,002380,2017-01-03 10:31:54,28.9500,6,72380.0000,25,S,28.9500,28.9400,28.9300,28.9200,28.9100,28.9600,29.0000,29.0300,29.0400,29.0500,4,10,17,28,121,2,26,10,21,46
SZ,002380,2017-01-03 10:31:57,28.9600,1,5792.0000,2,B,28.9600,28.9500,28.9400,28.9300,28.9200,29.0000,29.0300,29.0400,29.0500,29.0600,4,4,10,17,28,26,10,21,46,80
SZ,002380,2017-01-03 10:32:18,29.0000,3,55100.0000,19,B,28.9600,28.9500,28.9400,28.9300,28.9200,29.0000,29.0300,29.0400,29.0500,29.0600,4,15,10,17,28,7,10,21,46,80
SZ,002380,2017-01-03 10:32:27,29.0000,1,17400.0000,6,B,28.9600,28.9500,28.9400,28.9300,28.9200,29.0000,29.0300,29.0400,29.0500,29.0600,20,15,10,17,28,1,10,21,46,80
SZ,002380,2017-01-03 10:32:30,29.0500,6,148109.0000,51,B,29.0000,28.9600,28.9500,28.9400,28.9300,29.0500,29.0600,29.0700,29.0800,29.0900,2,20,15,10,17,27,80,160,136,37
SZ,002380,2017-01-03 10:32:39,29.0500,1,2905.0000,1,B,29.0000,28.9600,28.9500,28.9400,28.9300,29.0500,29.0600,29.0700,29.0800,29.0900,7,20,15,10,10,26,80,160,136,37
SZ,002380,2017-01-03 10:32:57,29.0500,2,26145.0000,9,B,29.0000,28.9600,28.9500,28.9400,28.9300,29.0500,29.0600,29.0700,29.0800,29.0900,10,20,23,10,10,17,80,160,136,37
SZ,002380,2017-01-03 10:33:27,29.0500,3,26145.0000,9,B,29.0000,28.9600,28.9500,28.9400,28.9300,29.0500,29.0600,29.0700,29.0800,29.0900,8,20,23,10,10,10,80,160,136,37
SZ,002380,2017-01-03 10:33:33,29.0500,1,5810.0000,2,B,29.0000,28.9600,28.9500,28.9400,28.9300,29.0500,29.0600,29.0700,29.0800,29.0900,8,20,23,10,10,8,80,160,136,37
SZ,002380,2017-01-03 10:33:36,29.0500,1,2905.0000,1,B,29.0000,28.9600,28.9500,28.9400,28.9300,29.0500,29.0600,29.0700,29.0800,29.0900,8,20,23,10,10,15,80,160,136,37
SZ,002380,2017-01-03 10:34:00,29.0400,1,14520.0000,5,B,29.0400,29.0000,28.9600,28.9500,28.9400,29.0500,29.0600,29.0700,29.0800,29.0900,14,8,20,23,10,47,80,160,136,37
SZ,002380,2017-01-03 10:34:06,29.0500,4,26145.0000,9,B,29.0400,29.0000,28.9600,28.9500,28.9400,29.0500,29.0600,29.0700,29.0800,29.0900,14,8,20,23,10,55,80,160,136,37
SZ,002380,2017-01-03 10:34:09,29.0500,1,2905.0000,1,B,29.0400,29.0000,28.9600,28.9500,28.9400,29.0500,29.0600,29.0700,29.0800,29.0900,14,8,20,23,10,54,80,160,136,37
SZ,002380,2017-01-03 10:34:15,29.0500,2,17430.0000,6,B,29.0400,29.0000,28.9600,28.9500,28.9400,29.0500,29.0600,29.0700,29.0800,29.0900,14,8,20,23,10,48,80,160,136,37
SZ,002380,2017-01-03 10:34:24,29.0400,1,40656.0000,14,S,29.0000,28.9600,28.9500,28.9400,28.9300,29.0400,29.0500,29.0600,29.0700,29.0800,8,20,23,10,10,6,55,80,160,136
SZ,002380,2017-01-03 10:34:36,29.0600,11,220809.0000,76,B,29.0000,28.9600,28.9500,28.9400,28.9300,29.0600,29.0700,29.0800,29.0900,29.1000,8,20,23,10,10,43,87,136,37,115
SZ,002380,2017-01-03 10:34:39,29.0600,2,5812.0000,2,B,29.0000,28.9600,28.9500,28.9400,28.9300,29.0600,29.0700,29.0800,29.0900,29.1000,8,20,23,10,10,41,87,136,37,115
SZ,002380,2017-01-03 10:34:45,29.0600,1,5812.0000,2,B,29.0000,28.9700,28.9600,28.9500,28.9400,29.0600,29.0700,29.0800,29.0900,29.1000,8,3,20,23,10,39,87,136,37,115
SZ,002380,2017-01-03 10:35:21,29.0400,1,5808.0000,2,B,29.0000,28.9800,28.9700,28.9600,28.9500,29.0400,29.0500,29.0600,29.0700,29.0800,8,10,3,20,23,71,26,39,87,136
SZ,002380,2017-01-03 10:35:39,29.0300,1,2903.0000,1,B,29.0000,28.9800,28.9700,28.9600,28.9500,29.0300,29.0400,29.0500,29.0600,29.0700,8,10,3,20,23,14,71,26,39,87
SZ,002380,2017-01-03 10:35:42,29.0300,2,40642.0000,14,B,29.0300,29.0000,28.9800,28.9700,28.9600,29.0400,29.0500,29.0600,29.0700,29.0800,7,8,10,3,20,71,26,39,87,136
SZ,002380,2017-01-03 10:35:51,29.0400,1,17424.0000,6,B,29.0300,29.0000,28.9800,28.9700,28.9600,29.0400,29.0500,29.0600,29.0700,29.0800,12,20,10,3,20,65,26,39,87,136
SZ,002380,2017-01-03 10:36:03,29.0300,2,34836.0000,12,S,29.0000,28.9800,28.9700,28.9600,28.9500,29.0300,29.0400,29.0500,29.0600,29.0700,20,10,3,20,23,3,65,26,39,87
SZ,002380,2017-01-03 10:36:45,29.0300,1,2903.0000,1,B,29.0000,28.9800,28.9700,28.9600,28.9500,29.0300,29.0400,29.0500,29.0600,29.0700,20,10,3,20,15,2,65,26,39,87
SZ,002380,2017-01-03 10:36:54,29.0300,1,5806.0000,2,B,29.0000,28.9800,28.9700,28.9600,28.9500,29.0400,29.0500,29.0600,29.0700,29.0800,20,10,3,20,15,65,26,39,87,136
SZ,002380,2017-01-03 10:37:09,29.0400,1,2904.0000,1,B,29.0000,28.9800,28.9700,28.9600,28.9500,29.0400,29.0500,29.0600,29.0700,29.0800,20,10,3,20,15,64,26,39,87,136
SZ,002380,2017-01-03 10:37:27,29.0400,1,55176.0000,19,B,29.0000,28.9800,28.9700,28.9600,28.9500,29.0400,29.0500,29.0600,29.0700,29.0800,20,10,3,20,15,45,26,39,87,136
SZ,002380,2017-01-03 10:37:36,29.0300,1,17418.0000,6,B,29.0000,28.9800,28.9700,28.9600,28.9500,29.0300,29.0400,29.0500,29.0600,29.0700,20,10,3,20,15,14,45,26,39,87
SZ,002380,2017-01-03 10:37:48,29.0300,1,5806.0000,2,B,29.0000,28.9800,28.9700,28.9600,28.9500,29.0300,29.0400,29.0500,29.0600,29.0700,26,10,3,20,15,12,45,26,39,87
SZ,002380,2017-01-03 10:38:12,29.0000,1,5800.0000,2,S,29.0000,28.9800,28.9700,28.9600,28.9500,29.0300,29.0400,29.0500,29.0600,29.0700,34,10,3,20,15,17,45,26,39,87
SZ,002380,2017-01-03 10:38:27,29.0000,3,52200.0000,18,S,29.0000,28.9800,28.9700,28.9600,28.9500,29.0300,29.0400,29.0500,29.0600,29.0700,16,10,3,20,15,17,45,26,39,87
SZ,002380,2017-01-03 10:38:39,29.0300,1,2903.0000,1,B,29.0000,28.9800,28.9700,28.9600,28.9500,29.0300,29.0400,29.0500,29.0600,29.0700,16,10,3,20,15,16,45,26,39,87
SZ,002380,2017-01-03 10:38:42,29.0300,1,8709.0000,3,B,29.0000,28.9800,28.9700,28.9600,28.9500,29.0300,29.0400,29.0500,29.0600,29.0700,16,10,3,20,15,13,45,26,39,87
SZ,002380,2017-01-03 10:38:48,29.0300,2,37739.0000,13,B,29.0300,29.0000,28.9800,28.9700,28.9600,29.0400,29.0500,29.0600,29.0700,29.0800,6,16,10,3,20,45,26,39,87,136
SZ,002380,2017-01-03 10:39:12,29.0300,2,23224.0000,8,S,29.0000,28.9800,28.9700,28.9600,28.9500,29.0300,29.0400,29.0500,29.0600,29.0700,17,10,3,20,15,492,45,26,39,87
SZ,002380,2017-01-03 10:39:18,29.0300,1,20321.0000,7,B,29.0000,28.9800,28.9700,28.9600,28.9500,29.0300,29.0400,29.0500,29.0600,29.0700,17,10,3,20,15,485,45,26,39,87
SZ,002380,2017-01-03 10:39:48,29.0000,2,23200.0000,8,S,29.0000,28.9800,28.9700,28.9600,28.9500,29.0300,29.0400,29.0500,29.0600,29.0700,9,10,3,20,15,485,45,26,39,87
SZ,002380,2017-01-03 10:39:54,29.0300,1,2903.0000,1,B,29.0000,28.9800,28.9700,28.9600,28.9500,29.0300,29.0400,29.0500,29.0600,29.0700,9,10,3,20,15,484,45,26,39,87
SZ,002380,2017-01-03 10:39:57,29.0000,1,14500.0000,5,S,29.0000,28.9800,28.9700,28.9600,28.9500,29.0300,29.0400,29.0500,29.0600,29.0700,4,10,3,20,15,484,45,26,39,87
SZ,002380,2017-01-03 10:40:09,29.0300,1,2903.0000,1,B,29.0000,28.9800,28.9700,28.9600,28.9500,29.0300,29.0400,29.0500,29.0600,29.0700,4,10,3,20,15,483,45,26,39,87
SZ,002380,2017-01-03 10:40:15,29.0300,1,5806.0000,2,B,29.0000,28.9800,28.9700,28.9600,28.9500,29.0300,29.0400,29.0500,29.0600,29.0700,4,10,3,20,15,481,45,26,39,87
SZ,002380,2017-01-03 10:40:36,29.0300,1,55157.0000,19,B,29.0000,28.9800,28.9700,28.9600,28.9500,29.0300,29.0400,29.0500,29.0600,29.0700,4,10,3,20,15,462,45,26,39,87
SZ,002380,2017-01-03 10:40:42,29.0300,1,2903.0000,1,B,29.0000,28.9800,28.9700,28.9600,28.9500,29.0300,29.0400,29.0500,29.0600,29.0700,4,10,3,20,15,461,45,26,39,87
SZ,002380,2017-01-03 10:40:51,29.0300,1,17418.0000,6,B,29.0000,28.9800,28.9700,28.9600,28.9500,29.0300,29.0400,29.0500,29.0600,29.0700,4,10,3,20,15,455,45,26,39,87
SZ,002380,2017-01-03 10:40:57,29.0300,1,2903.0000,1,B,29.0000,28.9800,28.9700,28.9600,28.9500,29.0300,29.0400,29.0500,29.0600,29.0700,4,10,3,20,15,454,45,27,39,87
SZ,002380,2017-01-03 10:41:06,29.0200,1,2902.0000,1,S,29.0000,28.9800,28.9700,28.9600,28.9500,29.0200,29.0300,29.0400,29.0500,29.0600,6,10,3,20,15,6,454,45,27,39
SZ,002380,2017-01-03 10:41:39,29.0200,1,2902.0000,1,B,29.0000,28.9800,28.9700,28.9600,28.9500,29.0200,29.0300,29.0400,29.0500,29.0600,6,10,3,20,15,5,454,45,27,39
SZ,002380,2017-01-03 10:41:42,29.0000,3,17400.0000,6,S,28.9800,28.9700,28.9600,28.9500,28.9200,29.0000,29.0200,29.0300,29.0400,29.0500,10,3,20,15,28,2,5,454,45,27
SZ,002380,2017-01-03 10:41:48,29.0300,3,220617.0000,76,B,29.0000,28.9800,28.9700,28.9600,28.9500,29.0200,29.0300,29.0400,29.0500,29.0600,190,10,3,20,15,5,385,45,27,39
SZ,002380,2017-01-03 10:41:51,29.0000,1,37700.0000,13,S,29.0000,28.9800,28.9700,28.9600,28.9500,29.0200,29.0300,29.0400,29.0500,29.0600,177,10,3,20,15,5,385,45,27,39
SZ,002380,2017-01-03 10:42:00,29.0200,2,8704.0000,3,B,29.0000,28.9800,28.9700,28.9600,28.9500,29.0200,29.0300,29.0400,29.0500,29.0600,176,10,3,20,15,3,385,45,27,39
SZ,002380,2017-01-03 10:42:03,29.0200,1,5804.0000,2,B,29.0000,28.9800,28.9700,28.9600,28.9500,29.0200,29.0300,29.0400,29.0500,29.0600,178,10,3,20,15,1,385,45,27,39
SZ,002380,2017-01-03 10:42:18,29.0200,1,2902.0000,1,B,29.0200,29.0000,28.9800,28.9700,28.9600,29.0300,29.0400,29.0500,29.0600,29.0700,18,178,10,3,20,385,45,27,39,87
SZ,002380,2017-01-03 10:42:21,29.0200,1,52236.0000,18,S,29.0000,28.9800,28.9700,28.9600,28.9500,29.0200,29.0300,29.0400,29.0500,29.0600,178,10,3,20,15,41,385,45,27,39
SZ,002380,2017-01-03 10:42:36,29.0200,1,17412.0000,6,B,29.0000,28.9800,28.9700,28.9600,28.9500,29.0200,29.0300,29.0400,29.0500,29.0600,176,10,3,20,15,35,385,45,27,39
SZ,002380,2017-01-03 10:42:42,29.0000,1,87000.0000,30,S,29.0000,28.9800,28.9700,28.9600,28.9500,29.0200,29.0300,29.0400,29.0500,29.0600,146,10,3,20,15,35,385,45,27,39
SZ,002380,2017-01-03 10:43:03,29.0200,1,5804.0000,2,B,29.0100,29.0000,28.9800,28.9700,28.9600,29.0200,29.0300,29.0400,29.0500,29.0600,58,146,10,3,20,33,385,45,27,46
SZ,002380,2017-01-03 10:43:09,29.0200,1,2902.0000,1,B,29.0100,29.0000,28.9800,28.9700,28.9600,29.0200,29.0300,29.0400,29.0500,29.0600,58,146,10,3,20,32,385,45,27,46
SZ,002380,2017-01-03 10:43:36,29.0200,2,14510.0000,5,B,29.0100,29.0000,28.9800,28.9700,28.9600,29.0200,29.0300,29.0400,29.0500,29.0600,58,146,10,3,20,34,385,45,27,46
SZ,002380,2017-01-03 10:43:42,29.0200,1,2902.0000,1,B,29.0100,29.0000,28.9800,28.9700,28.9600,29.0200,29.0300,29.0400,29.0500,29.0600,58,146,10,3,20,95,385,45,27,46
SZ,002380,2017-01-03 10:43:48,29.0200,1,8706.0000,3,B,29.0100,29.0000,28.9800,28.9700,28.9600,29.0200,29.0300,29.0400,29.0500,29.0600,58,147,10,3,20,92,385,45,27,46
SZ,002380,2017-01-03 10:43:57,29.0200,1,55138.0000,19,B,29.0100,29.0000,28.9800,28.9700,28.9600,29.0200,29.0300,29.0400,29.0500,29.0600,58,153,10,3,20,74,385,45,27,46
SZ,002380,2017-01-03 10:44:00,29.0100,2,11604.0000,4,S,29.0100,29.0000,28.9800,28.9700,28.9600,29.0200,29.0300,29.0400,29.0500,29.0600,54,153,10,3,20,74,385,45,27,46
SZ,002380,2017-01-03 10:44:06,29.0200,1,2902.0000,1,B,29.0100,29.0000,28.9800,28.9700,28.9600,29.0200,29.0300,29.0400,29.0500,29.0600,54,153,10,3,20,73,385,45,27,46
SZ,002380,2017-01-03 10:44:09,29.0200,1,2902.0000,1,B,29.0100,29.0000,28.9800,28.9700,28.9600,29.0200,29.0300,29.0400,29.0500,29.0600,54,153,10,3,20,72,385,45,27,46
SZ,002380,2017-01-03 10:44:21,29.0200,2,17412.0000,6,B,29.0100,29.0000,28.9800,28.9700,28.9600,29.0200,29.0300,29.0400,29.0500,29.0600,64,153,10,3,20,66,385,45,27,46
SZ,002380,2017-01-03 10:44:39,29.0200,1,2902.0000,1,B,29.0100,29.0000,28.9800,28.9700,28.9600,29.0200,29.0300,29.0400,29.0500,29.0600,64,153,10,3,20,65,385,45,27,46
SZ,002380,2017-01-03 10:44:48,29.0100,1,58020.0000,20,S,29.0100,29.0000,28.9800,28.9700,28.9600,29.0200,29.0300,29.0400,29.0500,29.0600,44,153,10,3,20,65,385,45,27,46
SZ,002380,2017-01-03 10:44:54,29.0100,1,2901.0000,1,S,29.0100,29.0000,28.9800,28.9700,28.9600,29.0200,29.0300,29.0400,29.0500,29.0600,43,153,10,3,20,65,385,45,27,46
SZ,002380,2017-01-03 10:45:03,29.0200,2,81256.0000,28,B,29.0100,29.0000,28.9800,28.9700,28.9600,29.0200,29.0300,29.0400,29.0500,29.0600,43,153,10,3,20,37,385,45,27,46
SZ,002380,2017-01-03 10:45:09,29.0200,1,2902.0000,1,B,29.0100,29.0000,28.9800,28.9700,28.9600,29.0200,29.0300,29.0400,29.0500,29.0600,43,153,10,3,20,36,385,45,27,46
SZ,002380,2017-01-03 10:45:15,29.0200,1,5804.0000,2,B,29.0100,29.0000,28.9800,28.9700,28.9600,29.0200,29.0300,29.0400,29.0500,29.0600,43,153,10,3,20,34,385,45,27,46
SZ,002380,2017-01-03 10:45:39,29.0200,1,55138.0000,19,B,29.0100,29.0000,28.9800,28.9700,28.9600,29.0200,29.0300,29.0400,29.0500,29.0600,43,153,10,3,20,18,389,45,27,46
SZ,002380,2017-01-03 10:45:51,29.0200,1,8706.0000,3,B,29.0100,29.0000,28.9800,28.9700,28.9600,29.0200,29.0300,29.0400,29.0500,29.0600,43,153,10,3,20,15,389,45,27,46
SZ,002380,2017-01-03 10:45:57,29.0200,1,20314.0000,7,B,29.0100,29.0000,28.9800,28.9700,28.9600,29.0200,29.0300,29.0400,29.0500,29.0600,43,153,10,3,20,18,389,45,27,46
SZ,002380,2017-01-03 10:46:09,29.0200,4,20314.0000,7,B,29.0100,29.0000,28.9800,28.9700,28.9600,29.0200,29.0300,29.0400,29.0500,29.0600,43,153,10,3,20,11,389,45,27,46
SZ,002380,2017-01-03 10:46:12,29.0200,1,2902.0000,1,B,29.0100,29.0000,28.9800,28.9700,28.9600,29.0200,29.0300,29.0400,29.0500,29.0600,43,153,10,3,20,10,389,45,27,46
SZ,002380,2017-01-03 10:46:15,29.0100,1,14505.0000,5,S,29.0100,29.0000,28.9800,28.9700,28.9600,29.0200,29.0300,29.0400,29.0500,29.0600,38,153,10,3,20,10,389,45,27,46
SZ,002380,2017-01-03 10:46:18,29.0200,1,2902.0000,1,B,29.0100,29.0000,28.9800,28.9700,28.9600,29.0200,29.0300,29.0400,29.0500,29.0600,38,153,10,3,20,9,389,45,27,46
SZ,002380,2017-01-03 10:46:57,29.0200,1,5804.0000,2,B,29.0100,29.0000,28.9800,28.9700,28.9600,29.0200,29.0300,29.0400,29.0500,29.0600,38,153,10,3,20,8,389,45,27,46
SZ,002380,2017-01-03 10:47:00,29.0100,1,29010.0000,10,S,29.0100,29.0000,28.9800,28.9700,28.9600,29.0200,29.0300,29.0400,29.0500,29.0600,28,153,10,3,20,8,389,45,27,46
SZ,002380,2017-01-03 10:47:09,29.0200,2,23216.0000,8,B,29.0200,29.0100,29.0000,28.9800,28.9700,29.0300,29.0400,29.0500,29.0600,29.0700,11,28,153,10,3,389,45,27,46,87
SZ,002380,2017-01-03 10:47:15,29.0300,1,2903.0000,1,B,29.0200,29.0100,29.0000,28.9800,28.9700,29.0300,29.0400,29.0500,29.0600,29.0700,11,28,153,10,3,388,45,27,46,87
SZ,002380,2017-01-03 10:47:27,29.0200,1,31922.0000,11,S,29.0100,29.0000,28.9800,28.9700,28.9600,29.0300,29.0400,29.0500,29.0600,29.0700,28,153,10,3,20,388,45,27,46,87
SZ,002380,2017-01-03 10:47:36,29.0200,1,2902.0000,1,S,29.0100,29.0000,28.9800,28.9700,28.9600,29.0200,29.0300,29.0400,29.0500,29.0600,38,153,10,3,20,1,388,45,27,46
SZ,002380,2017-01-03 10:47:39,29.0200,1,2902.0000,1,B,29.0100,29.0000,28.9800,28.9700,28.9600,29.0300,29.0400,29.0500,29.0600,29.0700,38,153,10,3,20,388,45,27,46,87
SZ,002380,2017-01-03 10:47:45,29.0300,2,20321.0000,7,B,29.0100,29.0000,28.9800,28.9700,28.9600,29.0300,29.0400,29.0500,29.0600,29.0700,38,153,10,3,20,389,45,27,46,87
SZ,002380,2017-01-03 10:48:18,29.0200,1,2902.0000,1,B,29.0100,29.0000,28.9800,28.9700,28.9600,29.0200,29.0300,29.0400,29.0500,29.0600,48,153,10,3,20,4,381,45,35,46
SZ,002380,2017-01-03 10:48:39,29.0200,1,5804.0000,2,B,29.0100,29.0000,28.9800,28.9700,28.9600,29.0200,29.0300,29.0400,29.0500,29.0600,48,153,10,3,20,2,381,45,35,46
SZ,002380,2017-01-03 10:48:57,29.0200,1,2902.0000,1,B,29.0100,29.0000,28.9800,28.9700,28.9600,29.0200,29.0300,29.0400,29.0500,29.0600,48,153,10,3,20,1,381,45,35,46
SZ,002380,2017-01-03 10:49:00,29.0200,1,2902.0000,1,B,29.0200,29.0100,29.0000,28.9800,28.9700,29.0300,29.0400,29.0500,29.0600,29.0700,18,46,153,10,3,381,45,35,46,87
SZ,002380,2017-01-03 10:49:03,29.0000,6,214682.0000,74,S,29.0000,28.9800,28.9700,28.9600,28.9500,29.0300,29.0400,29.0500,29.0600,29.0700,143,10,3,20,15,381,45,35,46,87
SZ,002380,2017-01-03 10:49:09,29.0200,1,2902.0000,1,B,29.0000,28.9800,28.9700,28.9600,28.9500,29.0200,29.0300,29.0400,29.0500,29.0600,143,10,3,20,15,9,381,45,35,46
SZ,002380,2017-01-03 10:49:15,29.0200,1,5804.0000,2,B,29.0000,28.9800,28.9700,28.9600,28.9500,29.0200,29.0300,29.0400,29.0500,29.0600,143,10,3,20,15,7,381,45,35,46
SZ,002380,2017-01-03 10:49:21,29.0200,1,2902.0000,1,B,29.0000,28.9800,28.9700,28.9600,28.9500,29.0200,29.0300,29.0400,29.0500,29.0600,143,10,3,20,15,6,381,45,35,46
SZ,002380,2017-01-03 10:49:24,29.0200,1,17412.0000,6,B,29.0000,28.9800,28.9700,28.9600,28.9500,29.0300,29.0400,29.0500,29.0600,29.0700,143,10,3,20,15,381,45,35,46,87
SZ,002380,2017-01-03 10:49:48,29.0300,1,8709.0000,3,B,29.0000,28.9800,28.9700,28.9600,28.9500,29.0300,29.0400,29.0500,29.0600,29.0700,143,10,3,20,15,378,45,35,50,87
SZ,002380,2017-01-03 10:50:15,29.0300,1,8709.0000,3,B,29.0000,28.9800,28.9700,28.9600,28.9500,29.0300,29.0400,29.0500,29.0600,29.0700,143,10,3,20,15,375,45,35,50,87
SZ,002380,2017-01-03 10:50:24,29.0300,1,2903.0000,1,B,29.0000,28.9800,28.9700,28.9600,28.9500,29.0300,29.0400,29.0500,29.0600,29.0700,143,10,3,20,15,374,45,27,50,87
SZ,002380,2017-01-03 10:50:27,29.0300,1,55157.0000,19,B,29.0100,29.0000,28.9800,28.9700,28.9600,29.0300,29.0400,29.0500,29.0600,29.0700,5,143,10,3,20,355,45,27,50,87
SZ,002380,2017-01-03 10:50:39,29.0200,1,2902.0000,1,S,29.0100,29.0000,28.9800,28.9700,28.9600,29.0200,29.0300,29.0400,29.0500,29.0600,5,143,10,3,20,9,395,45,27,50
SZ,002380,2017-01-03 10:50:54,29.0300,1,17418.0000,6,B,29.0100,29.0000,28.9800,28.9700,28.9600,29.0300,29.0400,29.0500,29.0600,29.0700,5,143,10,3,20,399,45,27,50,87
SZ,002380,2017-01-03 10:51:03,29.0100,1,14505.0000,5,S,29.0000,28.9800,28.9700,28.9600,28.9500,29.0300,29.0400,29.0500,29.0600,29.0700,143,10,3,20,15,399,45,27,50,87
SZ,002380,2017-01-03 10:51:12,29.0000,1,2900.0000,1,S,29.0000,28.9800,28.9700,28.9600,28.9500,29.0300,29.0400,29.0500,29.0600,29.0700,142,10,3,20,15,401,45,27,50,87
SZ,002380,2017-01-03 10:51:18,29.0300,1,8709.0000,3,B,29.0000,28.9800,28.9700,28.9600,28.9500,29.0300,29.0400,29.0500,29.0600,29.0700,142,10,3,20,15,398,45,27,50,87
SZ,002380,2017-01-03 10:51:27,29.0300,1,2903.0000,1,B,29.0000,28.9800,28.9700,28.9600,28.9500,29.0300,29.0400,29.0500,29.0600,29.0700,142,10,3,20,15,397,45,27,50,87
SZ,002380,2017-01-03 10:52:03,29.0100,2,8703.0000,3,B,29.0000,28.9800,28.9700,28.9600,28.9500,29.0100,29.0300,29.0400,29.0500,29.0600,142,10,3,20,15,3,394,45,27,50
SZ,002380,2017-01-03 10:52:06,29.0100,1,8703.0000,3,B,29.0100,29.0000,28.9800,28.9700,28.9600,29.0300,29.0400,29.0500,29.0600,29.0700,17,142,10,3,20,394,45,27,50,96
SZ,002380,2017-01-03 10:52:09,29.0300,1,2903.0000,1,B,29.0100,29.0000,28.9800,28.9700,28.9600,29.0300,29.0400,29.0500,29.0600,29.0700,17,142,10,3,20,393,45,27,50,96
SZ,002380,2017-01-03 10:52:30,29.0200,1,2902.0000,1,B,29.0100,29.0000,28.9800,28.9700,28.9600,29.0200,29.0300,29.0400,29.0500,29.0600,27,142,10,3,20,9,389,45,27,50
SZ,002380,2017-01-03 10:52:36,29.0200,1,20314.0000,7,B,29.0100,29.0000,28.9800,28.9700,28.9600,29.0200,29.0300,29.0400,29.0500,29.0600,27,142,10,3,20,2,389,45,27,50
SZ,002380,2017-01-03 10:52:45,29.0300,2,8707.0000,3,B,29.0100,29.0000,28.9800,28.9700,28.9600,29.0300,29.0400,29.0500,29.0600,29.0700,27,142,10,3,20,391,45,27,50,96
SZ,002380,2017-01-03 10:53:24,29.0300,1,11612.0000,4,B,29.0200,29.0100,29.0000,28.9800,28.9700,29.0300,29.0400,29.0500,29.0600,29.0700,1,27,142,10,3,387,45,27,67,96
SZ,002380,2017-01-03 10:53:33,29.0300,1,2903.0000,1,B,29.0200,29.0100,29.0000,28.9800,28.9700,29.0300,29.0400,29.0500,29.0600,29.0700,1,27,142,10,3,386,45,27,67,96
SZ,002380,2017-01-03 10:53:36,29.0300,2,8709.0000,3,B,29.0200,29.0100,29.0000,28.9800,28.9700,29.0300,29.0400,29.0500,29.0600,29.0700,1,27,142,10,3,381,45,27,67,96
SZ,002380,2017-01-03 10:53:39,29.0300,1,2903.0000,1,B,29.0200,29.0100,29.0000,28.9800,28.9700,29.0300,29.0400,29.0500,29.0600,29.0700,1,27,142,10,3,380,45,27,67,96
SZ,002380,2017-01-03 10:54:09,29.0300,1,55157.0000,19,B,29.0200,29.0100,29.0000,28.9800,28.9700,29.0300,29.0400,29.0500,29.0600,29.0700,1,10,142,10,3,361,45,27,67,96
SZ,002380,2017-01-03 10:54:15,29.0300,1,2903.0000,1,B,29.0200,29.0100,29.0000,28.9800,28.9700,29.0300,29.0400,29.0500,29.0600,29.0700,1,11,142,10,3,360,45,27,67,96
SZ,002380,2017-01-03 10:54:18,29.0300,1,17418.0000,6,B,29.0200,29.0100,29.0000,28.9800,28.9700,29.0300,29.0400,29.0500,29.0600,29.0700,1,11,142,10,3,354,45,27,67,96
SZ,002380,2017-01-03 10:54:36,29.0300,1,2903.0000,1,B,29.0200,29.0100,29.0000,28.9800,28.9700,29.0300,29.0400,29.0500,29.0600,29.0700,1,14,142,10,3,353,45,27,67,87
SZ,002380,2017-01-03 10:54:42,29.0200,1,2902.0000,1,S,29.0100,29.0000,28.9800,28.9700,28.9600,29.0200,29.0300,29.0400,29.0500,29.0600,14,142,10,3,20,2,353,45,27,67
SZ,002380,2017-01-03 10:54:51,29.0300,2,8707.0000,3,B,29.0100,29.0000,28.9800,28.9700,28.9600,29.0300,29.0400,29.0500,29.0600,29.0700,14,142,10,3,20,352,45,27,67,87
SZ,002380,2017-01-03 10:55:09,29.0300,2,23210.0000,8,B,29.0100,29.0000,28.9800,28.9700,28.9600,29.0300,29.0400,29.0500,29.0600,29.0700,7,142,10,3,20,351,45,27,67,87
SZ,002380,2017-01-03 10:55:15,29.0200,1,11608.0000,4,B,29.0200,29.0100,29.0000,28.9800,28.9700,29.0300,29.0400,29.0500,29.0600,29.0700,3,7,142,10,3,351,45,27,67,87
SZ,002380,2017-01-03 10:55:21,29.0200,1,8706.0000,3,S,29.0100,29.0000,28.9800,28.9700,28.9600,29.0200,29.0300,29.0400,29.0500,29.0600,7,142,10,3,20,2,351,45,27,67
SZ,002380,2017-01-03 10:55:33,29.0200,1,5804.0000,2,B,29.0200,29.0100,29.0000,28.9800,28.9700,29.0300,29.0400,29.0500,29.0600,29.0700,17,7,142,10,3,351,45,27,67,57
SZ,002380,2017-01-03 10:55:36,29.0300,1,5806.0000,2,B,29.0200,29.0100,29.0000,28.9800,28.9700,29.0300,29.0400,29.0500,29.0600,29.0700,17,7,142,10,3,349,45,27,67,57
SZ,002380,2017-01-03 10:55:39,29.0300,1,2903.0000,1,B,29.0200,29.0100,29.0000,28.9800,28.9700,29.0300,29.0400,29.0500,29.0600,29.0700,17,7,142,10,3,348,45,27,67,57
SZ,002380,2017-01-03 10:55:45,29.0200,1,5804.0000,2,S,29.0200,29.0100,29.0000,28.9800,28.9700,29.0300,29.0400,29.0500,29.0600,29.0700,15,7,142,10,3,348,45,27,67,57
SZ,002380,2017-01-03 10:55:54,29.0300,1,2903.0000,1,B,29.0200,29.0100,29.0000,28.9800,28.9700,29.0300,29.0400,29.0500,29.0600,29.0700,15,7,142,10,3,347,45,57,67,57
SZ,002380,2017-01-03 10:56:03,29.0200,2,20320.0000,7,S,29.0200,29.0100,29.0000,28.9800,28.9700,29.0300,29.0400,29.0500,29.0600,29.0700,14,7,142,10,3,342,45,57,67,57
SZ,002380,2017-01-03 10:56:27,29.0200,1,2902.0000,1,S,29.0200,29.0100,29.0000,28.9800,28.9700,29.0300,29.0400,29.0500,29.0600,29.0700,13,7,142,10,3,342,45,57,67,57
SZ,002380,2017-01-03 10:56:39,29.0300,1,2903.0000,1,B,29.0200,29.0100,29.0000,28.9800,28.9700,29.0300,29.0400,29.0500,29.0600,29.0700,13,7,142,10,3,341,45,57,67,57
SZ,002380,2017-01-03 10:56:45,29.0300,1,2903.0000,1,B,29.0200,29.0100,29.0000,28.9800,28.9700,29.0300,29.0400,29.0500,29.0600,29.0700,13,7,142,10,3,340,45,57,67,57
SZ,002380,2017-01-03 10:57:06,29.0300,1,5806.0000,2,B,29.0200,29.0100,29.0000,28.9800,28.9700,29.0300,29.0400,29.0500,29.0600,29.0700,13,7,142,10,3,334,45,57,67,57
SZ,002380,2017-01-03 10:57:12,29.0300,1,55157.0000,19,B,29.0200,29.0100,29.0000,28.9800,28.9700,29.0300,29.0400,29.0500,29.0600,29.0700,13,7,142,10,3,315,45,57,67,57
SZ,002380,2017-01-03 10:57:30,29.0300,1,17418.0000,6,B,29.0200,29.0100,29.0000,28.9800,28.9700,29.0300,29.0400,29.0500,29.0600,29.0700,13,7,142,10,3,309,45,57,67,57
SZ,002380,2017-01-03 10:57:48,29.0200,1,2902.0000,1,B,29.0100,29.0000,28.9800,28.9700,28.9600,29.0200,29.0300,29.0400,29.0500,29.0600,7,142,10,3,20,3,318,45,57,67
SZ,002380,2017-01-03 10:57:57,29.0100,3,20307.0000,7,S,29.0000,28.9800,28.9700,28.9600,28.9500,29.0200,29.0300,29.0400,29.0500,29.0600,142,10,3,20,5,3,318,45,57,67
SZ,002380,2017-01-03 10:58:09,29.0200,1,2902.0000,1,B,29.0100,29.0000,28.9800,28.9700,28.9600,29.0200,29.0300,29.0400,29.0500,29.0600,5,142,10,3,20,2,309,45,57,67
SZ,002380,2017-01-03 10:58:33,29.0200,1,2902.0000,1,B,29.0100,29.0000,28.9800,28.9700,28.9600,29.0200,29.0300,29.0400,29.0500,29.0600,5,142,10,3,20,5,309,45,57,67
SZ,002380,2017-01-03 10:58:42,29.0200,2,5804.0000,2,B,29.0100,29.0000,28.9800,28.9700,28.9600,29.0200,29.0300,29.0400,29.0500,29.0600,5,142,10,3,20,3,309,45,57,67
SZ,002380,2017-01-03 10:58:48,29.0100,1,2901.0000,1,S,29.0100,29.0000,28.9800,28.9700,28.9600,29.0200,29.0300,29.0400,29.0500,29.0600,4,142,10,3,20,3,309,45,57,67
SZ,002380,2017-01-03 10:58:51,29.0200,1,2902.0000,1,B,29.0100,29.0000,28.9800,28.9700,28.9600,29.0200,29.0300,29.0400,29.0500,29.0600,4,142,10,3,20,2,309,45,57,67
SZ,002380,2017-01-03 10:58:57,29.0200,1,5804.0000,2,B,29.0200,29.0100,29.0000,28.9800,28.9700,29.0300,29.0400,29.0500,29.0600,29.0700,17,4,142,10,3,309,45,57,67,57
SZ,002380,2017-01-03 10:59:06,29.0100,2,60938.0000,21,S,29.0000,28.9800,28.9700,28.9600,28.9500,29.0100,29.0300,29.0400,29.0500,29.0600,142,10,3,20,5,11,309,45,57,67
SZ,002380,2017-01-03 10:59:21,29.0100,1,20307.0000,7,B,29.0000,28.9800,28.9700,28.9600,28.9500,29.0100,29.0300,29.0400,29.0500,29.0600,143,10,3,20,5,6,309,45,57,67
SZ,002380,2017-01-03 10:59:30,29.0000,1,8700.0000,3,S,29.0000,28.9800,28.9700,28.9600,28.9500,29.0100,29.0300,29.0400,29.0500,29.0600,140,10,3,20,5,6,309,45,57,67
SZ,002380,2017-01-03 10:59:39,29.0100,1,2901.0000,1,B,29.0000,28.9800,28.9700,28.9600,28.9500,29.0100,29.0300,29.0400,29.0500,29.0600,140,10,3,20,5,5,309,45,57,67
SZ,002380,2017-01-03 10:59:54,29.0100,1,2901.0000,1,B,29.0000,28.9800,28.9700,28.9600,28.9500,29.0100,29.0300,29.0400,29.0500,29.0600,140,10,3,20,5,4,309,45,57,67
SZ,002380,2017-01-03 11:00:03,29.0300,4,150066.0000,52,B,29.0100,29.0000,28.9800,28.9700,28.9600,29.0300,29.0400,29.0500,29.0600,29.0700,79,140,10,3,20,281,45,57,67,57
SZ,002380,2017-01-03 11:00:18,29.0300,1,5806.0000,2,B,29.0100,29.0000,28.9800,28.9700,28.9600,29.0300,29.0400,29.0500,29.0600,29.0700,79,140,10,3,20,279,45,57,67,57
SZ,002380,2017-01-03 11:00:27,29.0300,1,55157.0000,19,B,29.0100,29.0000,28.9800,28.9700,28.9600,29.0300,29.0400,29.0500,29.0600,29.0700,79,140,10,3,20,260,45,57,67,57
SZ,002380,2017-01-03 11:00:48,29.0100,2,118941.0000,41,S,29.0100,29.0000,28.9800,28.9700,28.9600,29.0300,29.0400,29.0500,29.0600,29.0700,38,140,10,3,20,260,45,31,67,57
SZ,002380,2017-01-03 11:00:57,29.0300,1,2903.0000,1,B,29.0100,29.0000,28.9800,28.9700,28.9600,29.0300,29.0400,29.0500,29.0600,29.0700,38,140,10,3,20,259,45,31,67,57
SZ,002380,2017-01-03 11:01:00,29.0300,1,17418.0000,6,B,29.0100,29.0000,28.9800,28.9700,28.9600,29.0300,29.0400,29.0500,29.0600,29.0700,38,140,10,3,20,253,45,31,67,57
SZ,002380,2017-01-03 11:01:09,29.0300,1,2903.0000,1,B,29.0100,29.0000,28.9800,28.9700,28.9600,29.0300,29.0400,29.0500,29.0600,29.0700,38,140,10,3,20,252,45,31,67,57
SZ,002380,2017-01-03 11:01:57,29.0300,1,5806.0000,2,B,29.0100,29.0000,28.9800,28.9700,28.9600,29.0300,29.0400,29.0500,29.0600,29.0700,38,140,10,3,20,250,45,31,67,57
SZ,002380,2017-01-03 11:02:00,29.0300,1,2903.0000,1,B,29.0100,29.0000,28.9800,28.9700,28.9600,29.0300,29.0400,29.0500,29.0600,29.0700,38,140,10,3,20,249,45,31,67,57
SZ,002380,2017-01-03 11:02:24,29.0200,1,20314.0000,7,B,29.0200,29.0100,29.0000,28.9800,28.9700,29.0300,29.0400,29.0500,29.0600,29.0700,12,38,140,10,3,249,45,31,67,57
SZ,002380,2017-01-03 11:02:39,29.0300,1,2903.0000,1,B,29.0200,29.0100,29.0000,28.9800,28.9700,29.0300,29.0400,29.0500,29.0600,29.0700,12,38,140,10,3,248,45,31,67,57
SZ,002380,2017-01-03 11:02:42,29.0300,1,17418.0000,6,B,29.0200,29.0100,29.0000,28.9800,28.9700,29.0300,29.0400,29.0500,29.0600,29.0700,12,38,140,10,3,242,45,31,67,57
SZ,002380,2017-01-03 11:03:03,29.0300,1,2903.0000,1,B,29.0200,29.0100,29.0000,28.9800,28.9700,29.0300,29.0400,29.0500,29.0600,29.0700,12,38,140,10,3,241,45,31,67,57
SZ,002380,2017-01-03 11:03:33,29.0200,1,20314.0000,7,S,29.0200,29.0100,29.0000,28.9800,28.9700,29.0300,29.0400,29.0500,29.0600,29.0700,5,38,140,10,3,243,45,31,67,57
SZ,002380,2017-01-03 11:03:42,29.0300,1,8709.0000,3,B,29.0200,29.0100,29.0000,28.9800,28.9700,29.0300,29.0400,29.0500,29.0600,29.0700,5,38,140,10,3,240,45,1,67,57
SZ,002380,2017-01-03 11:04:00,29.0300,1,55157.0000,19,B,29.0200,29.0100,29.0000,28.9800,28.9700,29.0300,29.0400,29.0500,29.0600,29.0700,5,38,140,10,3,218,45,1,67,57
SZ,002380,2017-01-03 11:04:06,29.0300,1,2903.0000,1,B,29.0200,29.0100,29.0000,28.9800,28.9700,29.0300,29.0400,29.0500,29.0600,29.0700,5,38,140,10,3,247,45,1,67,57
SZ,002380,2017-01-03 11:04:09,29.0300,1,2903.0000,1,B,29.0200,29.0100,29.0000,28.9800,28.9700,29.0300,29.0400,29.0500,29.0600,29.0700,5,38,140,10,3,246,45,1,67,57
SZ,002380,2017-01-03 11:04:18,29.0300,1,17418.0000,6,B,29.0200,29.0100,29.0000,28.9800,28.9700,29.0300,29.0400,29.0500,29.0600,29.0700,5,38,140,10,3,240,45,1,67,57
SZ,002380,2017-01-03 11:05:09,29.0300,1,2903.0000,1,B,29.0100,29.0000,28.9800,28.9700,28.9600,29.0300,29.0400,29.0500,29.0600,29.0700,38,140,10,3,20,239,45,1,67,57
SZ,002380,2017-01-03 11:05:39,29.0300,2,8709.0000,3,B,29.0100,29.0000,28.9800,28.9700,28.9600,29.0300,29.0400,29.0500,29.0600,29.0700,38,140,10,3,20,236,45,1,67,57
SZ,002380,2017-01-03 11:05:45,29.0300,1,55157.0000,19,B,29.0100,29.0000,28.9800,28.9700,28.9600,29.0300,29.0400,29.0500,29.0600,29.0700,38,140,10,3,20,217,45,1,67,57
SZ,002380,2017-01-03 11:06:06,29.0300,1,20321.0000,7,B,29.0100,29.0000,28.9800,28.9700,28.9600,29.0300,29.0400,29.0500,29.0600,29.0700,38,140,10,3,20,210,45,1,67,57
SZ,002380,2017-01-03 11:06:12,29.0300,1,2903.0000,1,B,29.0100,29.0000,28.9800,28.9700,28.9600,29.0300,29.0400,29.0500,29.0600,29.0700,38,140,10,3,20,209,45,1,67,57
SZ,002380,2017-01-03 11:06:27,29.0100,1,5802.0000,2,S,29.0100,29.0000,28.9800,28.9700,28.9600,29.0300,29.0400,29.0500,29.0600,29.0700,36,140,10,3,20,209,45,1,67,57
SZ,002380,2017-01-03 11:06:51,29.0300,1,8709.0000,3,B,29.0100,29.0000,28.9800,28.9700,28.9600,29.0300,29.0400,29.0500,29.0600,29.0700,46,140,10,3,20,206,45,1,67,57
SZ,002380,2017-01-03 11:07:03,29.0300,1,5806.0000,2,B,29.0100,29.0000,28.9800,28.9700,28.9600,29.0300,29.0400,29.0500,29.0600,29.0700,48,140,10,3,20,204,45,1,67,57
SZ,002380,2017-01-03 11:07:09,29.0300,1,2903.0000,1,B,29.0100,29.0000,28.9800,28.9700,28.9600,29.0300,29.0400,29.0500,29.0600,29.0700,53,140,10,3,20,203,45,1,67,57
SZ,002380,2017-01-03 11:07:15,29.0300,1,2903.0000,1,B,29.0100,29.0000,28.9800,28.9700,28.9600,29.0300,29.0400,29.0500,29.0600,29.0700,53,140,10,3,20,202,45,1,67,57
SZ,002380,2017-01-03 11:07:21,29.0300,1,55157.0000,19,B,29.0100,29.0000,28.9800,28.9700,28.9600,29.0300,29.0400,29.0500,29.0600,29.0700,53,140,10,3,20,183,45,1,67,57
SZ,002380,2017-01-03 11:07:42,29.0300,1,17418.0000,6,B,29.0200,29.0100,29.0000,28.9800,28.9700,29.0300,29.0400,29.0500,29.0600,29.0700,5,53,140,10,3,177,45,1,67,57
SZ,002380,2017-01-03 11:08:00,29.0300,1,5806.0000,2,B,29.0200,29.0100,29.0000,28.9800,28.9700,29.0300,29.0400,29.0500,29.0600,29.0700,5,53,140,10,3,175,45,1,67,57
SZ,002380,2017-01-03 11:08:18,29.0300,1,2903.0000,1,B,29.0200,29.0100,29.0000,28.9800,28.9700,29.0300,29.0400,29.0500,29.0600,29.0700,5,53,140,10,3,174,45,1,67,57
SZ,002380,2017-01-03 11:08:24,29.0300,1,20321.0000,7,B,29.0200,29.0100,29.0000,28.9800,28.9700,29.0300,29.0400,29.0500,29.0600,29.0700,6,53,140,10,3,167,45,1,67,57
SZ,002380,2017-01-03 11:08:36,29.0200,1,5804.0000,2,S,29.0200,29.0100,29.0000,28.9800,28.9700,29.0300,29.0400,29.0500,29.0600,29.0700,4,60,139,10,3,167,45,1,67,57
SZ,002380,2017-01-03 11:08:39,29.0300,2,8709.0000,3,B,29.0200,29.0100,29.0000,28.9800,28.9700,29.0300,29.0400,29.0500,29.0600,29.0700,4,60,144,10,3,164,45,1,67,57
SZ,002380,2017-01-03 11:08:48,29.0300,1,55157.0000,19,B,29.0200,29.0100,29.0000,28.9800,28.9700,29.0300,29.0400,29.0500,29.0600,29.0700,4,60,144,10,3,145,45,1,67,57
SZ,002380,2017-01-03 11:09:21,29.0300,1,2903.0000,1,B,29.0200,29.0100,29.0000,28.9800,28.9700,29.0300,29.0400,29.0500,29.0600,29.0700,4,60,144,10,3,144,45,1,67,57
SZ,002380,2017-01-03 11:09:24,29.0300,1,17418.0000,6,B,29.0200,29.0100,29.0000,28.9800,28.9700,29.0300,29.0400,29.0500,29.0600,29.0700,4,60,144,10,3,138,45,1,67,57
SZ,002380,2017-01-03 11:09:39,29.0200,1,5804.0000,2,S,29.0200,29.0100,29.0000,28.9800,28.9700,29.0300,29.0400,29.0500,29.0600,29.0700,2,60,144,10,3,138,45,1,67,57
SZ,002380,2017-01-03 11:09:42,29.0300,1,5806.0000,2,B,29.0200,29.0100,29.0000,28.9800,28.9700,29.0300,29.0400,29.0500,29.0600,29.0700,2,60,144,10,3,136,45,1,67,57
SZ,002380,2017-01-03 11:10:09,29.0300,1,2903.0000,1,B,29.0200,29.0100,29.0000,28.9800,28.9700,29.0300,29.0400,29.0500,29.0600,29.0700,2,60,144,10,3,136,45,1,67,57
SZ,002380,2017-01-03 11:10:24,29.0300,1,2903.0000,1,B,29.0200,29.0100,29.0000,28.9800,28.9700,29.0300,29.0400,29.0500,29.0600,29.0700,12,60,144,10,3,135,45,1,67,57
SZ,002380,2017-01-03 11:10:27,29.0300,2,8709.0000,3,B,29.0200,29.0100,29.0000,28.9800,28.9700,29.0300,29.0400,29.0500,29.0600,29.0700,12,60,144,10,3,132,45,1,67,89
SZ,002380,2017-01-03 11:10:36,29.0300,1,55157.0000,19,B,29.0200,29.0100,29.0000,28.9800,28.9700,29.0300,29.0400,29.0500,29.0600,29.0700,11,60,144,10,3,114,45,1,67,89
SZ,002380,2017-01-03 11:11:03,29.0300,1,17418.0000,6,B,29.0200,29.0100,29.0000,28.9800,28.9700,29.0300,29.0400,29.0500,29.0600,29.0700,11,60,144,10,3,108,45,1,67,89
SZ,002380,2017-01-03 11:11:24,29.0300,1,2903.0000,1,B,29.0200,29.0100,29.0000,28.9800,28.9700,29.0300,29.0400,29.0500,29.0600,29.0700,11,60,139,10,3,107,45,1,67,89
SZ,002380,2017-01-03 11:11:27,29.0300,1,2903.0000,1,B,29.0200,29.0100,29.0000,28.9800,28.9700,29.0300,29.0400,29.0500,29.0600,29.0700,11,60,139,10,3,106,45,1,67,89
SZ,002380,2017-01-03 11:11:39,29.0300,1,2903.0000,1,B,29.0200,29.0100,29.0000,28.9800,28.9700,29.0300,29.0400,29.0500,29.0600,29.0700,11,60,139,10,3,105,45,1,67,89
SZ,002380,2017-01-03 11:11:48,29.0300,1,14515.0000,5,B,29.0200,29.0100,29.0000,28.9800,28.9700,29.0300,29.0400,29.0500,29.0600,29.0700,11,60,139,10,3,100,45,1,67,89
SZ,002380,2017-01-03 11:11:54,29.0300,1,5806.0000,2,B,29.0200,29.0100,29.0000,28.9800,28.9700,29.0300,29.0400,29.0500,29.0600,29.0700,11,60,139,10,3,98,45,1,67,89
SZ,002380,2017-01-03 11:12:30,29.0300,1,2903.0000,1,B,29.0200,29.0100,29.0000,28.9700,28.9600,29.0300,29.0400,29.0500,29.0600,29.0700,14,70,139,3,20,97,45,1,67,89
SZ,002380,2017-01-03 11:12:42,29.0300,1,55157.0000,19,B,29.0200,29.0100,29.0000,28.9700,28.9600,29.0300,29.0400,29.0500,29.0600,29.0700,14,70,139,3,20,78,45,1,67,89
SZ,002380,2017-01-03 11:12:48,29.0300,1,20321.0000,7,B,29.0200,29.0100,29.0000,28.9700,28.9600,29.0300,29.0400,29.0500,29.0600,29.0700,14,70,139,3,20,71,45,1,67,89
SZ,002380,2017-01-03 11:13:09,29.0300,1,2903.0000,1,B,29.0200,29.0100,29.0000,28.9700,28.9600,29.0300,29.0400,29.0500,29.0600,29.0700,14,70,139,3,20,80,45,1,67,57
SZ,002380,2017-01-03 11:13:21,29.0200,3,40628.0000,14,S,29.0100,29.0000,28.9700,28.9600,28.9500,29.0200,29.0300,29.0400,29.0500,29.0600,70,139,3,20,20,6,80,45,1,67
SZ,002380,2017-01-03 11:13:33,29.0200,1,2902.0000,1,B,29.0100,29.0000,28.9700,28.9600,28.9500,29.0200,29.0300,29.0400,29.0500,29.0600,70,139,3,20,20,7,80,45,1,67
SZ,002380,2017-01-03 11:13:36,29.0200,1,5804.0000,2,B,29.0100,29.0000,28.9700,28.9600,28.9500,29.0200,29.0300,29.0400,29.0500,29.0600,70,139,3,20,20,5,80,45,1,67
SZ,002380,2017-01-03 11:13:51,29.0200,1,5804.0000,2,B,29.0100,29.0000,28.9700,28.9600,28.9500,29.0200,29.0300,29.0400,29.0500,29.0600,70,139,3,20,20,3,80,45,1,67
SZ,002380,2017-01-03 11:14:00,29.0200,2,8706.0000,3,B,29.0200,29.0100,29.0000,28.9700,28.9600,29.0300,29.0400,29.0500,29.0600,29.0700,16,70,139,3,20,80,45,2,67,57
SZ,002380,2017-01-03 11:14:18,29.0300,1,17418.0000,6,B,29.0200,29.0100,29.0000,28.9700,28.9600,29.0300,29.0400,29.0500,29.0600,29.0700,16,70,139,3,19,74,45,2,67,57
SZ,002380,2017-01-03 11:14:30,29.0300,2,81284.0000,28,B,29.0200,29.0100,29.0000,28.9700,28.9600,29.0300,29.0400,29.0500,29.0600,29.0700,16,68,139,3,19,46,45,2,67,57
SZ,002380,2017-01-03 11:14:36,29.0300,1,2903.0000,1,B,29.0200,29.0100,29.0000,28.9700,28.9600,29.0300,29.0400,29.0500,29.0600,29.0700,16,58,139,3,19,45,45,5,67,57
SZ,002380,2017-01-03 11:14:39,29.0300,1,2903.0000,1,B,29.0200,29.0100,29.0000,28.9700,28.9600,29.0300,29.0400,29.0500,29.0600,29.0700,16,58,139,3,19,44,45,5,67,57
SZ,002380,2017-01-03 11:15:03,29.0300,2,81284.0000,28,B,29.0200,29.0100,29.0000,28.9700,28.9600,29.0300,29.0400,29.0500,29.0600,29.0700,16,58,139,3,19,16,45,5,67,57
SZ,002380,2017-01-03 11:15:27,29.0300,1,5806.0000,2,B,29.0200,29.0100,29.0000,28.9700,28.9600,29.0300,29.0400,29.0500,29.0600,29.0700,16,58,139,3,19,14,45,5,67,57
SZ,002380,2017-01-03 11:15:39,29.0300,1,2903.0000,1,B,29.0200,29.0100,29.0000,28.9700,28.9600,29.0300,29.0400,29.0500,29.0600,29.0700,16,58,139,3,19,13,45,5,67,57
SZ,002380,2017-01-03 11:15:57,29.0300,4,37739.0000,13,B,29.0300,29.0200,29.0100,29.0000,28.9700,29.0400,29.0500,29.0600,29.0700,29.0800,27,16,58,139,3,45,5,67,57,136
SZ,002380,2017-01-03 11:16:00,29.0300,2,29030.0000,10,S,29.0300,29.0100,29.0000,28.9700,28.9600,29.0400,29.0500,29.0600,29.0700,29.0800,23,58,139,3,19,45,5,67,57,136
SZ,002380,2017-01-03 11:16:09,29.0400,1,2904.0000,1,B,29.0300,29.0100,29.0000,28.9700,28.9600,29.0400,29.0500,29.0600,29.0700,29.0800,23,58,139,3,19,44,5,67,57,136
SZ,002380,2017-01-03 11:16:27,29.0300,2,58060.0000,20,S,29.0300,29.0100,29.0000,28.9700,28.9600,29.0400,29.0500,29.0600,29.0700,29.0800,3,58,139,3,19,44,5,67,57,136
SZ,002380,2017-01-03 11:16:33,29.0400,1,49368.0000,17,B,29.0300,29.0100,29.0000,28.9700,28.9600,29.0400,29.0500,29.0600,29.0700,29.0800,3,58,139,3,19,27,5,67,57,136
SZ,002380,2017-01-03 11:16:39,29.0400,1,2904.0000,1,B,29.0300,29.0100,29.0000,28.9700,28.9600,29.0400,29.0500,29.0600,29.0700,29.0800,3,62,139,3,19,26,5,67,57,136
SZ,002380,2017-01-03 11:16:42,29.0400,1,2904.0000,1,B,29.0300,29.0100,29.0000,28.9700,28.9600,29.0400,29.0500,29.0600,29.0700,29.0800,3,62,139,3,19,25,5,67,57,136
SZ,002380,2017-01-03 11:16:45,29.0300,1,8709.0000,3,S,29.0100,29.0000,28.9700,28.9600,28.9500,29.0300,29.0400,29.0500,29.0600,29.0700,62,139,3,19,20,5,25,5,67,57
SZ,002380,2017-01-03 11:16:54,29.0300,1,8709.0000,3,B,29.0100,29.0000,28.9700,28.9600,28.9500,29.0300,29.0400,29.0500,29.0600,29.0700,62,139,3,19,20,2,25,5,67,57
SZ,002380,2017-01-03 11:17:00,29.0300,1,5806.0000,2,B,29.0300,29.0100,29.0000,28.9700,28.9600,29.0400,29.0500,29.0600,29.0700,29.0800,1,62,139,3,19,25,5,67,57,136
SZ,002380,2017-01-03 11:17:30,29.0300,1,2903.0000,1,S,29.0100,29.0000,28.9700,28.9600,28.9500,29.0300,29.0400,29.0500,29.0600,29.0700,62,139,3,19,20,4,25,5,68,57
SZ,002380,2017-01-03 11:17:39,29.0400,2,14516.0000,5,B,29.0300,29.0100,29.0000,28.9700,28.9600,29.0400,29.0500,29.0600,29.0700,29.0800,15,62,139,3,19,24,5,68,57,126
SZ,002380,2017-01-03 11:17:45,29.0400,1,2904.0000,1,B,29.0300,29.0100,29.0000,28.9700,28.9600,29.0400,29.0500,29.0600,29.0700,29.0800,15,62,139,3,19,23,5,68,57,126
SZ,002380,2017-01-03 11:17:48,29.0400,1,17424.0000,6,B,29.0300,29.0100,29.0000,28.9700,28.9600,29.0400,29.0500,29.0600,29.0700,29.0800,15,62,139,3,19,20,5,68,57,126
SZ,002380,2017-01-03 11:18:48,29.0400,1,5808.0000,2,B,29.0300,29.0200,29.0100,29.0000,28.9700,29.0400,29.0500,29.0600,29.0700,29.0800,19,3,62,139,3,23,5,68,67,126
SZ,002380,2017-01-03 11:18:51,29.0400,1,37752.0000,13,B,29.0300,29.0200,29.0100,29.0000,28.9700,29.0400,29.0500,29.0600,29.0700,29.0800,19,3,62,139,3,10,5,68,69,126
SZ,002380,2017-01-03 11:19:06,29.0400,3,29040.0000,10,B,29.0400,29.0300,29.0200,29.0100,29.0000,29.0500,29.0600,29.0700,29.0800,29.0900,9,19,3,62,139,15,68,69,126,37
SZ,002380,2017-01-03 11:19:09,29.0500,1,2905.0000,1,B,29.0400,29.0300,29.0200,29.0100,29.0000,29.0500,29.0600,29.0700,29.0800,29.0900,9,19,3,62,139,14,68,69,126,37
SZ,002380,2017-01-03 11:19:21,29.0500,3,17430.0000,6,B,29.0400,29.0300,29.0200,29.0100,29.0000,29.0500,29.0600,29.0700,29.0800,29.0900,9,19,3,62,139,8,68,69,126,37
SZ,002380,2017-01-03 11:20:00,29.0400,1,5808.0000,2,S,29.0400,29.0300,29.0200,29.0100,29.0000,29.0500,29.0600,29.0700,29.0800,29.0900,7,4,3,62,139,10,68,69,126,37
SZ,002380,2017-01-03 11:20:21,29.0500,1,5810.0000,2,B,29.0400,29.0300,29.0200,29.0100,29.0000,29.0500,29.0600,29.0700,29.0800,29.0900,7,4,3,62,139,8,68,69,126,37
SZ,002380,2017-01-03 11:20:39,29.0500,1,2905.0000,1,B,29.0400,29.0300,29.0200,29.0100,29.0000,29.0500,29.0600,29.0700,29.0800,29.0900,7,4,3,62,139,14,68,69,126,37
SZ,002380,2017-01-03 11:20:57,29.0500,3,40670.0000,14,B,29.0500,29.0400,29.0300,29.0200,29.0100,29.0600,29.0700,29.0800,29.0900,29.1000,5,7,4,3,62,68,69,126,37,128
SZ,002380,2017-01-03 11:21:06,29.0600,1,20342.0000,7,B,29.0500,29.0300,29.0200,29.0100,29.0000,29.0600,29.0700,29.0800,29.0900,29.1000,5,4,3,62,139,61,69,126,37,128
SZ,002380,2017-01-03 11:21:30,29.0500,1,14525.0000,5,S,29.0300,29.0200,29.0100,29.0000,28.9700,29.0600,29.0700,29.0800,29.0900,29.1000,4,6,62,139,3,57,69,126,37,128
SZ,002380,2017-01-03 11:22:00,29.0300,3,17424.0000,6,S,29.0200,29.0100,29.0000,28.9700,28.9600,29.0300,29.0600,29.0700,29.0800,29.0900,6,62,139,3,19,14,56,69,126,37
SZ,002380,2017-01-03 11:22:06,29.0300,2,43545.0000,15,B,29.0300,29.0200,29.0100,29.0000,28.9700,29.0600,29.0700,29.0800,29.0900,29.1000,4,6,62,139,3,55,69,126,37,128
SZ,002380,2017-01-03 11:22:09,29.0600,1,2906.0000,1,B,29.0300,29.0200,29.0100,29.0000,28.9700,29.0600,29.0700,29.0800,29.0900,29.1000,4,6,62,139,3,54,69,126,37,128
SZ,002380,2017-01-03 11:22:42,29.0600,4,26140.0000,9,B,29.0300,29.0200,29.0100,29.0000,28.9700,29.0600,29.0700,29.0800,29.0900,29.1000,1,6,62,139,3,53,69,126,37,128
SZ,002380,2017-01-03 11:23:39,29.0500,1,2905.0000,1,B,29.0400,29.0300,29.0200,29.0100,29.0000,29.0500,29.0600,29.0700,29.0800,29.0900,4,1,6,62,139,14,76,69,126,37
SZ,002380,2017-01-03 11:23:45,29.0500,3,40670.0000,14,B,29.0500,29.0400,29.0300,29.0200,29.0100,29.0600,29.0700,29.0800,29.0900,29.1000,25,4,16,6,62,76,69,126,37,128
SZ,002380,2017-01-03 11:23:54,29.0500,2,23241.0000,8,S,29.0500,29.0400,29.0300,29.0200,29.0100,29.0600,29.0700,29.0800,29.0900,29.1000,19,7,1,6,62,75,69,126,37,128
SZ,002380,2017-01-03 11:23:57,29.0600,2,5812.0000,2,B,29.0500,29.0400,29.0300,29.0200,29.0100,29.0600,29.0700,29.0800,29.0900,29.1000,19,3,1,6,62,73,69,126,37,128
SZ,002380,2017-01-03 11:24:03,29.0500,2,37765.0000,13,S,29.0500,29.0400,29.0300,29.0200,29.0100,29.0600,29.0700,29.0800,29.0900,29.1000,6,3,1,6,62,73,69,126,37,128
SZ,002380,2017-01-03 11:24:06,29.0500,2,17430.0000,6,S,29.0400,29.0200,29.0100,29.0000,28.9700,29.0600,29.0700,29.0800,29.0900,29.1000,3,6,62,139,3,73,69,126,37,128
SZ,002380,2017-01-03 11:24:21,29.0500,2,61005.0000,21,B,29.0400,29.0200,29.0100,29.0000,28.9700,29.0500,29.0600,29.0700,29.0800,29.0900,3,6,62,154,3,69,73,73,126,37
SZ,002380,2017-01-03 11:24:30,29.0500,1,2905.0000,1,B,29.0400,29.0200,29.0100,29.0000,28.9700,29.0500,29.0600,29.0700,29.0800,29.0900,3,6,62,154,3,64,73,73,126,37
SZ,002380,2017-01-03 11:24:33,29.0500,1,17430.0000,6,B,29.0400,29.0200,29.0100,29.0000,28.9700,29.0500,29.0600,29.0700,29.0800,29.0900,3,6,62,154,3,62,73,73,126,37
SZ,002380,2017-01-03 11:24:54,29.0500,1,11620.0000,4,B,29.0400,29.0200,29.0100,29.0000,28.9700,29.0500,29.0600,29.0700,29.0800,29.0900,3,6,62,154,3,58,64,73,126,37
SZ,002380,2017-01-03 11:25:09,29.0500,2,5809.0000,2,B,29.0400,29.0200,29.0100,29.0000,28.9700,29.0500,29.0600,29.0700,29.0800,29.0900,2,6,62,154,3,62,64,73,126,37
SZ,002380,2017-01-03 11:25:12,29.0400,1,5808.0000,2,S,29.0200,29.0100,29.0000,28.9700,28.9600,29.0400,29.0500,29.0600,29.0700,29.0800,6,62,154,3,19,1,62,64,73,126
