市场代码,证券代码,时间,最新价,成交笔数,成交额,成交量,方向,买一价,买二价,买三价,买四价,买五价,卖一价,卖二价,卖三价,卖四价,卖五价,买一量,买二量,买三量,买四量,买五量,卖一量,卖二量,卖三量,卖四量,卖五量
SZ,002333,2017-01-03 09:25:03,14.4300,5,40404.0000,28,S,14.4300,14.3500,14.3300,14.3200,14.3100,14.5800,14.5900,14.6200,14.6700,14.6800,66,10,80,42,23,5,10,300,200,26
SZ,002333,2017-01-03 09:30:03,14.4500,1,1445.0000,1,B,14.5000,14.4500,14.4400,14.4300,14.3900,14.5600,14.5700,14.5800,14.5900,14.6100,1,59,131,111,20,5,30,5,34,14
SZ,002333,2017-01-03 09:30:45,14.5600,1,7280.0000,5,B,14.5600,14.5000,14.4600,14.4500,14.4400,14.5700,14.5800,14.5900,14.6100,14.6200,5,1,40,84,155,30,5,34,14,330
SZ,002333,2017-01-03 09:31:12,14.5700,1,43710.0000,30,B,14.5600,14.5000,14.4600,14.4500,14.4400,14.5800,14.5900,14.6100,14.6200,14.6300,5,1,40,62,155,5,34,14,330,10
SZ,002333,2017-01-03 09:31:24,14.5800,1,7290.0000,5,B,14.5800,14.5600,14.5000,14.4600,14.4500,14.5900,14.6100,14.6200,14.6300,14.6600,8,5,1,40,62,34,14,330,10,1
SZ,002333,2017-01-03 09:31:27,14.5800,1,7290.0000,5,S,14.5800,14.5600,14.5000,14.4600,14.4500,14.5900,14.6100,14.6200,14.6300,14.6600,3,5,1,40,62,34,14,330,10,1
SZ,002333,2017-01-03 09:31:42,14.5900,1,7295.0000,5,B,14.5800,14.5600,14.5000,14.4600,14.4500,14.5900,14.6100,14.6200,14.6300,14.6600,6,5,1,40,62,29,14,300,10,1
SZ,002333,2017-01-03 09:31:48,14.5900,1,7295.0000,5,B,14.5800,14.5600,14.5000,14.4600,14.4500,14.5900,14.6100,14.6200,14.6300,14.6600,6,5,1,40,62,24,14,300,10,1
SZ,002333,2017-01-03 09:32:00,14.5800,3,14580.0000,10,S,14.5600,14.5000,14.4600,14.4500,14.4400,14.5800,14.5900,14.6100,14.6200,14.6300,5,1,40,62,105,86,24,14,300,10
SZ,002333,2017-01-03 09:32:03,14.5800,1,7290.0000,5,B,14.5600,14.5000,14.4600,14.4500,14.4400,14.5800,14.5900,14.6100,14.6200,14.6300,5,1,40,62,105,81,24,14,300,10
SZ,002333,2017-01-03 09:32:15,14.5600,2,13104.0000,9,S,14.5000,14.4600,14.4500,14.4400,14.4300,14.5500,14.5800,14.5900,14.6100,14.6200,1,40,33,105,156,1,81,24,14,300
SZ,002333,2017-01-03 09:32:42,14.5300,1,21795.0000,15,B,14.5300,14.5000,14.4600,14.4500,14.4400,14.5500,14.5700,14.5800,14.5900,14.6100,46,1,40,33,105,1,10,81,24,14
SZ,002333,2017-01-03 09:32:45,14.5500,1,1455.0000,1,B,14.5500,14.5300,14.5000,14.4600,14.4500,14.5700,14.5800,14.5900,14.6100,14.6200,4,46,96,40,33,10,81,24,14,300
SZ,002333,2017-01-03 09:33:30,14.5500,1,1455.0000,1,S,14.5500,14.5300,14.5100,14.5000,14.4600,14.5600,14.5700,14.5800,14.6100,14.6200,17,46,19,96,40,24,10,81,34,300
SZ,002333,2017-01-03 09:33:42,14.5500,2,24735.0000,17,S,14.5300,14.5100,14.5000,14.4600,14.4500,14.5500,14.5600,14.5700,14.5800,14.6100,46,19,96,40,33,5,24,10,81,34
SZ,002333,2017-01-03 09:33:51,14.5600,2,29115.0000,20,B,14.5300,14.5100,14.5000,14.4600,14.4500,14.5600,14.5700,14.5800,14.6000,14.6100,46,19,1,40,33,9,10,81,1,34
SZ,002333,2017-01-03 09:34:21,14.5500,2,53835.0000,37,B,14.5500,14.5400,14.5300,14.5100,14.5000,14.5600,14.5700,14.5800,14.6000,14.6100,58,21,46,19,1,9,10,81,1,34
SZ,002333,2017-01-03 09:34:39,14.5600,1,13104.0000,9,B,14.5600,14.5500,14.5400,14.5300,14.5100,14.5700,14.5800,14.6000,14.6100,14.6200,31,58,21,46,19,10,81,1,34,300
SZ,002333,2017-01-03 09:34:51,14.5700,1,1457.0000,1,B,14.5600,14.5500,14.5400,14.5300,14.5100,14.5700,14.5800,14.6000,14.6100,14.6200,31,58,21,46,19,9,81,1,34,300
SZ,002333,2017-01-03 09:35:00,14.5700,1,2914.0000,2,B,14.5600,14.5500,14.5400,14.5300,14.5100,14.5700,14.5800,14.6000,14.6100,14.6200,31,58,21,46,19,7,81,1,34,300
SZ,002333,2017-01-03 09:35:27,14.5700,1,10199.0000,7,B,14.5700,14.5600,14.5500,14.5300,14.5100,14.5800,14.6000,14.6100,14.6200,14.6300,2,31,58,46,19,81,27,318,300,10
SZ,002333,2017-01-03 09:35:30,14.5600,2,7282.0000,5,S,14.5600,14.5500,14.5300,14.5100,14.5000,14.5800,14.6000,14.6100,14.6200,14.6300,28,58,46,19,1,81,27,318,300,10
SZ,002333,2017-01-03 09:35:51,14.5800,1,29160.0000,20,B,14.5600,14.5500,14.5300,14.5100,14.5000,14.5800,14.6000,14.6100,14.6200,14.6300,28,68,46,19,1,61,27,318,300,10
SZ,002333,2017-01-03 09:35:54,14.5600,1,40768.0000,28,S,14.5500,14.5300,14.5100,14.5000,14.4700,14.5600,14.5800,14.6000,14.6100,14.6200,68,46,19,1,20,28,61,27,318,300
SZ,002333,2017-01-03 09:36:03,14.5600,1,40768.0000,28,B,14.5600,14.5500,14.5300,14.5100,14.5000,14.5800,14.6000,14.6100,14.6200,14.6300,2,68,46,19,1,61,20,318,300,10
SZ,002333,2017-01-03 09:36:06,14.5500,2,5909.0000,4,S,14.5500,14.5300,14.5100,14.5000,14.4700,14.5800,14.6000,14.6100,14.6200,14.6300,65,46,19,1,20,61,20,318,300,10
SZ,002333,2017-01-03 09:36:09,14.5500,3,95943.0000,66,S,14.5300,14.5100,14.5000,14.4700,14.4500,14.5500,14.5800,14.6000,14.6100,14.6200,46,19,1,20,39,64,61,20,318,300
SZ,002333,2017-01-03 09:36:15,14.5500,1,43650.0000,30,B,14.5300,14.5100,14.5000,14.4700,14.4500,14.5500,14.5800,14.6000,14.6100,14.6200,46,19,1,20,39,34,61,20,318,300
SZ,002333,2017-01-03 09:36:24,14.5500,1,21825.0000,15,B,14.5300,14.5100,14.5000,14.4700,14.4500,14.5500,14.5800,14.6000,14.6100,14.6200,46,19,1,20,39,19,61,20,318,300
SZ,002333,2017-01-03 09:37:00,14.5100,1,27569.0000,19,S,14.5000,14.4700,14.4500,14.4400,14.4300,14.5100,14.5400,14.5600,14.5700,14.5800,1,20,44,25,146,23,15,1,3,61
SZ,002333,2017-01-03 09:37:03,14.5100,1,7255.0000,5,B,14.5000,14.4700,14.4500,14.4400,14.4300,14.5100,14.5400,14.5600,14.5700,14.5800,1,20,44,25,146,18,15,1,3,61
SZ,002333,2017-01-03 09:37:54,14.5000,1,1450.0000,1,S,14.4700,14.4500,14.4400,14.4300,14.4100,14.5000,14.5100,14.5600,14.5700,14.5800,20,51,25,146,10,14,12,1,3,61
SZ,002333,2017-01-03 09:37:57,14.5000,1,1450.0000,1,B,14.4700,14.4500,14.4400,14.4300,14.4100,14.5000,14.5100,14.5600,14.5700,14.5800,20,51,25,146,10,13,12,1,3,61
SZ,002333,2017-01-03 09:38:03,14.4700,2,26046.0000,18,S,14.4700,14.4500,14.4400,14.4300,14.3600,14.5000,14.5100,14.5600,14.5700,14.5800,2,51,25,146,5,13,12,1,3,61
SZ,002333,2017-01-03 09:38:33,14.4800,1,5792.0000,4,S,14.4800,14.4700,14.4500,14.4400,14.4300,14.5000,14.5100,14.5600,14.5800,14.6000,6,2,46,24,146,529,2,1,51,27
SZ,002333,2017-01-03 09:38:36,14.4800,1,4344.0000,3,S,14.4800,14.4700,14.4500,14.4400,14.4300,14.5000,14.5100,14.5600,14.5800,14.6000,3,2,46,24,146,529,2,1,51,27
SZ,002333,2017-01-03 09:38:39,14.4800,1,4344.0000,3,S,14.4700,14.4500,14.4400,14.4300,14.3600,14.4800,14.5000,14.5100,14.5600,14.5800,2,46,24,146,5,4,529,2,1,51
SZ,002333,2017-01-03 09:38:51,14.4800,1,5792.0000,4,B,14.4800,14.4700,14.4500,14.4400,14.4300,14.5000,14.5100,14.5600,14.5800,14.6000,90,2,46,24,146,539,2,1,51,27
SZ,002333,2017-01-03 09:39:00,14.4800,3,31856.0000,22,S,14.4800,14.4700,14.4500,14.4400,14.4300,14.5000,14.5600,14.5800,14.6000,14.6100,129,2,46,24,146,539,1,51,27,318
SZ,002333,2017-01-03 09:39:06,14.4800,1,2896.0000,2,S,14.4800,14.4700,14.4500,14.4400,14.4300,14.5000,14.5600,14.5800,14.6000,14.6100,149,2,46,24,146,539,1,51,27,318
SZ,002333,2017-01-03 09:39:48,14.4900,1,5796.0000,4,B,14.4900,14.4800,14.4700,14.4500,14.4400,14.5000,14.5600,14.5800,14.6000,14.6100,17,217,2,46,24,526,1,51,27,318
SZ,002333,2017-01-03 09:39:57,14.4900,1,7245.0000,5,S,14.4900,14.4800,14.4700,14.4500,14.4400,14.5000,14.5600,14.5800,14.6000,14.6100,74,217,2,46,24,526,1,51,27,318
SZ,002333,2017-01-03 09:40:03,14.4900,1,10143.0000,7,S,14.4900,14.4800,14.4700,14.4500,14.4400,14.5000,14.5600,14.5800,14.6000,14.6100,128,222,2,46,24,526,1,51,27,318
SZ,002333,2017-01-03 09:40:18,14.5000,1,95700.0000,66,B,14.4900,14.4800,14.4700,14.4500,14.4400,14.5000,14.5600,14.5800,14.6000,14.6100,220,147,2,51,24,450,1,51,27,318
SZ,002333,2017-01-03 09:40:21,14.5000,1,88450.0000,61,B,14.4900,14.4800,14.4700,14.4500,14.4400,14.5000,14.5600,14.5800,14.6000,14.6100,220,147,2,51,24,389,1,51,27,318
SZ,002333,2017-01-03 09:40:24,14.5000,1,88450.0000,61,B,14.4900,14.4800,14.4700,14.4500,14.4400,14.5000,14.5600,14.5800,14.6000,14.6100,220,147,2,51,24,328,1,51,27,318
SZ,002333,2017-01-03 09:40:27,14.5000,2,121800.0000,84,B,14.4900,14.4800,14.4700,14.4500,14.4400,14.5000,14.5600,14.5800,14.6000,14.6100,220,147,2,51,24,244,1,51,27,318
SZ,002333,2017-01-03 09:40:30,14.5000,1,43500.0000,30,B,14.4900,14.4800,14.4700,14.4500,14.4400,14.5000,14.5600,14.5800,14.6000,14.6100,220,147,2,51,24,214,1,51,27,318
SZ,002333,2017-01-03 09:40:36,14.5000,1,14500.0000,10,B,14.4900,14.4800,14.4700,14.4500,14.4400,14.5000,14.5600,14.5800,14.6000,14.6100,220,147,2,51,24,204,1,51,27,318
SZ,002333,2017-01-03 09:40:39,14.5000,1,13050.0000,9,B,14.4900,14.4800,14.4700,14.4500,14.4400,14.5000,14.5600,14.5800,14.6000,14.6100,220,147,2,51,24,197,1,51,27,318
SZ,002333,2017-01-03 09:40:45,14.5000,1,10150.0000,7,B,14.4900,14.4800,14.4700,14.4500,14.4400,14.5000,14.5600,14.5800,14.6000,14.6100,228,147,2,53,24,190,1,51,27,318
SZ,002333,2017-01-03 09:40:48,14.5000,1,2900.0000,2,B,14.4900,14.4800,14.4700,14.4500,14.4400,14.5000,14.5600,14.5800,14.6000,14.6100,238,147,2,56,24,188,1,51,27,318
SZ,002333,2017-01-03 09:40:54,14.5000,1,1450.0000,1,B,14.4900,14.4800,14.4700,14.4500,14.4400,14.5000,14.5600,14.5800,14.6000,14.6100,238,147,2,56,24,188,1,51,27,318
SZ,002333,2017-01-03 09:41:00,14.5000,1,58000.0000,40,B,14.4900,14.4800,14.4700,14.4500,14.4400,14.5000,14.5600,14.5800,14.6000,14.6100,238,147,2,56,24,148,1,51,27,318
SZ,002333,2017-01-03 09:41:06,14.5000,4,214600.0000,148,B,14.5000,14.4900,14.4800,14.4700,14.4500,14.5600,14.5800,14.6000,14.6100,14.6200,12,239,147,2,54,1,51,27,318,300
SZ,002333,2017-01-03 09:41:42,14.5700,3,14562.0000,10,B,14.5000,14.4900,14.4800,14.4700,14.4500,14.5700,14.5800,14.6000,14.6100,14.6200,87,239,147,7,49,28,51,20,318,300
SZ,002333,2017-01-03 09:42:03,14.5600,2,29120.0000,20,S,14.5000,14.4900,14.4800,14.4700,14.4500,14.5600,14.5700,14.5800,14.6000,14.6100,95,239,94,7,49,20,28,51,20,318
SZ,002333,2017-01-03 09:42:27,14.5600,1,29120.0000,20,B,14.5100,14.5000,14.4900,14.4800,14.4700,14.5600,14.5700,14.5800,14.5900,14.6000,38,95,239,94,16,2,28,51,10,21
SZ,002333,2017-01-03 09:42:33,14.5800,3,118066.0000,81,B,14.5800,14.5100,14.5000,14.4900,14.4800,14.5900,14.6000,14.6100,14.6200,14.6300,219,38,95,239,94,10,21,318,300,10
SZ,002333,2017-01-03 09:42:42,14.5800,1,29160.0000,20,S,14.5800,14.5100,14.5000,14.4900,14.4800,14.5900,14.6000,14.6100,14.6200,14.6500,199,41,106,239,94,10,21,318,300,18
SZ,002333,2017-01-03 09:42:51,14.5900,1,5836.0000,4,B,14.5800,14.5100,14.5000,14.4900,14.4800,14.5900,14.6000,14.6100,14.6200,14.6500,199,41,106,239,94,16,21,318,300,25
SZ,002333,2017-01-03 09:42:54,14.5800,3,304732.0000,209,S,14.5100,14.5000,14.4900,14.4800,14.4700,14.5800,14.5900,14.6000,14.6100,14.6200,41,106,239,94,16,1,6,21,318,300
SZ,002333,2017-01-03 09:45:24,14.5700,1,14570.0000,10,B,14.5200,14.5100,14.5000,14.4900,14.4800,14.5700,14.5800,14.5900,14.6000,14.6100,12,53,106,25,43,30,57,11,37,45
SZ,002333,2017-01-03 09:45:39,14.5700,1,13113.0000,9,B,14.5200,14.5100,14.5000,14.4900,14.4800,14.5700,14.5800,14.5900,14.6000,14.6100,12,53,106,25,43,21,57,11,27,45
SZ,002333,2017-01-03 09:45:45,14.5800,10,128273.0000,88,B,14.5800,14.5200,14.5100,14.5000,14.4900,14.5900,14.6000,14.6100,14.6200,14.6500,185,12,53,106,25,11,27,45,300,18
SZ,002333,2017-01-03 09:46:03,14.5900,2,16049.0000,11,B,14.5900,14.5800,14.5300,14.5200,14.5100,14.6000,14.6100,14.6200,14.6500,14.6600,14,185,2,12,15,27,45,300,32,43
SZ,002333,2017-01-03 09:46:12,14.6000,2,2920.0000,2,B,14.5900,14.5800,14.5300,14.5200,14.5100,14.6000,14.6100,14.6200,14.6500,14.6600,14,185,2,12,15,25,45,300,32,43
SZ,002333,2017-01-03 09:46:15,14.6000,2,17518.0000,12,B,14.5900,14.5800,14.5300,14.5200,14.5100,14.6000,14.6100,14.6200,14.6500,14.6600,12,185,2,10,15,15,45,300,32,43
SZ,002333,2017-01-03 09:46:18,14.6000,3,21900.0000,15,B,14.5900,14.5800,14.5300,14.5200,14.5100,14.6100,14.6200,14.6500,14.6600,14.6700,12,185,2,10,15,24,300,32,43,205
SZ,002333,2017-01-03 09:46:33,14.6100,1,2922.0000,2,B,14.6000,14.5900,14.5800,14.5300,14.5200,14.6100,14.6200,14.6500,14.6600,14.6700,5,12,185,2,10,22,300,18,43,205
SZ,002333,2017-01-03 09:46:39,14.6000,2,36500.0000,25,S,14.5900,14.5800,14.5300,14.5200,14.5100,14.6000,14.6100,14.6200,14.6500,14.6600,12,185,2,10,15,5,32,300,18,43
SZ,002333,2017-01-03 09:46:48,14.6000,1,2920.0000,2,B,14.5800,14.5300,14.5200,14.5100,14.5000,14.6000,14.6100,14.6200,14.6500,14.6600,185,12,10,15,91,3,32,300,8,43
SZ,002333,2017-01-03 09:47:39,14.6000,1,14600.0000,10,B,14.5900,14.5800,14.5300,14.5200,14.5100,14.6100,14.6200,14.6500,14.6600,14.6700,20,185,12,10,15,32,300,18,43,219
SZ,002333,2017-01-03 09:47:51,14.6000,1,8760.0000,6,S,14.5900,14.5800,14.5300,14.5200,14.5100,14.6100,14.6200,14.6500,14.6600,14.6700,20,185,12,10,15,32,300,18,43,219
SZ,002333,2017-01-03 09:48:12,14.5900,1,7295.0000,5,S,14.5900,14.5800,14.5300,14.5200,14.5100,14.6000,14.6100,14.6200,14.6500,14.6600,15,185,12,10,15,10,32,300,18,43
SZ,002333,2017-01-03 09:48:33,14.5900,3,21885.0000,15,S,14.5800,14.5300,14.5200,14.5100,14.5000,14.5900,14.6000,14.6100,14.6200,14.6500,185,12,10,15,91,90,10,32,300,18
SZ,002333,2017-01-03 09:48:42,14.5900,1,14590.0000,10,B,14.5800,14.5300,14.5200,14.5100,14.5000,14.5900,14.6000,14.6100,14.6200,14.6500,185,12,11,15,91,80,18,32,300,18
SZ,002333,2017-01-03 09:48:54,14.5900,1,7295.0000,5,B,14.5800,14.5300,14.5200,14.5100,14.5000,14.5900,14.6000,14.6100,14.6200,14.6500,185,2,11,15,79,80,18,32,300,18
SZ,002333,2017-01-03 09:49:00,14.5800,1,7290.0000,5,S,14.5800,14.5300,14.5200,14.5100,14.5000,14.5900,14.6000,14.6100,14.6200,14.6400,180,2,11,15,79,95,18,32,300,20
SZ,002333,2017-01-03 09:49:12,14.5800,1,27702.0000,19,S,14.5800,14.5300,14.5200,14.5100,14.5000,14.5900,14.6000,14.6100,14.6200,14.6400,161,2,11,15,84,95,18,32,300,20
SZ,002333,2017-01-03 09:49:15,14.6200,9,618073.0000,423,B,14.5800,14.5300,14.5200,14.5100,14.5000,14.6200,14.6400,14.6500,14.6600,14.6700,161,2,11,15,84,22,20,18,48,219
SZ,002333,2017-01-03 09:49:18,14.6200,4,32164.0000,22,B,14.5900,14.5800,14.5300,14.5200,14.5100,14.6400,14.6500,14.6600,14.6700,14.6800,29,161,2,11,15,20,18,48,219,26
SZ,002333,2017-01-03 09:49:30,14.5900,1,24803.0000,17,S,14.5900,14.5800,14.5300,14.5200,14.5100,14.6400,14.6500,14.6600,14.6700,14.6800,12,161,2,10,15,20,18,6,219,26
SZ,002333,2017-01-03 09:49:36,14.6400,1,8784.0000,6,B,14.5900,14.5800,14.5300,14.5200,14.5100,14.6400,14.6500,14.6600,14.6700,14.6800,12,161,2,10,15,14,18,6,219,26
SZ,002333,2017-01-03 09:49:51,14.6400,1,10248.0000,7,B,14.5900,14.5800,14.5300,14.5200,14.5100,14.6400,14.6500,14.6600,14.6700,14.6800,12,161,2,10,15,207,18,4,219,26
SZ,002333,2017-01-03 09:50:06,14.6400,1,2928.0000,2,B,14.6000,14.5900,14.5800,14.5300,14.5200,14.6400,14.6500,14.6600,14.6700,14.6800,10,12,161,2,10,205,18,4,219,26
SZ,002333,2017-01-03 09:50:12,14.6400,1,2928.0000,2,B,14.6000,14.5900,14.5800,14.5300,14.5200,14.6400,14.6500,14.6600,14.6700,14.6800,10,12,161,2,10,203,18,4,219,26
SZ,002333,2017-01-03 09:50:15,14.6400,1,2928.0000,2,B,14.6000,14.5900,14.5800,14.5300,14.5200,14.6400,14.6500,14.6600,14.6700,14.6800,10,12,161,2,10,201,20,4,219,26
SZ,002333,2017-01-03 09:50:33,14.6400,2,7320.0000,5,B,14.6000,14.5900,14.5800,14.5700,14.5300,14.6300,14.6400,14.6500,14.6600,14.6700,23,12,161,2,2,19,220,20,4,219
SZ,002333,2017-01-03 09:50:39,14.6000,1,14600.0000,10,S,14.6000,14.5900,14.5800,14.5700,14.5300,14.6300,14.6400,14.6500,14.6600,14.6700,13,12,161,2,2,19,225,20,4,219
SZ,002333,2017-01-03 09:50:42,14.6300,2,35112.0000,24,B,14.6000,14.5900,14.5800,14.5700,14.5300,14.6300,14.6400,14.6500,14.6600,14.6700,13,17,161,2,2,50,225,20,4,219
SZ,002333,2017-01-03 09:50:54,14.6200,1,1462.0000,1,B,14.6000,14.5900,14.5800,14.5700,14.5300,14.6200,14.6300,14.6400,14.6500,14.6600,13,17,161,2,2,38,50,29,20,14
SZ,002333,2017-01-03 09:51:03,14.6000,1,2920.0000,2,S,14.6000,14.5900,14.5800,14.5700,14.5300,14.6200,14.6300,14.6400,14.6500,14.6600,11,17,161,2,2,38,50,29,20,14
SZ,002333,2017-01-03 09:51:09,14.6200,1,8772.0000,6,B,14.6000,14.5900,14.5800,14.5700,14.5300,14.6200,14.6300,14.6400,14.6500,14.6600,11,17,161,2,2,32,50,29,20,14
SZ,002333,2017-01-03 09:51:24,14.6000,2,18980.0000,13,S,14.5900,14.5800,14.5700,14.5300,14.5200,14.6200,14.6400,14.6500,14.6600,14.6700,17,161,2,2,10,32,29,23,14,219
SZ,002333,2017-01-03 09:51:42,14.5900,3,35026.0000,24,S,14.5900,14.5800,14.5700,14.5300,14.5200,14.6200,14.6400,14.6500,14.6600,14.6700,3,161,2,2,10,32,29,23,14,222
SZ,002333,2017-01-03 09:52:00,14.5900,1,4377.0000,3,S,14.5800,14.5700,14.5300,14.5200,14.5100,14.5900,14.6200,14.6400,14.6500,14.6600,161,2,2,10,29,47,32,29,23,14
SZ,002333,2017-01-03 09:52:03,14.5900,1,4377.0000,3,B,14.5800,14.5700,14.5300,14.5200,14.5100,14.5900,14.6200,14.6400,14.6500,14.6600,161,2,2,10,29,44,32,29,23,14
SZ,002333,2017-01-03 09:52:15,14.5900,1,14590.0000,10,B,14.5800,14.5700,14.5300,14.5200,14.5100,14.5900,14.6200,14.6400,14.6500,14.6600,161,2,2,10,29,34,32,29,35,14
SZ,002333,2017-01-03 09:52:18,14.5800,1,233280.0000,160,S,14.5800,14.5700,14.5300,14.5200,14.5100,14.5900,14.6400,14.6500,14.6600,14.6700,1,2,2,10,29,34,29,35,14,208
SZ,002333,2017-01-03 09:52:45,14.5800,1,1458.0000,1,S,14.5700,14.5300,14.5200,14.5100,14.5000,14.5900,14.6400,14.6500,14.6600,14.6700,2,2,10,29,82,43,39,35,28,205
SZ,002333,2017-01-03 09:53:12,14.5800,1,14580.0000,10,B,14.5700,14.5300,14.5200,14.5100,14.5000,14.5800,14.5900,14.6300,14.6400,14.6500,12,2,10,29,103,570,43,21,39,35
SZ,002333,2017-01-03 09:53:21,14.5700,1,1457.0000,1,S,14.5700,14.5300,14.5200,14.5100,14.5000,14.5800,14.5900,14.6300,14.6400,14.6500,11,2,10,29,103,570,43,21,39,35
SZ,002333,2017-01-03 09:53:27,14.5700,2,2914.0000,2,S,14.5700,14.5300,14.5200,14.5100,14.5000,14.5800,14.5900,14.6300,14.6400,14.6500,9,2,10,29,103,570,43,21,39,35
SZ,002333,2017-01-03 09:53:33,14.5700,1,13113.0000,9,S,14.5300,14.5200,14.5100,14.5000,14.4900,14.5700,14.5800,14.5900,14.6300,14.6400,2,10,29,103,25,1,570,43,21,39
SZ,002333,2017-01-03 09:53:36,14.5800,2,14579.0000,10,B,14.5300,14.5200,14.5100,14.5000,14.4900,14.5800,14.5900,14.6300,14.6400,14.6500,2,10,29,103,25,561,43,21,39,35
SZ,002333,2017-01-03 09:54:03,14.5800,4,43723.0000,30,B,14.5300,14.5200,14.5100,14.5000,14.4900,14.5800,14.5900,14.6300,14.6400,14.6500,7,10,29,103,25,546,43,21,42,35
SZ,002333,2017-01-03 09:54:21,14.5300,3,13077.0000,9,S,14.5200,14.5100,14.5000,14.4900,14.4800,14.5300,14.5800,14.5900,14.6300,14.6400,10,29,103,25,40,1,546,43,21,42
SZ,002333,2017-01-03 09:54:42,14.5300,1,1453.0000,1,B,14.5300,14.5200,14.5100,14.5000,14.4900,14.5800,14.5900,14.6300,14.6400,14.6500,7,10,21,103,25,546,43,26,42,40
SZ,002333,2017-01-03 09:55:45,14.5300,4,145300.0000,100,S,14.5300,14.5200,14.5100,14.5000,14.4900,14.5800,14.5900,14.6300,14.6400,14.6500,9,18,21,103,25,546,43,26,42,40
SZ,002333,2017-01-03 09:56:09,14.5300,1,1453.0000,1,S,14.5300,14.5200,14.5100,14.5000,14.4900,14.5700,14.5800,14.5900,14.6000,14.6300,25,18,21,103,35,2,552,43,28,26
SZ,002333,2017-01-03 09:56:45,14.5200,5,62461.0000,43,S,14.5100,14.5000,14.4900,14.4800,14.4700,14.5200,14.5700,14.5800,14.5900,14.6000,24,103,25,42,11,17,2,552,43,28
SZ,002333,2017-01-03 09:56:57,14.5200,1,24684.0000,17,B,14.5200,14.5100,14.5000,14.4900,14.4800,14.5700,14.5800,14.5900,14.6000,14.6300,10,24,98,25,42,2,552,43,28,36
SZ,002333,2017-01-03 09:57:30,14.5400,1,1454.0000,1,S,14.5400,14.5300,14.5200,14.5100,14.5000,14.5700,14.5800,14.5900,14.6000,14.6300,67,38,11,25,98,2,552,43,28,36
SZ,002333,2017-01-03 09:57:57,14.5700,1,2914.0000,2,B,14.5500,14.5400,14.5300,14.5200,14.5100,14.5800,14.5900,14.6000,14.6100,14.6300,9,127,38,14,35,555,43,28,30,36
SZ,002333,2017-01-03 09:58:27,14.5700,1,29140.0000,20,S,14.5500,14.5400,14.5300,14.5200,14.5100,14.5700,14.5800,14.5900,14.6000,14.6100,9,127,38,14,35,480,555,43,28,30
SZ,002333,2017-01-03 09:59:12,14.5700,1,14570.0000,10,B,14.5500,14.5400,14.5200,14.5100,14.5000,14.5700,14.5800,14.5900,14.6000,14.6100,19,127,14,25,98,485,555,43,30,30
SZ,002333,2017-01-03 09:59:57,14.5700,1,53909.0000,37,B,14.5600,14.5500,14.5400,14.5200,14.5100,14.5700,14.5800,14.5900,14.6000,14.6100,67,112,60,21,25,455,555,43,30,30
SZ,002333,2017-01-03 10:00:15,14.5600,1,13104.0000,9,S,14.5600,14.5500,14.5400,14.5200,14.5100,14.5700,14.5800,14.5900,14.6000,14.6100,58,19,60,21,25,455,555,34,33,30
SZ,002333,2017-01-03 10:00:27,14.5700,1,135501.0000,93,B,14.5600,14.5500,14.5400,14.5200,14.5100,14.5700,14.5800,14.5900,14.6000,14.6100,58,19,60,21,25,362,556,34,33,35
SZ,002333,2017-01-03 10:00:51,14.5600,1,5824.0000,4,B,14.5500,14.5400,14.5200,14.5100,14.5000,14.5600,14.5700,14.5800,14.5900,14.6000,19,60,21,25,98,46,362,556,34,33
SZ,002333,2017-01-03 10:00:54,14.5500,3,14550.0000,10,S,14.5500,14.5400,14.5200,14.5100,14.5000,14.5600,14.5700,14.5800,14.5900,14.6000,75,60,21,25,98,46,362,556,34,33
SZ,002333,2017-01-03 10:01:12,14.5500,2,20370.0000,14,S,14.5500,14.5400,14.5200,14.5100,14.5000,14.5600,14.5700,14.5800,14.5900,14.6000,61,60,21,24,98,46,362,556,34,33
SZ,002333,2017-01-03 10:01:30,14.5500,1,66930.0000,46,S,14.5500,14.5400,14.5200,14.5100,14.5000,14.5700,14.5800,14.5900,14.6000,14.6100,18,60,11,24,98,362,556,34,33,30
SZ,002333,2017-01-03 10:01:33,14.5500,3,26190.0000,18,S,14.5400,14.5200,14.5100,14.5000,14.4900,14.5500,14.5700,14.5800,14.5900,14.6000,60,11,24,98,25,13,362,556,34,33
SZ,002333,2017-01-03 10:02:03,14.5400,1,2908.0000,2,S,14.5400,14.5200,14.5100,14.5000,14.4900,14.5500,14.5600,14.5700,14.5800,14.5900,58,11,24,98,25,27,100,340,561,34
SZ,002333,2017-01-03 10:02:45,14.5500,2,29100.0000,20,B,14.5200,14.5100,14.5000,14.4900,14.4800,14.5500,14.5600,14.5700,14.5800,14.5900,11,24,98,25,39,14,100,340,561,34
SZ,002333,2017-01-03 10:02:57,14.5400,1,1454.0000,1,B,14.5300,14.5200,14.5100,14.5000,14.4900,14.5400,14.5500,14.5600,14.5700,14.5800,1,4,24,98,25,199,14,100,340,561
SZ,002333,2017-01-03 10:03:30,14.5300,1,1453.0000,1,S,14.5200,14.5100,14.5000,14.4900,14.4800,14.5300,14.5400,14.5500,14.5600,14.5800,3,24,92,25,39,4,199,14,100,95
SZ,002333,2017-01-03 10:03:48,14.5200,1,1452.0000,1,S,14.5200,14.5100,14.5000,14.4900,14.4800,14.5300,14.5400,14.5500,14.5600,14.5800,2,24,92,25,39,11,199,19,100,95
SZ,002333,2017-01-03 10:04:06,14.5200,1,2904.0000,2,S,14.5100,14.5000,14.4900,14.4800,14.4700,14.5200,14.5300,14.5400,14.5500,14.5600,24,97,25,39,11,18,22,199,19,100
SZ,002333,2017-01-03 10:04:12,14.5200,1,1452.0000,1,B,14.5100,14.5000,14.4900,14.4800,14.4700,14.5200,14.5300,14.5400,14.5500,14.5600,26,97,25,39,11,17,27,199,19,100
SZ,002333,2017-01-03 10:04:18,14.5100,1,4353.0000,3,S,14.5100,14.5000,14.4900,14.4800,14.4700,14.5200,14.5300,14.5400,14.5500,14.5600,23,97,25,39,11,18,27,199,19,100
SZ,002333,2017-01-03 10:04:24,14.5200,1,7260.0000,5,B,14.5100,14.5000,14.4900,14.4800,14.4700,14.5200,14.5300,14.5400,14.5500,14.5600,23,97,25,39,11,13,27,199,19,100
SZ,002333,2017-01-03 10:04:33,14.5100,5,33373.0000,23,S,14.5000,14.4900,14.4800,14.4700,14.4500,14.5100,14.5200,14.5300,14.5400,14.5500,97,25,39,11,64,477,13,27,199,19
SZ,002333,2017-01-03 10:05:03,14.5000,1,29000.0000,20,S,14.5000,14.4900,14.4800,14.4700,14.4500,14.5100,14.5200,14.5300,14.5400,14.5500,47,25,37,11,64,477,12,27,199,19
SZ,002333,2017-01-03 10:05:18,14.5000,1,2900.0000,2,S,14.5000,14.4900,14.4800,14.4700,14.4500,14.5100,14.5200,14.5300,14.5400,14.5500,24,25,37,11,64,477,12,27,199,19
SZ,002333,2017-01-03 10:05:21,14.5000,2,14500.0000,10,S,14.5000,14.4900,14.4800,14.4700,14.4500,14.5100,14.5200,14.5300,14.5400,14.5500,14,25,37,11,64,477,12,27,199,19
SZ,002333,2017-01-03 10:05:30,14.5000,3,27550.0000,19,S,14.4900,14.4800,14.4700,14.4600,14.4500,14.5000,14.5100,14.5200,14.5300,14.5400,25,37,11,32,64,1,477,12,27,199
SZ,002333,2017-01-03 10:05:36,14.5100,2,7254.0000,5,B,14.4900,14.4800,14.4700,14.4600,14.4500,14.5100,14.5200,14.5300,14.5400,14.5500,25,58,11,32,64,473,12,27,199,12
SZ,002333,2017-01-03 10:05:39,14.5100,1,87060.0000,60,B,14.4900,14.4800,14.4700,14.4600,14.4500,14.5100,14.5200,14.5300,14.5400,14.5500,26,58,11,32,64,413,12,27,199,12
SZ,002333,2017-01-03 10:05:42,14.5100,1,87060.0000,60,B,14.4900,14.4800,14.4700,14.4600,14.4500,14.5100,14.5200,14.5300,14.5400,14.5500,26,58,11,32,64,353,12,27,199,12
SZ,002333,2017-01-03 10:05:45,14.5100,1,87060.0000,60,B,14.4900,14.4800,14.4700,14.4600,14.4500,14.5100,14.5200,14.5300,14.5400,14.5500,26,58,11,32,64,293,12,27,199,12
SZ,002333,2017-01-03 10:05:48,14.5100,1,87060.0000,60,B,14.4900,14.4800,14.4700,14.4600,14.4500,14.5100,14.5200,14.5300,14.5400,14.5500,26,58,11,32,64,233,12,27,199,12
SZ,002333,2017-01-03 10:05:51,14.4900,1,7245.0000,5,S,14.5000,14.4900,14.4800,14.4700,14.4600,14.5100,14.5200,14.5300,14.5400,14.5500,10,21,59,11,32,233,12,27,199,12
SZ,002333,2017-01-03 10:06:24,14.5100,1,14510.0000,10,B,14.5000,14.4900,14.4800,14.4700,14.4600,14.5100,14.5200,14.5300,14.5500,14.5800,37,66,59,11,32,723,12,27,7,89
SZ,002333,2017-01-03 10:06:27,14.5000,2,29000.0000,20,S,14.5000,14.4900,14.4800,14.4700,14.4600,14.5100,14.5200,14.5300,14.5500,14.5800,17,66,59,11,32,723,12,27,7,89
SZ,002333,2017-01-03 10:06:33,14.5000,1,2900.0000,2,S,14.5000,14.4900,14.4800,14.4700,14.4600,14.5100,14.5200,14.5300,14.5500,14.5800,15,66,59,11,32,723,12,27,7,89
SZ,002333,2017-01-03 10:06:36,14.5000,1,14500.0000,10,S,14.5000,14.4900,14.4800,14.4700,14.4600,14.5100,14.5200,14.5300,14.5500,14.5800,5,66,59,11,32,723,12,27,7,89
SZ,002333,2017-01-03 10:06:45,14.5100,2,43530.0000,30,B,14.5000,14.4900,14.4800,14.4700,14.4600,14.5100,14.5200,14.5300,14.5500,14.5800,6,66,59,11,32,693,12,27,7,89
SZ,002333,2017-01-03 10:06:54,14.5000,2,8700.0000,6,S,14.4900,14.4800,14.4700,14.4600,14.4500,14.5000,14.5100,14.5200,14.5300,14.5500,66,59,11,32,74,44,693,12,27,7
SZ,002333,2017-01-03 10:07:03,14.5000,1,11600.0000,8,B,14.4900,14.4800,14.4700,14.4600,14.4500,14.5000,14.5100,14.5200,14.5300,14.5500,66,59,11,42,74,46,693,12,27,7
SZ,002333,2017-01-03 10:07:06,14.5000,1,7250.0000,5,B,14.4900,14.4800,14.4700,14.4600,14.4500,14.5000,14.5100,14.5200,14.5300,14.5500,76,59,11,42,74,41,693,12,27,7
SZ,002333,2017-01-03 10:07:15,14.5000,1,4350.0000,3,B,14.4900,14.4800,14.4700,14.4600,14.4500,14.5000,14.5100,14.5200,14.5300,14.5500,76,69,11,42,74,38,693,12,27,7
SZ,002333,2017-01-03 10:07:21,14.5000,4,60900.0000,42,B,14.4900,14.4800,14.4700,14.4600,14.4500,14.5000,14.5100,14.5200,14.5300,14.5500,77,69,11,42,74,8,693,12,27,7
SZ,002333,2017-01-03 10:07:36,14.5000,1,5800.0000,4,B,14.4900,14.4800,14.4700,14.4600,14.4500,14.5000,14.5100,14.5200,14.5300,14.5500,77,69,11,42,74,4,693,12,27,7
SZ,002333,2017-01-03 10:07:54,14.4900,1,14490.0000,10,S,14.4900,14.4800,14.4700,14.4600,14.4500,14.5000,14.5100,14.5200,14.5300,14.5500,67,69,11,32,74,4,693,12,27,7
SZ,002333,2017-01-03 10:08:03,14.5000,1,5800.0000,4,B,14.5000,14.4900,14.4800,14.4700,14.4600,14.5100,14.5200,14.5300,14.5500,14.5800,1,67,69,11,32,693,12,27,7,89
SZ,002333,2017-01-03 10:08:12,14.5000,2,7250.0000,5,S,14.4900,14.4800,14.4700,14.4600,14.4500,14.5000,14.5100,14.5200,14.5300,14.5500,77,69,11,32,74,45,693,12,27,7
SZ,002333,2017-01-03 10:08:33,14.4900,5,53613.0000,37,S,14.4900,14.4800,14.4700,14.4600,14.4500,14.5000,14.5100,14.5200,14.5300,14.5500,30,69,11,32,74,845,693,12,27,7
SZ,002333,2017-01-03 10:08:57,14.5000,1,14500.0000,10,B,14.4900,14.4800,14.4700,14.4600,14.4500,14.5000,14.5100,14.5200,14.5300,14.5800,30,82,11,32,74,835,693,12,27,89
SZ,002333,2017-01-03 10:09:03,14.5000,2,17393.0000,12,B,14.4900,14.4800,14.4700,14.4600,14.4500,14.5000,14.5100,14.5200,14.5300,14.5800,24,82,11,32,74,830,693,12,27,89
SZ,002333,2017-01-03 10:09:12,14.4900,2,28980.0000,20,S,14.4900,14.4800,14.4700,14.4600,14.4500,14.5000,14.5100,14.5200,14.5300,14.5800,4,82,11,32,74,830,693,12,27,89
SZ,002333,2017-01-03 10:09:24,14.5000,2,5800.0000,4,B,14.4900,14.4800,14.4700,14.4600,14.4500,14.5000,14.5100,14.5200,14.5300,14.5800,5,82,11,32,74,826,693,12,27,89
SZ,002333,2017-01-03 10:09:39,14.5000,2,17400.0000,12,B,14.4900,14.4800,14.4700,14.4600,14.4500,14.5000,14.5100,14.5200,14.5300,14.5800,4,82,16,32,84,824,693,12,27,89
SZ,002333,2017-01-03 10:10:03,14.5000,2,43500.0000,30,B,14.4900,14.4800,14.4700,14.4600,14.4500,14.5000,14.5100,14.5200,14.5300,14.5800,6,81,16,32,84,794,693,12,27,89
SZ,002333,2017-01-03 10:10:24,14.5000,1,10150.0000,7,B,14.4900,14.4800,14.4700,14.4600,14.4500,14.5000,14.5100,14.5200,14.5300,14.5800,6,81,16,37,89,797,693,12,27,89
SZ,002333,2017-01-03 10:10:30,14.5000,1,29000.0000,20,B,14.4900,14.4800,14.4700,14.4600,14.4500,14.5000,14.5100,14.5200,14.5300,14.5800,6,81,16,37,101,782,693,12,27,89
SZ,002333,2017-01-03 10:10:42,14.5000,1,8700.0000,6,B,14.4900,14.4800,14.4700,14.4600,14.4500,14.5000,14.5100,14.5200,14.5300,14.5800,6,81,16,37,94,776,693,12,27,89
SZ,002333,2017-01-03 10:11:09,14.5000,2,4350.0000,3,B,14.4900,14.4800,14.4700,14.4600,14.4500,14.5000,14.5100,14.5200,14.5300,14.5800,13,98,16,37,94,773,693,12,27,89
SZ,002333,2017-01-03 10:11:27,14.5000,1,7250.0000,5,B,14.4900,14.4800,14.4700,14.4600,14.4500,14.5000,14.5100,14.5200,14.5300,14.5800,13,98,16,37,94,768,693,12,27,89
SZ,002333,2017-01-03 10:11:30,14.5000,1,37700.0000,26,B,14.4900,14.4800,14.4700,14.4600,14.4500,14.5000,14.5100,14.5200,14.5300,14.5800,13,98,16,37,94,742,693,12,27,89
SZ,002333,2017-01-03 10:11:45,14.5000,2,182700.0000,126,B,14.4900,14.4800,14.4700,14.4600,14.4500,14.5000,14.5100,14.5200,14.5300,14.5800,13,398,23,37,94,636,693,12,27,89
SZ,002333,2017-01-03 10:12:18,14.5000,1,53650.0000,37,B,14.4900,14.4800,14.4700,14.4600,14.4500,14.5000,14.5200,14.5300,14.5800,14.5900,13,403,23,37,89,1099,12,12,89,34
SZ,002333,2017-01-03 10:12:24,14.5000,1,14500.0000,10,B,14.4900,14.4800,14.4700,14.4600,14.4500,14.5000,14.5200,14.5300,14.5800,14.5900,13,403,23,37,89,1089,12,12,89,34
SZ,002333,2017-01-03 10:12:30,14.4900,6,91337.0000,63,S,14.4800,14.4700,14.4600,14.4500,14.4400,14.5000,14.5200,14.5300,14.5800,14.5900,403,23,37,89,25,1039,12,12,89,34
SZ,002333,2017-01-03 10:12:33,14.5000,1,174000.0000,120,B,14.4800,14.4700,14.4600,14.4500,14.4400,14.4900,14.5000,14.5200,14.5300,14.5800,403,23,37,89,25,11,919,12,12,89
SZ,002333,2017-01-03 10:12:45,14.4900,1,4347.0000,3,B,14.4800,14.4700,14.4600,14.4500,14.4400,14.4900,14.5000,14.5200,14.5300,14.5800,403,23,37,89,25,12,919,12,12,89
SZ,002333,2017-01-03 10:12:48,14.5000,3,20288.0000,14,B,14.4800,14.4700,14.4600,14.4500,14.4400,14.5000,14.5200,14.5300,14.5800,14.5900,403,23,37,89,25,917,12,12,89,34
SZ,002333,2017-01-03 10:12:51,14.5000,11,595150.0000,411,B,14.4800,14.4700,14.4600,14.4500,14.4400,14.5000,14.5200,14.5300,14.5800,14.5900,3,23,37,89,25,906,12,12,89,34
SZ,002333,2017-01-03 10:13:06,14.5000,1,5800.0000,4,B,14.4900,14.4800,14.4700,14.4600,14.4500,14.5000,14.5200,14.5300,14.5800,14.5900,5,3,23,37,89,902,12,12,89,34
SZ,002333,2017-01-03 10:13:36,14.5000,1,29000.0000,20,B,14.4900,14.4800,14.4700,14.4600,14.4500,14.5000,14.5200,14.5300,14.5800,14.5900,5,12,134,37,89,882,12,12,123,34
SZ,002333,2017-01-03 10:13:45,14.5000,1,8700.0000,6,B,14.4900,14.4800,14.4700,14.4600,14.4500,14.5000,14.5200,14.5300,14.5800,14.5900,5,17,134,37,89,866,12,12,123,34
SZ,002333,2017-01-03 10:13:54,14.5000,1,14500.0000,10,B,14.4900,14.4800,14.4700,14.4600,14.4500,14.5000,14.5200,14.5300,14.5800,14.5900,5,27,134,37,89,856,12,12,123,34
SZ,002333,2017-01-03 10:13:57,14.4900,2,10143.0000,7,S,14.4800,14.4700,14.4600,14.4500,14.4400,14.4900,14.5000,14.5200,14.5300,14.5800,27,134,37,83,25,3,856,12,12,123
SZ,002333,2017-01-03 10:14:06,14.4900,1,1449.0000,1,B,14.4800,14.4700,14.4600,14.4500,14.4400,14.4900,14.5000,14.5100,14.5200,14.5300,27,134,37,83,25,9,856,3,12,12
SZ,002333,2017-01-03 10:14:33,14.4800,3,14480.0000,10,S,14.4800,14.4700,14.4600,14.4500,14.4400,14.4900,14.5000,14.5100,14.5200,14.5300,13,134,37,83,25,9,851,3,12,12
SZ,002333,2017-01-03 10:14:42,14.4900,1,1449.0000,1,B,14.4800,14.4700,14.4600,14.4500,14.4400,14.4900,14.5000,14.5100,14.5200,14.5300,39,124,37,73,25,8,831,3,12,12
SZ,002333,2017-01-03 10:14:54,14.4900,2,2898.0000,2,B,14.4800,14.4700,14.4600,14.4500,14.4400,14.4900,14.5000,14.5100,14.5200,14.5300,37,124,37,73,25,6,841,3,12,12
SZ,002333,2017-01-03 10:15:27,14.4900,2,28980.0000,20,B,14.4800,14.4700,14.4600,14.4500,14.4400,14.4900,14.5000,14.5200,14.5300,14.5800,49,124,37,73,25,4,844,12,12,123
SZ,002333,2017-01-03 10:16:18,14.4900,2,10143.0000,7,B,14.4900,14.4800,14.4700,14.4600,14.4500,14.5000,14.5200,14.5300,14.5800,14.5900,13,39,124,37,73,849,12,12,123,34
SZ,002333,2017-01-03 10:16:51,14.5000,1,7250.0000,5,B,14.4900,14.4800,14.4700,14.4600,14.4500,14.5000,14.5200,14.5300,14.5800,14.5900,247,38,124,37,70,854,12,12,123,34
SZ,002333,2017-01-03 10:16:54,14.5000,1,1450.0000,1,B,14.4900,14.4800,14.4700,14.4600,14.4500,14.5000,14.5200,14.5300,14.5800,14.5900,247,48,124,37,70,853,12,12,123,34
SZ,002333,2017-01-03 10:17:18,14.5000,2,200100.0000,138,B,14.4900,14.4800,14.4700,14.4600,14.4500,14.5000,14.5100,14.5200,14.5300,14.5800,267,48,124,37,70,769,2,12,12,123
SZ,002333,2017-01-03 10:17:48,14.5000,1,2900.0000,2,B,14.4900,14.4800,14.4700,14.4600,14.4500,14.5000,14.5100,14.5200,14.5300,14.5800,267,70,124,37,70,767,2,12,12,123
SZ,002333,2017-01-03 10:18:12,14.5000,1,21750.0000,15,B,14.4900,14.4800,14.4700,14.4600,14.4500,14.5000,14.5100,14.5200,14.5300,14.5800,297,70,124,37,70,767,2,12,12,123
SZ,002333,2017-01-03 10:18:18,14.5000,1,4350.0000,3,B,14.4900,14.4800,14.4700,14.4600,14.4500,14.5000,14.5100,14.5200,14.5300,14.5800,297,70,124,37,70,764,2,12,12,123
SZ,002333,2017-01-03 10:18:42,14.5000,2,49300.0000,34,B,14.4900,14.4800,14.4700,14.4600,14.4500,14.5000,14.5100,14.5200,14.5300,14.5800,297,70,124,37,70,730,2,12,12,123
SZ,002333,2017-01-03 10:18:45,14.5000,1,29000.0000,20,B,14.4900,14.4800,14.4700,14.4600,14.4500,14.5000,14.5100,14.5200,14.5300,14.5800,297,70,124,37,70,710,2,12,12,123
SZ,002333,2017-01-03 10:19:03,14.5000,1,2900.0000,2,B,14.4900,14.4800,14.4700,14.4600,14.4500,14.5000,14.5100,14.5200,14.5300,14.5800,317,70,124,37,70,708,2,12,12,123
SZ,002333,2017-01-03 10:19:18,14.5000,1,7250.0000,5,B,14.4900,14.4800,14.4700,14.4600,14.4500,14.5000,14.5100,14.5200,14.5300,14.5800,319,70,124,37,70,703,2,12,12,123
SZ,002333,2017-01-03 10:19:39,14.5000,1,72500.0000,50,B,14.4900,14.4800,14.4700,14.4600,14.4500,14.5000,14.5100,14.5200,14.5300,14.5800,321,76,124,37,70,653,2,12,5,123
SZ,002333,2017-01-03 10:19:42,14.5000,2,21750.0000,15,B,14.4900,14.4800,14.4700,14.4600,14.4500,14.5000,14.5100,14.5200,14.5300,14.5800,324,76,124,37,70,638,2,12,5,123
SZ,002333,2017-01-03 10:19:48,14.5000,4,57970.0000,40,B,14.4900,14.4800,14.4700,14.4600,14.4500,14.5000,14.5100,14.5200,14.5300,14.5800,294,76,124,37,70,635,2,12,5,123
SZ,002333,2017-01-03 10:19:51,14.4900,1,7245.0000,5,S,14.4900,14.4800,14.4700,14.4600,14.4500,14.5000,14.5100,14.5200,14.5300,14.5800,294,76,23,37,70,635,2,12,5,123
SZ,002333,2017-01-03 10:19:54,14.5000,2,17390.0000,12,B,14.4900,14.4800,14.4700,14.4600,14.4500,14.5000,14.5100,14.5200,14.5300,14.5800,282,76,23,37,70,633,2,12,5,123
SZ,002333,2017-01-03 10:20:12,14.5000,1,14500.0000,10,B,14.4900,14.4800,14.4700,14.4600,14.4500,14.5000,14.5100,14.5200,14.5300,14.5800,282,79,23,37,70,1323,2,12,5,123
SZ,002333,2017-01-03 10:20:54,14.5000,1,1450.0000,1,B,14.4900,14.4800,14.4700,14.4600,14.4500,14.5000,14.5100,14.5200,14.5300,14.5800,283,79,23,138,70,1317,2,12,5,123
SZ,002333,2017-01-03 10:21:03,14.4900,1,7245.0000,5,S,14.4900,14.4800,14.4700,14.4600,14.4500,14.5000,14.5100,14.5200,14.5300,14.5800,278,79,23,138,70,1317,2,12,5,123
SZ,002333,2017-01-03 10:21:06,14.5000,1,1450.0000,1,B,14.4900,14.4800,14.4700,14.4600,14.4500,14.5000,14.5100,14.5200,14.5300,14.5800,278,79,23,138,70,1316,2,12,5,123
SZ,002333,2017-01-03 10:21:12,14.5000,2,14500.0000,10,B,14.4900,14.4800,14.4700,14.4600,14.4500,14.5000,14.5100,14.5200,14.5300,14.5800,278,79,23,138,70,1306,2,12,5,123
SZ,002333,2017-01-03 10:21:42,14.5000,1,1450.0000,1,B,14.4900,14.4800,14.4700,14.4600,14.4500,14.5000,14.5100,14.5200,14.5300,14.5800,278,79,23,138,70,1305,2,12,5,120
SZ,002333,2017-01-03 10:22:09,14.4900,1,1449.0000,1,S,14.4900,14.4800,14.4700,14.4600,14.4500,14.5000,14.5100,14.5200,14.5300,14.5800,283,79,23,37,70,1310,2,12,5,120
SZ,002333,2017-01-03 10:22:15,14.5000,2,34800.0000,24,B,14.4900,14.4800,14.4700,14.4600,14.4500,14.5000,14.5100,14.5200,14.5300,14.5800,283,79,23,37,70,1286,2,12,5,120
SZ,002333,2017-01-03 10:22:18,14.5000,1,23200.0000,16,B,14.4900,14.4800,14.4700,14.4600,14.4500,14.5000,14.5100,14.5200,14.5300,14.5800,283,79,23,37,70,1270,2,12,5,120
SZ,002333,2017-01-03 10:22:27,14.5000,1,145000.0000,100,B,14.4900,14.4800,14.4700,14.4600,14.4500,14.5000,14.5100,14.5200,14.5300,14.5800,283,79,23,37,70,1170,2,12,5,120
SZ,002333,2017-01-03 10:22:39,14.5000,1,8700.0000,6,B,14.4900,14.4800,14.4700,14.4600,14.4500,14.5000,14.5100,14.5200,14.5300,14.5800,273,79,23,37,70,1164,2,12,5,120
SZ,002333,2017-01-03 10:23:12,14.5000,1,10150.0000,7,B,14.4900,14.4800,14.4700,14.4600,14.4500,14.5000,14.5100,14.5200,14.5300,14.5800,273,79,21,37,70,1103,2,12,5,120
SZ,002333,2017-01-03 10:23:51,14.5000,1,5800.0000,4,B,14.4900,14.4800,14.4700,14.4600,14.4500,14.5000,14.5100,14.5200,14.5300,14.5800,253,100,21,37,76,1094,2,12,5,120
SZ,002333,2017-01-03 10:23:57,14.4900,1,5796.0000,4,S,14.4900,14.4800,14.4700,14.4600,14.4500,14.5000,14.5100,14.5200,14.5300,14.5800,249,100,21,37,76,1094,2,12,5,120
SZ,002333,2017-01-03 10:24:09,14.4900,1,10143.0000,7,S,14.4900,14.4800,14.4700,14.4600,14.4500,14.5000,14.5100,14.5200,14.5300,14.5800,244,100,21,37,76,1094,2,12,5,120
SZ,002333,2017-01-03 10:24:33,14.4900,1,28980.0000,20,S,14.4900,14.4800,14.4700,14.4600,14.4500,14.5000,14.5100,14.5200,14.5300,14.5800,244,100,21,37,86,1094,2,12,5,120
SZ,002333,2017-01-03 10:25:15,14.4900,1,78246.0000,54,S,14.4900,14.4800,14.4700,14.4600,14.4500,14.5000,14.5100,14.5200,14.5300,14.5800,233,100,21,37,86,1594,2,12,5,120
SZ,002333,2017-01-03 10:25:51,14.5000,2,8700.0000,6,B,14.4900,14.4800,14.4700,14.4600,14.4500,14.5000,14.5100,14.5200,14.5300,14.5800,233,100,21,40,86,1578,2,12,5,40
SZ,002333,2017-01-03 10:25:54,14.4900,2,17395.0000,12,S,14.4900,14.4800,14.4700,14.4600,14.4500,14.5000,14.5100,14.5200,14.5300,14.5800,223,100,21,40,86,1571,2,12,5,40
SZ,002333,2017-01-03 10:25:57,14.4900,12,289800.0000,200,S,14.4900,14.4800,14.4700,14.4600,14.4500,14.5000,14.5100,14.5200,14.5300,14.5800,23,100,21,40,86,1571,2,12,5,40
SZ,002333,2017-01-03 10:26:09,14.4900,1,14490.0000,10,S,14.4900,14.4800,14.4700,14.4600,14.4500,14.5000,14.5100,14.5200,14.5300,14.5800,18,100,21,40,86,1603,2,12,5,40
SZ,002333,2017-01-03 10:26:45,14.5000,1,1450.0000,1,B,14.4900,14.4800,14.4700,14.4600,14.4500,14.5000,14.5100,14.5200,14.5300,14.5800,18,100,21,40,86,1602,2,12,5,40
SZ,002333,2017-01-03 10:26:48,14.5000,1,72500.0000,50,B,14.4900,14.4800,14.4700,14.4600,14.4500,14.5000,14.5100,14.5200,14.5300,14.5800,18,100,21,40,86,1552,2,12,5,40
SZ,002333,2017-01-03 10:26:54,14.5000,1,72500.0000,50,B,14.4900,14.4800,14.4700,14.4600,14.4500,14.5000,14.5100,14.5200,14.5300,14.5800,18,100,21,40,86,1502,2,12,5,40
SZ,002333,2017-01-03 10:27:09,14.4900,1,14490.0000,10,S,14.4900,14.4800,14.4700,14.4600,14.4500,14.5000,14.5100,14.5200,14.5300,14.5800,8,100,21,40,86,1502,2,12,5,40
SZ,002333,2017-01-03 10:27:27,14.5000,1,4350.0000,3,B,14.4900,14.4800,14.4700,14.4600,14.4500,14.5000,14.5100,14.5200,14.5300,14.5800,8,100,21,40,86,1499,2,12,5,40
SZ,002333,2017-01-03 10:27:42,14.5000,1,1450.0000,1,B,14.4900,14.4800,14.4700,14.4600,14.4500,14.5000,14.5100,14.5200,14.5300,14.5800,13,100,21,40,86,1498,2,12,5,40
SZ,002333,2017-01-03 10:28:27,14.4900,1,1449.0000,1,S,14.4900,14.4800,14.4700,14.4600,14.4500,14.5000,14.5100,14.5200,14.5300,14.5800,37,100,18,35,86,1498,2,12,5,40
SZ,002333,2017-01-03 10:28:42,14.5000,1,1450.0000,1,B,14.4900,14.4800,14.4700,14.4600,14.4500,14.5000,14.5100,14.5200,14.5300,14.5800,61,100,18,35,86,1499,2,12,5,40
SZ,002333,2017-01-03 10:28:48,14.4900,7,57960.0000,40,S,14.4900,14.4800,14.4700,14.4600,14.4500,14.5000,14.5100,14.5200,14.5300,14.5800,34,100,18,35,86,1500,2,12,5,40
SZ,002333,2017-01-03 10:29:33,14.5000,1,1450.0000,1,B,14.4900,14.4800,14.4700,14.4600,14.4500,14.5000,14.5100,14.5200,14.5300,14.5800,69,116,18,35,86,1499,2,12,5,40
SZ,002333,2017-01-03 10:29:42,14.5000,1,1450.0000,1,B,14.4900,14.4800,14.4700,14.4600,14.4500,14.5000,14.5100,14.5200,14.5300,14.5800,69,100,18,35,86,1498,2,12,5,40
SZ,002333,2017-01-03 10:29:51,14.4900,6,124614.0000,86,S,14.4900,14.4800,14.4700,14.4600,14.4500,14.5000,14.5100,14.5200,14.5300,14.5800,10,100,18,35,86,1498,2,12,5,40
SZ,002333,2017-01-03 10:29:57,14.5000,1,145000.0000,100,B,14.4900,14.4800,14.4700,14.4600,14.4500,14.5000,14.5100,14.5200,14.5300,14.5500,10,100,18,35,86,1398,2,12,5,5
SZ,002333,2017-01-03 10:30:00,14.4900,1,5796.0000,4,S,14.4900,14.4800,14.4700,14.4600,14.4500,14.5000,14.5100,14.5200,14.5300,14.5500,6,100,18,35,86,1407,2,12,5,5
SZ,002333,2017-01-03 10:30:18,14.5000,1,60900.0000,42,B,14.4900,14.4800,14.4700,14.4600,14.4500,14.5000,14.5100,14.5200,14.5300,14.5500,65,100,18,35,86,1372,2,12,5,5
SZ,002333,2017-01-03 10:30:27,14.5000,2,26100.0000,18,B,14.4900,14.4800,14.4700,14.4600,14.4500,14.5000,14.5100,14.5200,14.5300,14.5500,65,100,18,35,86,1354,2,12,5,5
SZ,002333,2017-01-03 10:30:30,14.4900,1,4347.0000,3,S,14.4900,14.4800,14.4700,14.4600,14.4500,14.5000,14.5100,14.5200,14.5300,14.5500,62,100,18,35,86,1354,2,12,5,5
SZ,002333,2017-01-03 10:30:33,14.5000,1,2900.0000,2,B,14.4900,14.4800,14.4700,14.4600,14.4500,14.5000,14.5100,14.5200,14.5300,14.5500,62,100,18,35,86,1352,2,12,5,5
SZ,002333,2017-01-03 10:30:42,14.5000,1,1450.0000,1,B,14.4900,14.4800,14.4700,14.4600,14.4500,14.5000,14.5100,14.5200,14.5300,14.5500,87,100,18,35,86,1351,2,12,5,5
SZ,002333,2017-01-03 10:30:48,14.5000,1,29000.0000,20,B,14.4900,14.4800,14.4700,14.4600,14.4500,14.5000,14.5100,14.5200,14.5300,14.5500,87,100,18,35,86,1331,2,12,5,5
SZ,002333,2017-01-03 10:31:03,14.4900,2,5796.0000,4,S,14.4900,14.4800,14.4700,14.4600,14.4500,14.5000,14.5100,14.5200,14.5300,14.5500,93,98,18,35,86,1331,2,12,5,5
SZ,002333,2017-01-03 10:31:06,14.5000,4,75400.0000,52,B,14.4900,14.4800,14.4700,14.4600,14.4500,14.5000,14.5100,14.5200,14.5300,14.5500,93,98,18,35,86,1279,2,12,5,5
SZ,002333,2017-01-03 10:31:12,14.5000,2,14500.0000,10,B,14.4900,14.4800,14.4700,14.4600,14.4500,14.5000,14.5100,14.5200,14.5300,14.5500,93,98,18,35,86,1269,2,12,5,5
SZ,002333,2017-01-03 10:31:42,14.5000,2,14500.0000,10,B,14.4900,14.4800,14.4700,14.4600,14.4500,14.5000,14.5100,14.5200,14.5300,14.5500,105,98,18,35,76,1265,2,12,5,5
SZ,002333,2017-01-03 10:31:45,14.5000,2,5800.0000,4,B,14.4900,14.4800,14.4700,14.4600,14.4500,14.5000,14.5100,14.5200,14.5300,14.5500,105,98,18,35,76,1261,2,12,5,5
SZ,002333,2017-01-03 10:31:54,14.4900,1,1449.0000,1,S,14.4900,14.4800,14.4700,14.4600,14.4500,14.5000,14.5100,14.5200,14.5300,14.5500,104,98,18,35,76,1261,2,12,5,5
SZ,002333,2017-01-03 10:31:57,14.5000,1,43500.0000,30,B,14.4900,14.4800,14.4700,14.4600,14.4500,14.5000,14.5100,14.5200,14.5300,14.5500,104,84,18,35,76,1231,2,12,5,5
SZ,002333,2017-01-03 10:32:06,14.5000,1,33350.0000,23,B,14.4900,14.4800,14.4700,14.4600,14.4500,14.5000,14.5100,14.5200,14.5300,14.5500,108,94,18,35,76,1208,2,12,5,5
SZ,002333,2017-01-03 10:32:09,14.5000,1,43500.0000,30,B,14.4900,14.4800,14.4700,14.4600,14.4500,14.5000,14.5100,14.5200,14.5300,14.5500,196,94,18,35,76,1178,2,12,5,5
SZ,002333,2017-01-03 10:32:18,14.5000,4,1377500.0000,950,B,14.4900,14.4800,14.4700,14.4600,14.4500,14.5000,14.5100,14.5200,14.5300,14.5500,196,94,18,35,76,228,2,12,5,5
SZ,002333,2017-01-03 10:32:24,14.5000,1,34800.0000,24,B,14.4900,14.4800,14.4700,14.4600,14.4500,14.5000,14.5100,14.5200,14.5300,14.5500,196,94,18,35,76,204,2,12,5,5
SZ,002333,2017-01-03 10:32:27,14.5000,1,43500.0000,30,B,14.4900,14.4800,14.4700,14.4600,14.4500,14.5000,14.5100,14.5200,14.5300,14.5500,196,94,18,35,76,174,2,12,5,5
SZ,002333,2017-01-03 10:32:30,14.5000,1,72500.0000,50,B,14.4900,14.4800,14.4700,14.4600,14.4500,14.5000,14.5100,14.5200,14.5300,14.5500,192,94,18,35,76,124,2,12,5,5
SZ,002333,2017-01-03 10:32:33,14.5000,4,123250.0000,85,B,14.4900,14.4800,14.4700,14.4600,14.4500,14.5000,14.5100,14.5200,14.5300,14.5500,192,94,18,35,76,39,2,12,5,5
SZ,002333,2017-01-03 10:32:36,14.5000,4,36250.0000,25,B,14.4900,14.4800,14.4700,14.4600,14.4500,14.5000,14.5100,14.5200,14.5300,14.5500,192,94,18,35,76,14,2,12,5,5
SZ,002333,2017-01-03 10:32:39,14.5000,2,20300.0000,14,B,14.5000,14.4900,14.4800,14.4700,14.4600,14.5100,14.5200,14.5300,14.5500,14.5800,36,192,94,18,35,2,12,5,5,40
SZ,002333,2017-01-03 10:32:45,14.5100,1,1451.0000,1,B,14.5000,14.4900,14.4800,14.4700,14.4600,14.5100,14.5200,14.5300,14.5500,14.5800,105,192,94,18,35,1,12,5,5,40
SZ,002333,2017-01-03 10:32:51,14.5100,1,1451.0000,1,B,14.5100,14.5000,14.4900,14.4800,14.4700,14.5200,14.5300,14.5500,14.5800,14.5900,54,105,200,94,18,12,5,5,40,54
SZ,002333,2017-01-03 10:33:03,14.5200,1,10164.0000,7,B,14.5100,14.5000,14.4900,14.4800,14.4700,14.5200,14.5300,14.5500,14.5800,14.5900,124,106,190,94,18,5,5,5,40,54
SZ,002333,2017-01-03 10:33:09,14.5100,1,2902.0000,2,S,14.5100,14.5000,14.4900,14.4800,14.4700,14.5200,14.5300,14.5500,14.5800,14.5900,122,106,154,94,18,5,5,5,40,54
SZ,002333,2017-01-03 10:33:12,14.5200,1,7260.0000,5,B,14.5200,14.5100,14.5000,14.4900,14.4800,14.5300,14.5500,14.5800,14.5900,14.6000,5,122,110,154,94,5,5,40,54,139
SZ,002333,2017-01-03 10:33:27,14.5300,1,7265.0000,5,B,14.5300,14.5200,14.5100,14.5000,14.4900,14.5500,14.5800,14.5900,14.6000,14.6100,8,5,122,82,150,5,40,54,139,40
SZ,002333,2017-01-03 10:33:42,14.5500,3,18915.0000,13,B,14.5300,14.5200,14.5100,14.5000,14.4900,14.5500,14.5800,14.5900,14.6000,14.6100,18,5,102,82,148,22,40,54,139,40
SZ,002333,2017-01-03 10:33:51,14.5500,2,18915.0000,13,B,14.5300,14.5200,14.5100,14.5000,14.4900,14.5500,14.5800,14.5900,14.6000,14.6100,18,5,102,82,148,9,40,54,139,40
SZ,002333,2017-01-03 10:34:06,14.5500,1,13095.0000,9,B,14.5500,14.5300,14.5200,14.5100,14.5000,14.5800,14.5900,14.6000,14.6100,14.6200,41,18,5,102,46,40,54,139,40,18
SZ,002333,2017-01-03 10:34:45,14.5800,1,1458.0000,1,B,14.5500,14.5300,14.5200,14.5100,14.5000,14.5800,14.5900,14.6000,14.6100,14.6200,103,22,200,102,57,39,54,139,40,18
SZ,002333,2017-01-03 10:35:12,14.5500,1,1455.0000,1,S,14.5500,14.5300,14.5200,14.5100,14.5000,14.5700,14.5800,14.5900,14.6000,14.6100,106,22,200,102,57,30,48,54,144,40
SZ,002333,2017-01-03 10:35:18,14.5700,1,7285.0000,5,B,14.5500,14.5300,14.5200,14.5100,14.5000,14.5700,14.5800,14.5900,14.6000,14.6100,106,22,200,102,78,25,48,69,144,40
SZ,002333,2017-01-03 10:35:45,14.5700,1,1457.0000,1,B,14.5500,14.5300,14.5200,14.5100,14.5000,14.5700,14.5800,14.5900,14.6000,14.6100,106,22,200,102,78,32,58,69,149,40
SZ,002333,2017-01-03 10:36:15,14.5600,1,4368.0000,3,S,14.5600,14.5500,14.5300,14.5200,14.5100,14.5700,14.5800,14.5900,14.6000,14.6100,22,106,22,200,50,32,58,54,149,40
SZ,002333,2017-01-03 10:36:45,14.5700,1,1457.0000,1,B,14.5600,14.5500,14.5300,14.5200,14.5100,14.5700,14.5800,14.5900,14.6000,14.6100,22,107,62,200,50,46,58,54,149,40
SZ,002333,2017-01-03 10:37:03,14.5700,5,96162.0000,66,B,14.5700,14.5600,14.5500,14.5300,14.5200,14.5800,14.5900,14.6000,14.6100,14.6200,101,22,107,62,200,48,54,149,40,18
SZ,002333,2017-01-03 10:37:06,14.5700,1,145700.0000,100,S,14.5700,14.5600,14.5500,14.5300,14.5200,14.5800,14.5900,14.6000,14.6100,14.6200,1,17,107,62,200,48,54,149,40,18
SZ,002333,2017-01-03 10:37:51,14.5800,2,43740.0000,30,B,14.5700,14.5600,14.5500,14.5300,14.5200,14.5800,14.5900,14.6000,14.6100,14.6200,1,53,114,97,200,28,54,149,40,18
SZ,002333,2017-01-03 10:38:18,14.5800,1,1458.0000,1,B,14.5700,14.5600,14.5500,14.5300,14.5200,14.5800,14.5900,14.6000,14.6100,14.6200,9,17,83,97,200,37,54,149,10,18
SZ,002333,2017-01-03 10:38:39,14.5800,1,2916.0000,2,B,14.5700,14.5600,14.5500,14.5300,14.5100,14.5800,14.5900,14.6000,14.6100,14.6200,9,17,83,97,50,35,54,149,10,18
SZ,002333,2017-01-03 10:39:06,14.5800,1,2916.0000,2,B,14.5700,14.5600,14.5500,14.5300,14.5100,14.5800,14.5900,14.6000,14.6100,14.6200,9,17,83,97,50,72,54,149,10,18
SZ,002333,2017-01-03 10:39:12,14.5800,1,1458.0000,1,B,14.5700,14.5600,14.5500,14.5300,14.5100,14.5800,14.5900,14.6000,14.6100,14.6200,9,17,83,97,50,71,54,149,10,18
SZ,002333,2017-01-03 10:40:06,14.5700,2,13113.0000,9,S,14.5600,14.5500,14.5300,14.5100,14.5000,14.5700,14.5800,14.5900,14.6000,14.6100,17,83,97,50,38,18,76,61,149,10
SZ,002333,2017-01-03 10:40:12,14.5700,1,1457.0000,1,B,14.5600,14.5500,14.5300,14.5100,14.5000,14.5700,14.5800,14.5900,14.6000,14.6100,17,83,97,50,38,17,76,61,149,10
SZ,002333,2017-01-03 10:40:24,14.5700,1,24769.0000,17,B,14.5700,14.5600,14.5500,14.5300,14.5100,14.5800,14.5900,14.6000,14.6100,14.6200,9,17,83,97,50,76,61,149,10,18
SZ,002333,2017-01-03 10:40:30,14.5700,1,13113.0000,9,S,14.5600,14.5500,14.5300,14.5100,14.5000,14.5700,14.5800,14.5900,14.6000,14.6100,17,83,97,50,38,41,76,61,149,10
SZ,002333,2017-01-03 10:40:57,14.5700,1,59737.0000,41,B,14.5700,14.5600,14.5500,14.5300,14.5100,14.5800,14.5900,14.6000,14.6100,14.6200,39,17,83,97,50,76,61,154,10,18
SZ,002333,2017-01-03 10:41:12,14.5800,1,1458.0000,1,B,14.5700,14.5600,14.5500,14.5300,14.5100,14.5800,14.5900,14.6000,14.6100,14.6200,39,17,83,97,50,75,61,154,10,18
SZ,002333,2017-01-03 10:41:27,14.5700,1,56823.0000,39,S,14.5600,14.5500,14.5300,14.5100,14.5000,14.5700,14.5800,14.5900,14.6000,14.6100,17,83,97,60,38,61,38,61,154,10
SZ,002333,2017-01-03 10:41:39,14.5700,1,14570.0000,10,B,14.5600,14.5500,14.5300,14.5100,14.5000,14.5700,14.5800,14.5900,14.6000,14.6100,17,63,97,60,38,51,38,61,154,10
SZ,002333,2017-01-03 10:41:48,14.5700,1,29140.0000,20,B,14.5600,14.5500,14.5300,14.5100,14.5000,14.5700,14.5800,14.5900,14.6000,14.6100,17,63,97,60,38,31,38,61,154,10
SZ,002333,2017-01-03 10:42:12,14.5700,1,1457.0000,1,B,14.5600,14.5500,14.5300,14.5100,14.5000,14.5700,14.5800,14.5900,14.6000,14.6100,47,63,97,60,42,30,38,61,154,10
SZ,002333,2017-01-03 10:42:30,14.5700,1,4371.0000,3,B,14.5600,14.5500,14.5300,14.5100,14.5000,14.5700,14.5800,14.5900,14.6000,14.6100,57,63,97,60,52,27,38,61,154,10
SZ,002333,2017-01-03 10:42:33,14.5700,1,29140.0000,20,B,14.5600,14.5500,14.5300,14.5100,14.5000,14.5700,14.5800,14.5900,14.6000,14.6100,57,63,97,60,52,7,38,61,154,10
SZ,002333,2017-01-03 10:42:51,14.5700,1,10199.0000,7,B,14.5700,14.5600,14.5500,14.5300,14.5100,14.5800,14.5900,14.6000,14.6100,14.6200,13,77,63,97,60,38,61,154,10,18
SZ,002333,2017-01-03 10:42:54,14.5700,1,18941.0000,13,S,14.5600,14.5500,14.5300,14.5100,14.5000,14.5700,14.5800,14.5900,14.6000,14.6100,77,63,97,60,52,2,38,61,154,10
SZ,002333,2017-01-03 10:43:12,14.5700,1,1457.0000,1,B,14.5600,14.5500,14.5300,14.5100,14.5000,14.5700,14.5800,14.5900,14.6000,14.6100,77,63,97,60,52,1,38,61,154,10
SZ,002333,2017-01-03 10:43:36,14.5700,2,5828.0000,4,B,14.5600,14.5500,14.5300,14.5100,14.5000,14.5700,14.5800,14.5900,14.6000,14.6100,77,68,102,60,48,76,38,61,154,10
SZ,002333,2017-01-03 10:43:48,14.5700,1,29140.0000,20,B,14.5600,14.5500,14.5300,14.5100,14.5000,14.5700,14.5800,14.5900,14.6000,14.6100,77,68,102,65,48,56,38,61,154,10
SZ,002333,2017-01-03 10:44:15,14.5600,2,7281.0000,5,S,14.5600,14.5500,14.5300,14.5100,14.5000,14.5700,14.5800,14.5900,14.6000,14.6100,73,68,102,65,27,55,38,61,154,10
SZ,002333,2017-01-03 10:44:45,14.5700,1,29140.0000,20,B,14.5600,14.5500,14.5300,14.5100,14.5000,14.5700,14.5800,14.5900,14.6000,14.6100,77,69,102,65,27,35,28,61,154,10
SZ,002333,2017-01-03 10:45:03,14.5700,1,14570.0000,10,B,14.5600,14.5500,14.5300,14.5100,14.5000,14.5700,14.5800,14.5900,14.6000,14.6100,87,69,102,65,61,32,28,61,154,10
SZ,002333,2017-01-03 10:45:12,14.5700,1,1457.0000,1,B,14.5600,14.5500,14.5300,14.5100,14.5000,14.5700,14.5800,14.5900,14.6000,14.6100,87,69,102,65,61,31,28,61,154,10
SZ,002333,2017-01-03 10:46:12,14.5700,1,1457.0000,1,B,14.5600,14.5500,14.5300,14.5100,14.5000,14.5700,14.5800,14.5900,14.6000,14.6100,73,69,102,55,61,30,28,61,154,10
SZ,002333,2017-01-03 10:46:21,14.5700,1,29140.0000,20,B,14.5600,14.5500,14.5300,14.5100,14.5000,14.5700,14.5800,14.5900,14.6000,14.6100,73,69,102,55,61,10,26,61,154,10
SZ,002333,2017-01-03 10:46:51,14.5700,2,14570.0000,10,B,14.5600,14.5500,14.5400,14.5300,14.5100,14.5800,14.5900,14.6000,14.6100,14.6200,73,69,10,62,55,26,61,154,10,18
SZ,002333,2017-01-03 10:47:18,14.5800,1,1458.0000,1,B,14.5700,14.5600,14.5500,14.5400,14.5300,14.5800,14.5900,14.6000,14.6100,14.6200,12,73,69,10,62,25,61,154,10,18
SZ,002333,2017-01-03 10:47:27,14.5800,2,14580.0000,10,B,14.5700,14.5600,14.5500,14.5400,14.5300,14.5800,14.5900,14.6000,14.6100,14.6200,16,73,69,10,62,15,61,154,10,18
SZ,002333,2017-01-03 10:47:39,14.5700,1,7285.0000,5,S,14.5700,14.5600,14.5500,14.5400,14.5300,14.5800,14.5900,14.6000,14.6100,14.6200,11,73,69,10,62,15,61,154,10,18
SZ,002333,2017-01-03 10:48:00,14.5800,1,7290.0000,5,B,14.5700,14.5600,14.5500,14.5400,14.5300,14.5800,14.5900,14.6000,14.6100,14.6200,21,73,69,10,62,10,61,154,10,18
SZ,002333,2017-01-03 10:48:21,14.5800,1,1458.0000,1,B,14.5700,14.5600,14.5500,14.5300,14.5100,14.5800,14.5900,14.6000,14.6100,14.6200,26,73,69,62,55,9,61,154,10,18
SZ,002333,2017-01-03 10:48:27,14.5800,2,13122.0000,9,B,14.5800,14.5700,14.5600,14.5500,14.5300,14.5900,14.6000,14.6100,14.6200,14.6300,1,26,73,69,62,61,154,10,18,61
SZ,002333,2017-01-03 10:48:39,14.5700,2,7286.0000,5,S,14.5700,14.5600,14.5500,14.5300,14.5100,14.5800,14.5900,14.6000,14.6100,14.6200,22,73,69,62,55,10,61,154,10,18
SZ,002333,2017-01-03 10:49:03,14.5800,1,2916.0000,2,B,14.5700,14.5600,14.5500,14.5300,14.5100,14.5800,14.5900,14.6000,14.6100,14.6200,22,73,69,62,55,8,61,154,10,18
SZ,002333,2017-01-03 10:49:18,14.5800,1,1458.0000,1,B,14.5700,14.5600,14.5500,14.5300,14.5100,14.5800,14.5900,14.6000,14.6100,14.6200,27,73,69,65,55,7,61,154,10,18
SZ,002333,2017-01-03 10:49:45,14.5700,7,45171.0000,31,S,14.5600,14.5500,14.5300,14.5100,14.5000,14.5700,14.5800,14.5900,14.6000,14.6100,73,69,65,55,121,18,3,61,154,10
SZ,002333,2017-01-03 10:49:57,14.5700,1,4371.0000,3,B,14.5600,14.5500,14.5300,14.5100,14.5000,14.5700,14.5800,14.5900,14.6000,14.6100,73,69,65,55,121,15,13,61,154,10
SZ,002333,2017-01-03 10:50:45,14.5600,2,21850.0000,15,S,14.5600,14.5500,14.5300,14.5100,14.5000,14.5800,14.5900,14.6000,14.6100,14.6200,68,69,65,55,121,18,61,154,10,18
SZ,002333,2017-01-03 10:51:21,14.5000,27,436027.0000,300,S,14.5000,14.4900,14.4800,14.4700,14.4500,14.5800,14.5900,14.6000,14.6100,14.6200,82,29,82,18,75,18,160,154,10,18
SZ,002333,2017-01-03 10:52:06,14.5000,2,47870.0000,33,S,14.5000,14.4900,14.4800,14.4700,14.4500,14.5100,14.5700,14.5800,14.5900,14.6000,115,39,82,18,75,13,7,18,160,154
SZ,002333,2017-01-03 10:52:12,14.5700,3,36347.0000,25,B,14.5700,14.5000,14.4900,14.4800,14.4700,14.5800,14.5900,14.6000,14.6100,14.6200,4,116,49,82,18,18,160,154,10,18
SZ,002333,2017-01-03 10:52:39,14.5700,1,5828.0000,4,S,14.5100,14.5000,14.4900,14.4800,14.4700,14.5700,14.5800,14.5900,14.6000,14.6100,20,116,49,92,18,71,48,160,154,10
SZ,002333,2017-01-03 10:53:09,14.5700,2,109275.0000,75,B,14.5700,14.5300,14.5200,14.5100,14.5000,14.5800,14.5900,14.6000,14.6100,14.6200,25,25,10,20,136,48,160,154,10,18
SZ,002333,2017-01-03 10:53:15,14.5700,1,14570.0000,10,S,14.5700,14.5300,14.5200,14.5100,14.5000,14.5800,14.5900,14.6000,14.6100,14.6200,15,25,10,20,136,48,160,154,10,18
SZ,002333,2017-01-03 10:53:48,14.5700,1,5828.0000,4,S,14.5700,14.5300,14.5200,14.5100,14.5000,14.5800,14.5900,14.6000,14.6100,14.6200,13,25,10,20,136,68,160,154,10,18
SZ,002333,2017-01-03 10:53:57,14.5700,2,18941.0000,13,S,14.5300,14.5200,14.5100,14.5000,14.4900,14.5700,14.5800,14.5900,14.6000,14.6100,26,10,20,136,49,17,58,160,154,10
SZ,002333,2017-01-03 10:54:15,14.5300,1,2906.0000,2,S,14.5300,14.5200,14.5100,14.5000,14.4900,14.5700,14.5800,14.5900,14.6000,14.6100,24,10,20,136,49,327,58,160,154,10
SZ,002333,2017-01-03 10:57:57,14.5600,1,14560.0000,10,S,14.5600,14.5500,14.5400,14.5300,14.5200,14.5700,14.5800,14.5900,14.6000,14.6100,20,12,70,24,10,222,312,170,157,10
SZ,002333,2017-01-03 10:58:18,14.5600,1,7280.0000,5,S,14.5600,14.5500,14.5400,14.5300,14.5200,14.5700,14.5800,14.5900,14.6000,14.6100,15,12,70,26,10,222,312,180,157,10
SZ,002333,2017-01-03 10:58:27,14.5600,1,21840.0000,15,S,14.5500,14.5400,14.5300,14.5200,14.5100,14.5600,14.5700,14.5800,14.5900,14.6000,12,70,26,10,70,5,227,312,180,157
SZ,002333,2017-01-03 10:58:54,14.5500,1,14550.0000,10,S,14.5500,14.5400,14.5300,14.5200,14.5100,14.5600,14.5700,14.5800,14.5900,14.6000,2,70,26,10,70,305,227,322,180,157
SZ,002333,2017-01-03 10:59:12,14.5500,1,1455.0000,1,S,14.5500,14.5400,14.5300,14.5200,14.5100,14.5600,14.5700,14.5800,14.5900,14.6000,1,70,26,10,70,305,227,322,180,157
SZ,002333,2017-01-03 11:00:00,14.5600,2,29120.0000,20,B,14.5500,14.5400,14.5300,14.5200,14.5100,14.5600,14.5700,14.5800,14.5900,14.6000,21,70,26,50,90,285,227,302,81,157
SZ,002333,2017-01-03 11:00:12,14.5500,2,14550.0000,10,S,14.5500,14.5400,14.5300,14.5200,14.5100,14.5600,14.5700,14.5800,14.5900,14.6000,11,70,26,50,90,285,227,302,81,157
SZ,002333,2017-01-03 11:00:30,14.5500,1,5820.0000,4,S,14.5500,14.5400,14.5300,14.5200,14.5100,14.5600,14.5700,14.5800,14.5900,14.6000,7,100,26,50,90,285,227,302,81,157
SZ,002333,2017-01-03 11:00:33,14.5500,1,10185.0000,7,S,14.5400,14.5300,14.5200,14.5100,14.5000,14.5500,14.5600,14.5700,14.5800,14.5900,100,26,50,90,207,93,285,227,302,81
SZ,002333,2017-01-03 11:00:36,14.5600,2,145507.0000,100,B,14.5400,14.5300,14.5200,14.5100,14.5000,14.5600,14.5700,14.5800,14.5900,14.6000,100,26,50,90,207,278,227,302,81,157
SZ,002333,2017-01-03 11:01:09,14.5400,5,170142.0000,117,S,14.5400,14.5300,14.5200,14.5100,14.5000,14.5600,14.5700,14.5800,14.5900,14.6000,1,56,50,90,90,291,227,302,81,157
SZ,002333,2017-01-03 11:01:12,14.5600,1,87360.0000,60,B,14.5400,14.5300,14.5200,14.5100,14.5000,14.5600,14.5700,14.5800,14.5900,14.6000,1,56,50,90,90,231,227,302,81,157
SZ,002333,2017-01-03 11:01:18,14.5400,2,2908.0000,2,S,14.5400,14.5300,14.5200,14.5100,14.5000,14.5600,14.5700,14.5800,14.5900,14.6000,6,56,50,90,90,231,227,302,81,157
SZ,002333,2017-01-03 11:01:39,14.5400,1,1454.0000,1,S,14.5400,14.5300,14.5200,14.5100,14.5000,14.5600,14.5700,14.5800,14.5900,14.6000,5,56,110,90,90,231,227,302,81,157
SZ,002333,2017-01-03 11:02:21,14.5400,1,7270.0000,5,S,14.5300,14.5200,14.5100,14.5000,14.4900,14.5400,14.5600,14.5700,14.5800,14.5900,56,227,90,90,49,1,231,227,302,81
SZ,002333,2017-01-03 11:02:45,14.5600,2,7278.0000,5,B,14.5300,14.5200,14.5100,14.5000,14.4900,14.5600,14.5700,14.5800,14.5900,14.6000,56,227,90,80,49,227,227,303,81,155
SZ,002333,2017-01-03 11:04:06,14.5300,1,15983.0000,11,S,14.5300,14.5200,14.5100,14.5000,14.4900,14.5600,14.5700,14.5800,14.5900,14.6000,45,110,90,80,49,227,227,303,81,155
SZ,002333,2017-01-03 11:04:39,14.5300,4,29060.0000,20,S,14.5300,14.5200,14.5100,14.5000,14.4900,14.5600,14.5700,14.5800,14.5900,14.6000,25,110,90,110,49,227,227,303,81,155
SZ,002333,2017-01-03 11:04:51,14.5600,1,170352.0000,117,B,14.5300,14.5200,14.5100,14.5000,14.4900,14.5600,14.5700,14.5800,14.5900,14.6000,28,110,90,110,49,110,227,303,81,155
SZ,002333,2017-01-03 11:05:30,14.5400,1,14540.0000,10,S,14.5400,14.5300,14.5200,14.5100,14.5000,14.5600,14.5700,14.5800,14.5900,14.6000,10,28,110,95,110,110,227,303,81,155
SZ,002333,2017-01-03 11:06:24,14.5600,1,8736.0000,6,B,14.5500,14.5400,14.5300,14.5200,14.5100,14.5600,14.5700,14.5800,14.5900,14.6000,11,10,28,110,95,106,227,299,81,155
SZ,002333,2017-01-03 11:07:21,14.5500,2,16005.0000,11,S,14.5400,14.5300,14.5200,14.5100,14.5000,14.5500,14.5600,14.5700,14.5800,14.5900,10,28,110,95,110,19,106,227,299,81
SZ,002333,2017-01-03 11:07:42,14.5400,1,14540.0000,10,S,14.5300,14.5200,14.5100,14.5000,14.4900,14.5400,14.5500,14.5600,14.5700,14.5800,28,110,95,110,136,10,19,106,227,299
SZ,002333,2017-01-03 11:07:54,14.5400,1,14540.0000,10,B,14.5400,14.5300,14.5200,14.5100,14.5000,14.5500,14.5600,14.5700,14.5800,14.5900,13,28,110,95,116,19,106,217,299,71
SZ,002333,2017-01-03 11:08:18,14.5400,1,4362.0000,3,S,14.5400,14.5300,14.5200,14.5100,14.5000,14.5500,14.5600,14.5700,14.5800,14.5900,10,28,110,95,116,19,111,217,299,71
SZ,002333,2017-01-03 11:08:48,14.5500,1,14550.0000,10,B,14.5400,14.5300,14.5200,14.5100,14.5000,14.5500,14.5600,14.5700,14.5800,14.5900,10,28,110,95,116,9,111,217,299,71
SZ,002333,2017-01-03 11:08:57,14.5500,1,13095.0000,9,B,14.5500,14.5400,14.5300,14.5200,14.5100,14.5600,14.5700,14.5800,14.5900,14.6000,1,11,28,110,95,111,217,299,71,155
SZ,002333,2017-01-03 11:09:30,14.5500,1,1455.0000,1,S,14.5400,14.5300,14.5200,14.5100,14.5000,14.5500,14.5600,14.5700,14.5800,14.5900,11,28,110,95,116,4,111,217,299,71
SZ,002333,2017-01-03 11:09:48,14.5500,1,5820.0000,4,B,14.5500,14.5400,14.5300,14.5200,14.5100,14.5600,14.5700,14.5800,14.5900,14.6000,1,11,28,110,95,27,217,299,71,155
SZ,002333,2017-01-03 11:10:45,14.5600,1,7280.0000,5,B,14.5500,14.5400,14.5300,14.5200,14.5100,14.5600,14.5700,14.5800,14.5900,14.6000,1,11,28,110,95,22,217,299,71,155
SZ,002333,2017-01-03 11:11:42,14.5700,5,61162.0000,42,B,14.5500,14.5400,14.5300,14.5200,14.5100,14.5700,14.5800,14.5900,14.6000,14.6100,31,40,48,110,95,207,299,71,155,10
SZ,002333,2017-01-03 11:12:03,14.5700,2,145700.0000,100,B,14.5600,14.5500,14.5400,14.5300,14.5200,14.5700,14.5800,14.5900,14.6000,14.6100,18,31,40,48,110,107,299,71,155,10
SZ,002333,2017-01-03 11:12:21,14.5700,1,11656.0000,8,B,14.5600,14.5500,14.5400,14.5300,14.5200,14.5700,14.5800,14.5900,14.6000,14.6100,22,31,40,48,110,99,299,71,150,10
SZ,002333,2017-01-03 11:12:33,14.5700,1,2914.0000,2,B,14.5600,14.5500,14.5400,14.5300,14.5200,14.5700,14.5800,14.5900,14.6000,14.6100,14,31,40,48,110,97,299,71,150,10
SZ,002333,2017-01-03 11:12:36,14.5600,1,14560.0000,10,S,14.5600,14.5500,14.5400,14.5300,14.5200,14.5700,14.5800,14.5900,14.6000,14.6100,4,31,40,48,110,97,299,71,150,10
SZ,002333,2017-01-03 11:12:57,14.5600,3,14560.0000,10,S,14.5600,14.5500,14.5400,14.5300,14.5200,14.5700,14.5800,14.5900,14.6000,14.6100,38,31,30,48,110,97,299,71,150,10
SZ,002333,2017-01-03 11:13:36,14.5600,1,1456.0000,1,S,14.5600,14.5500,14.5400,14.5300,14.5200,14.5700,14.5800,14.5900,14.6000,14.6100,37,31,30,48,110,97,299,71,150,10
SZ,002333,2017-01-03 11:13:39,14.5700,1,1457.0000,1,B,14.5600,14.5500,14.5400,14.5300,14.5200,14.5700,14.5800,14.5900,14.6000,14.6100,37,31,30,48,110,96,299,71,150,10
SZ,002333,2017-01-03 11:14:03,14.5700,1,7285.0000,5,B,14.5600,14.5500,14.5400,14.5300,14.5200,14.5700,14.5800,14.5900,14.6000,14.6100,37,31,30,48,110,96,299,71,150,10
SZ,002333,2017-01-03 11:14:36,14.5200,11,372061.0000,256,S,14.5100,14.5000,14.4900,14.4800,14.4700,14.5200,14.5700,14.5800,14.5900,14.6000,95,90,136,86,18,44,96,299,71,150
SZ,002333,2017-01-03 11:15:03,14.5200,1,23232.0000,16,B,14.5100,14.5000,14.4900,14.4800,14.4700,14.5200,14.5700,14.5800,14.5900,14.6000,115,86,136,86,18,28,96,299,71,150
SZ,002333,2017-01-03 11:15:06,14.5200,1,40656.0000,28,B,14.5200,14.5100,14.5000,14.4900,14.4800,14.5700,14.5800,14.5900,14.6000,14.6100,127,115,86,136,86,96,299,71,150,10
SZ,002333,2017-01-03 11:15:33,14.5800,5,437303.0000,300,B,14.5300,14.5200,14.5100,14.5000,14.4900,14.5800,14.5900,14.6000,14.6100,14.6200,20,239,115,86,136,95,71,150,10,18
SZ,002333,2017-01-03 11:15:48,14.6000,9,291738.0000,200,B,14.5400,14.5300,14.5200,14.5100,14.5000,14.6000,14.6100,14.6200,14.6300,14.6400,10,20,239,115,86,121,10,18,61,24
SZ,002333,2017-01-03 11:17:18,14.5900,2,72950.0000,50,B,14.5500,14.5400,14.5300,14.5200,14.5100,14.5900,14.6000,14.6200,14.6300,14.6400,72,30,70,239,120,255,133,86,61,19
SZ,002333,2017-01-03 11:18:03,14.5500,2,14550.0000,10,S,14.5500,14.5400,14.5300,14.5200,14.5100,14.5800,14.5900,14.6000,14.6200,14.6300,62,30,70,239,120,16,255,136,86,61
SZ,002333,2017-01-03 11:19:09,14.5600,1,1456.0000,1,S,14.5600,14.5500,14.5400,14.5300,14.5200,14.5800,14.5900,14.6000,14.6200,14.6300,37,68,90,70,239,16,255,136,86,61
SZ,002333,2017-01-03 11:19:18,14.5800,2,23328.0000,16,B,14.5800,14.5600,14.5500,14.5400,14.5300,14.5900,14.6000,14.6200,14.6300,14.6400,4,37,68,90,70,255,136,86,61,24
SZ,002333,2017-01-03 11:20:06,14.5800,1,4374.0000,3,S,14.5800,14.5600,14.5500,14.5400,14.5300,14.5900,14.6000,14.6200,14.6300,14.6400,8,37,68,90,90,255,136,86,61,24
SZ,002333,2017-01-03 11:20:21,14.5800,2,11664.0000,8,S,14.5700,14.5600,14.5500,14.5400,14.5300,14.5800,14.5900,14.6000,14.6200,14.6300,2,37,68,90,40,92,255,136,18,61
SZ,002333,2017-01-03 11:20:36,14.5800,1,14580.0000,10,B,14.5700,14.5600,14.5500,14.5400,14.5300,14.5800,14.5900,14.6000,14.6200,14.6300,2,37,68,90,40,82,255,136,18,61
SZ,002333,2017-01-03 11:20:54,14.5700,1,2914.0000,2,S,14.5600,14.5500,14.5400,14.5300,14.5200,14.5800,14.5900,14.6000,14.6200,14.6300,37,68,90,40,239,92,255,136,18,61
SZ,002333,2017-01-03 11:21:45,14.5800,1,17496.0000,12,B,14.5600,14.5500,14.5400,14.5300,14.5200,14.5800,14.5900,14.6000,14.6200,14.6300,37,68,90,40,239,80,255,136,24,61
SZ,002333,2017-01-03 11:22:18,14.5800,1,2916.0000,2,B,14.5600,14.5500,14.5400,14.5300,14.5200,14.5800,14.5900,14.6000,14.6200,14.6300,37,56,90,40,227,78,255,136,24,61
SZ,002333,2017-01-03 11:23:15,14.5800,4,121014.0000,83,B,14.5800,14.5700,14.5600,14.5500,14.5400,14.5900,14.6000,14.6200,14.6300,14.6400,39,2,37,56,90,255,150,24,61,18
SZ,002333,2017-01-03 11:24:15,14.5900,1,46688.0000,32,B,14.5800,14.5700,14.5600,14.5500,14.5400,14.5900,14.6000,14.6200,14.6300,14.6400,39,22,5,56,90,223,165,24,61,18
SZ,002333,2017-01-03 11:24:51,14.5900,1,58360.0000,40,B,14.5800,14.5700,14.5600,14.5500,14.5400,14.5900,14.6000,14.6200,14.6300,14.6400,39,22,5,61,90,183,165,24,76,18
SZ,002333,2017-01-03 11:25:15,14.5800,1,40824.0000,28,S,14.5800,14.5700,14.5600,14.5500,14.5400,14.5900,14.6000,14.6200,14.6300,14.6400,11,22,5,61,90,184,151,24,76,18
SZ,002333,2017-01-03 11:27:36,14.5900,1,93376.0000,64,B,14.5800,14.5700,14.5600,14.5500,14.5400,14.5900,14.6000,14.6200,14.6300,14.6400,13,40,55,61,90,127,148,24,76,18
SZ,002333,2017-01-03 11:27:45,14.5800,1,11664.0000,8,S,14.5800,14.5700,14.5600,14.5500,14.5400,14.5900,14.6000,14.6200,14.6300,14.6400,5,40,55,61,90,127,158,24,76,18
SZ,002333,2017-01-03 11:28:21,14.5900,1,21885.0000,15,B,14.5800,14.5700,14.5600,14.5500,14.5400,14.5900,14.6000,14.6200,14.6300,14.6400,5,40,55,61,90,132,158,24,76,18
SZ,002333,2017-01-03 11:29:24,14.5900,1,148818.0000,102,B,14.5800,14.5700,14.5600,14.5500,14.5400,14.5900,14.6000,14.6200,14.6300,14.6400,5,40,55,55,90,38,158,24,76,18
SZ,002333,2017-01-03 11:29:27,14.5800,1,1458.0000,1,S,14.5800,14.5700,14.5600,14.5500,14.5400,14.5900,14.6000,14.6200,14.6300,14.6400,4,40,55,55,90,38,158,24,76,18
SZ,002333,2017-01-03 11:29:39,14.5900,6,55442.0000,38,B,14.5900,14.5800,14.5700,14.5600,14.5500,14.6000,14.6200,14.6300,14.6400,14.6500,2,4,40,55,55,158,24,76,18,92
SZ,002333,2017-01-03 13:00:03,14.5900,6,72997.0000,50,S,14.5900,14.5800,14.5700,14.5600,14.5500,14.6000,14.6200,14.6300,14.6400,14.6500,4,2,40,55,55,102,24,61,18,62
SZ,002333,2017-01-03 13:00:06,14.5900,1,1459.0000,1,S,14.5900,14.5800,14.5700,14.5600,14.5500,14.6000,14.6200,14.6300,14.6400,14.6500,3,2,40,55,55,112,24,61,23,62
SZ,002333,2017-01-03 13:01:42,14.5900,1,4377.0000,3,S,14.5800,14.5700,14.5600,14.5500,14.5400,14.5900,14.6000,14.6200,14.6300,14.6400,2,40,55,55,127,17,137,24,68,23
SZ,002333,2017-01-03 13:02:03,14.5800,1,2916.0000,2,S,14.5700,14.5600,14.5500,14.5400,14.5300,14.5800,14.5900,14.6000,14.6200,14.6300,40,55,55,127,40,78,38,137,24,68
SZ,002333,2017-01-03 13:02:06,14.5800,1,2916.0000,2,B,14.5700,14.5600,14.5500,14.5400,14.5300,14.5800,14.5900,14.6000,14.6200,14.6300,40,55,55,127,40,76,38,137,24,68
SZ,002333,2017-01-03 13:02:21,14.5700,1,8742.0000,6,S,14.5700,14.5600,14.5500,14.5400,14.5300,14.5800,14.5900,14.6000,14.6200,14.6300,34,55,55,127,40,76,38,137,24,68
SZ,002333,2017-01-03 13:03:12,14.5400,11,389936.0000,268,S,14.5300,14.5200,14.5100,14.5000,14.4900,14.5400,14.5800,14.5900,14.6000,14.6200,40,105,115,110,116,32,76,38,167,24
SZ,002333,2017-01-03 13:03:48,14.5300,1,1453.0000,1,S,14.5300,14.5200,14.5100,14.5000,14.4900,14.5400,14.5900,14.6000,14.6200,14.6300,39,105,115,110,116,32,38,157,24,61
SZ,002333,2017-01-03 13:04:12,14.5400,1,46528.0000,32,S,14.5400,14.5300,14.5200,14.5100,14.5000,14.5900,14.6000,14.6200,14.6300,14.6400,18,39,105,115,110,43,117,24,61,23
SZ,002333,2017-01-03 13:05:21,14.5400,1,4362.0000,3,S,14.5400,14.5300,14.5200,14.5100,14.5000,14.5800,14.5900,14.6000,14.6200,14.6300,490,69,115,115,110,20,51,107,24,61
SZ,002333,2017-01-03 13:05:33,14.5700,1,84506.0000,58,S,14.5700,14.5400,14.5300,14.5200,14.5100,14.5800,14.5900,14.6000,14.6200,14.6300,2,490,69,115,115,20,51,107,24,61
SZ,002333,2017-01-03 13:05:57,14.5700,1,2914.0000,2,S,14.5400,14.5300,14.5200,14.5100,14.5000,14.5700,14.5800,14.5900,14.6000,14.6200,485,69,115,115,110,18,33,51,107,24
SZ,002333,2017-01-03 13:06:06,14.5400,3,705190.0000,485,S,14.5300,14.5200,14.5100,14.5000,14.4900,14.5400,14.5700,14.5800,14.5900,14.6000,69,115,115,110,116,285,18,33,51,107
SZ,002333,2017-01-03 13:06:27,14.5300,3,29060.0000,20,S,14.5300,14.5200,14.5100,14.5000,14.4900,14.5400,14.5700,14.5800,14.5900,14.6000,49,115,115,112,116,285,18,33,51,107
SZ,002333,2017-01-03 13:06:39,14.5400,1,8724.0000,6,B,14.5300,14.5200,14.5100,14.5000,14.4900,14.5400,14.5700,14.5800,14.5900,14.6000,49,115,115,112,116,279,18,13,51,107
SZ,002333,2017-01-03 13:06:54,14.5300,2,29060.0000,20,S,14.5300,14.5200,14.5100,14.5000,14.4900,14.5400,14.5700,14.5800,14.5900,14.6000,39,115,115,112,116,279,18,13,51,107
SZ,002333,2017-01-03 13:06:57,14.5400,1,2908.0000,2,B,14.5300,14.5200,14.5100,14.5000,14.4900,14.5400,14.5700,14.5800,14.5900,14.6000,39,115,115,112,116,277,18,13,51,107
SZ,002333,2017-01-03 13:07:39,14.5400,1,53798.0000,37,B,14.5300,14.5200,14.5100,14.5000,14.4900,14.5400,14.5700,14.5800,14.5900,14.6000,139,115,115,110,130,240,18,13,47,107
SZ,002333,2017-01-03 13:08:27,14.5400,1,4362.0000,3,B,14.5300,14.5200,14.5100,14.5000,14.4900,14.5400,14.5700,14.5800,14.5900,14.6000,167,135,135,135,130,237,18,13,47,107
SZ,002333,2017-01-03 13:08:39,14.5300,1,7265.0000,5,S,14.5300,14.5200,14.5100,14.5000,14.4900,14.5400,14.5700,14.5800,14.5900,14.6000,162,135,135,130,130,237,18,13,47,107
SZ,002333,2017-01-03 13:08:57,14.5400,1,72700.0000,50,B,14.5300,14.5200,14.5100,14.5000,14.4900,14.5400,14.5700,14.5800,14.5900,14.6000,162,125,135,130,130,187,18,13,47,107
SZ,002333,2017-01-03 13:09:06,14.5400,1,20356.0000,14,B,14.5300,14.5200,14.5100,14.5000,14.4900,14.5400,14.5700,14.5800,14.5900,14.6000,162,125,135,130,130,173,18,13,47,107
SZ,002333,2017-01-03 13:09:09,14.5400,1,7270.0000,5,B,14.5300,14.5200,14.5100,14.5000,14.4900,14.5400,14.5700,14.5800,14.5900,14.6000,162,125,135,130,130,168,18,13,47,107
SZ,002333,2017-01-03 13:09:21,14.5400,1,20356.0000,14,B,14.5300,14.5200,14.5100,14.5000,14.4900,14.5400,14.5700,14.5800,14.5900,14.6000,162,125,135,130,130,154,18,13,47,107
SZ,002333,2017-01-03 13:09:45,14.5300,3,139488.0000,96,S,14.5300,14.5200,14.5100,14.5000,14.4900,14.5400,14.5700,14.5800,14.5900,14.6000,66,125,135,130,130,154,18,13,47,107
SZ,002333,2017-01-03 13:09:57,14.5300,1,2906.0000,2,S,14.5300,14.5200,14.5100,14.5000,14.4900,14.5400,14.5700,14.5800,14.5900,14.6000,64,125,135,130,130,154,18,13,47,107
SZ,002333,2017-01-03 13:10:42,14.5300,1,14530.0000,10,S,14.5300,14.5200,14.5100,14.5000,14.4900,14.5400,14.5700,14.5800,14.5900,14.6000,54,125,135,130,130,154,18,13,47,107
SZ,002333,2017-01-03 13:11:24,14.5300,1,5812.0000,4,S,14.5300,14.5200,14.5100,14.5000,14.4900,14.5400,14.5700,14.5800,14.5900,14.6000,50,125,135,130,130,154,18,16,47,107
SZ,002333,2017-01-03 13:12:09,14.5300,2,39231.0000,27,S,14.5300,14.5200,14.5100,14.5000,14.4900,14.5400,14.5700,14.5800,14.5900,14.6000,20,125,135,130,130,154,18,16,47,107
SZ,002333,2017-01-03 13:12:27,14.5300,1,26155.0000,18,S,14.5300,14.5200,14.5100,14.5000,14.4900,14.5400,14.5700,14.5800,14.5900,14.6000,32,125,135,130,130,154,18,16,47,107
SZ,002333,2017-01-03 13:13:21,14.5400,1,111956.0000,77,B,14.5300,14.5200,14.5100,14.5000,14.4900,14.5400,14.5700,14.5800,14.5900,14.6000,32,125,135,130,130,77,18,16,47,107
SZ,002333,2017-01-03 13:13:54,14.5400,1,111960.0000,77,B,14.5400,14.5300,14.5200,14.5100,14.5000,14.5700,14.5800,14.5900,14.6000,14.6200,55,42,125,135,130,18,16,47,117,34
SZ,002333,2017-01-03 13:16:00,14.5600,1,7280.0000,5,B,14.5600,14.5500,14.5400,14.5300,14.5200,14.5700,14.5800,14.5900,14.6000,14.6200,15,20,156,42,125,18,23,47,117,36
SZ,002333,2017-01-03 13:17:18,14.5500,4,152808.0000,105,S,14.5400,14.5300,14.5200,14.5100,14.5000,14.5500,14.5700,14.5800,14.5900,14.6000,55,92,125,135,130,86,18,43,47,117
SZ,002333,2017-01-03 13:17:27,14.5500,1,10186.0000,7,B,14.5400,14.5300,14.5200,14.5100,14.5000,14.5500,14.5700,14.5800,14.5900,14.6000,55,92,125,135,130,79,18,43,47,117
SZ,002333,2017-01-03 13:17:54,14.5400,1,43620.0000,30,S,14.5400,14.5300,14.5200,14.5100,14.5000,14.5500,14.5700,14.5800,14.5900,14.6000,25,92,125,135,130,79,18,23,47,137
SZ,002333,2017-01-03 13:18:12,14.5500,2,114946.0000,79,B,14.5500,14.5400,14.5300,14.5200,14.5100,14.5700,14.5800,14.5900,14.6000,14.6200,214,27,92,125,135,18,23,47,137,36
SZ,002333,2017-01-03 13:18:15,14.5200,10,655640.0000,451,S,14.5200,14.5100,14.5000,14.4900,14.4800,14.5700,14.5800,14.5900,14.6000,14.6200,7,135,130,130,76,18,23,47,137,36
SZ,002333,2017-01-03 13:18:39,14.5700,1,7284.0000,5,B,14.5200,14.5100,14.5000,14.4900,14.4800,14.5700,14.5800,14.5900,14.6000,14.6200,27,135,130,130,76,13,16,47,137,36
SZ,002333,2017-01-03 13:18:51,14.5200,2,39204.0000,27,S,14.5100,14.5000,14.4900,14.4800,14.4700,14.5200,14.5700,14.5800,14.5900,14.6000,135,130,130,76,9,3,13,16,47,137
SZ,002333,2017-01-03 13:18:54,14.5200,1,4356.0000,3,B,14.5200,14.5100,14.5000,14.4900,14.4800,14.5700,14.5800,14.5900,14.6000,14.6200,47,135,130,130,76,13,16,47,137,36
SZ,002333,2017-01-03 13:19:42,14.5600,1,14560.0000,10,S,14.5600,14.5500,14.5400,14.5300,14.5200,14.5700,14.5800,14.5900,14.6000,14.6200,10,30,40,50,47,23,16,47,137,36
SZ,002333,2017-01-03 13:20:12,14.5700,1,18940.0000,13,B,14.5600,14.5500,14.5400,14.5300,14.5200,14.5700,14.5800,14.5900,14.6000,14.6200,20,30,40,50,60,10,16,47,137,36
SZ,002333,2017-01-03 13:20:27,14.5700,2,29132.0000,20,B,14.5700,14.5600,14.5500,14.5400,14.5300,14.5800,14.5900,14.6000,14.6200,14.6300,81,10,30,40,50,16,47,137,36,66
SZ,002333,2017-01-03 13:20:33,14.5700,1,55364.0000,38,S,14.5700,14.5600,14.5500,14.5400,14.5300,14.5800,14.5900,14.6000,14.6200,14.6300,43,10,30,40,50,16,47,137,36,66
SZ,002333,2017-01-03 13:21:09,14.5700,1,14572.0000,10,S,14.5700,14.5600,14.5500,14.5400,14.5300,14.5800,14.5900,14.6000,14.6200,14.6300,33,10,30,40,50,16,47,135,36,76
SZ,002333,2017-01-03 13:24:18,14.5700,1,1456.0000,1,S,14.5700,14.5600,14.5500,14.5400,14.5300,14.5800,14.5900,14.6000,14.6200,14.6300,32,10,30,40,50,44,47,125,36,76
SZ,002333,2017-01-03 13:24:33,14.5700,2,50996.0000,35,S,14.5700,14.5600,14.5500,14.5400,14.5300,14.5800,14.5900,14.6000,14.6200,14.6300,7,10,30,40,50,44,47,125,36,76
SZ,002333,2017-01-03 13:24:39,14.5700,1,10198.0000,7,S,14.5600,14.5500,14.5400,14.5300,14.5200,14.5700,14.5800,14.5900,14.6000,14.6200,10,30,40,50,60,43,44,47,125,36
SZ,002333,2017-01-03 13:25:06,14.5700,1,8742.0000,6,B,14.5600,14.5500,14.5400,14.5300,14.5200,14.5700,14.5800,14.5900,14.6000,14.6200,20,30,40,50,60,37,44,47,133,36
SZ,002333,2017-01-03 13:25:27,14.5700,1,39340.0000,27,B,14.5600,14.5500,14.5400,14.5300,14.5200,14.5700,14.5800,14.5900,14.6000,14.6200,20,30,40,50,60,10,44,47,137,36
SZ,002333,2017-01-03 13:26:12,14.5600,1,5824.0000,4,S,14.5600,14.5500,14.5400,14.5300,14.5200,14.5700,14.5800,14.5900,14.6000,14.6100,16,30,40,50,60,30,44,47,172,1
SZ,002333,2017-01-03 13:26:18,14.5700,2,29140.0000,20,B,14.5600,14.5500,14.5400,14.5300,14.5200,14.5700,14.5800,14.5900,14.6000,14.6100,16,30,40,50,60,10,44,47,172,1
SZ,002333,2017-01-03 13:26:48,14.5700,1,2912.0000,2,B,14.5600,14.5500,14.5400,14.5300,14.5200,14.5700,14.5800,14.5900,14.6000,14.6100,25,31,40,50,60,8,44,47,172,1
SZ,002333,2017-01-03 13:26:57,14.5700,1,11656.0000,8,B,14.5700,14.5600,14.5500,14.5400,14.5300,14.5800,14.5900,14.6000,14.6100,14.6200,22,25,31,40,50,44,47,172,1,36
SZ,002333,2017-01-03 13:27:15,14.5700,1,29140.0000,20,S,14.5700,14.5600,14.5500,14.5400,14.5300,14.5800,14.5900,14.6000,14.6100,14.6200,2,25,31,40,50,44,57,202,1,36
SZ,002333,2017-01-03 13:27:27,14.5700,1,2916.0000,2,S,14.5600,14.5500,14.5400,14.5300,14.5200,14.5700,14.5800,14.5900,14.6000,14.6100,25,31,40,50,65,28,44,57,203,1
SZ,002333,2017-01-03 13:29:09,14.5700,1,29140.0000,20,B,14.5600,14.5500,14.5400,14.5300,14.5200,14.5700,14.5800,14.5900,14.6000,14.6100,25,31,45,55,65,8,44,110,178,1
SZ,002333,2017-01-03 13:30:21,14.5600,5,42224.0000,29,S,14.5500,14.5400,14.5300,14.5200,14.5100,14.5600,14.5700,14.5800,14.5900,14.6000,31,45,55,65,135,21,15,71,110,143
SZ,002333,2017-01-03 13:30:33,14.5600,1,29120.0000,20,B,14.5500,14.5400,14.5300,14.5200,14.5100,14.5600,14.5700,14.5800,14.5900,14.6000,31,45,55,65,135,1,25,71,110,143
SZ,002333,2017-01-03 13:30:36,14.5500,2,45104.0000,31,S,14.5400,14.5300,14.5200,14.5100,14.5000,14.5500,14.5600,14.5700,14.5800,14.5900,45,55,65,135,145,4,1,25,71,110
SZ,002333,2017-01-03 13:30:42,14.5500,1,5820.0000,4,B,14.5500,14.5400,14.5300,14.5200,14.5100,14.5600,14.5700,14.5800,14.5900,14.6000,16,45,55,65,135,1,25,71,110,143
SZ,002333,2017-01-03 13:31:30,14.5500,2,45104.0000,31,S,14.5400,14.5300,14.5200,14.5100,14.5000,14.5500,14.5600,14.5700,14.5800,14.5900,45,55,69,135,145,28,1,22,71,110
SZ,002333,2017-01-03 13:31:54,14.5600,3,53836.0000,37,B,14.5600,14.5400,14.5300,14.5200,14.5100,14.5700,14.5800,14.5900,14.6000,14.6100,13,47,55,74,135,22,71,110,143,1
SZ,002333,2017-01-03 13:32:09,14.5700,2,17484.0000,12,B,14.5600,14.5400,14.5300,14.5200,14.5100,14.5700,14.5800,14.5900,14.6000,14.6100,13,47,55,74,135,10,71,110,143,1
SZ,002333,2017-01-03 13:32:12,14.5600,1,18928.0000,13,S,14.5400,14.5300,14.5200,14.5100,14.5000,14.5600,14.5700,14.5800,14.5900,14.6000,47,55,74,135,145,87,10,71,110,143
SZ,002333,2017-01-03 13:32:15,14.5600,1,10192.0000,7,B,14.5400,14.5300,14.5200,14.5100,14.5000,14.5600,14.5700,14.5800,14.5900,14.6000,47,55,74,135,145,80,10,71,110,143
SZ,002333,2017-01-03 13:32:33,14.5400,3,68340.0000,47,S,14.5300,14.5200,14.5100,14.5000,14.4900,14.5400,14.5600,14.5700,14.5800,14.5900,55,74,135,145,116,3,80,10,71,110
SZ,002333,2017-01-03 13:32:36,14.5400,1,4360.0000,3,B,14.5400,14.5300,14.5200,14.5100,14.5000,14.5600,14.5700,14.5800,14.5900,14.6000,33,55,74,135,145,80,10,71,110,143
SZ,002333,2017-01-03 13:33:00,14.5500,1,16006.0000,11,S,14.5400,14.5300,14.5200,14.5100,14.5000,14.5500,14.5600,14.5700,14.5800,14.5900,33,55,74,135,145,115,80,10,71,110
SZ,002333,2017-01-03 13:33:12,14.5500,1,72750.0000,50,B,14.5400,14.5300,14.5200,14.5100,14.5000,14.5500,14.5600,14.5700,14.5800,14.5900,33,55,74,135,145,65,80,10,71,110
SZ,002333,2017-01-03 13:33:42,14.5500,1,14550.0000,10,B,14.5400,14.5300,14.5200,14.5100,14.5000,14.5500,14.5600,14.5700,14.5800,14.5900,33,55,74,135,145,55,80,10,71,110
SZ,002333,2017-01-03 13:34:12,14.5500,1,16006.0000,11,B,14.5400,14.5300,14.5200,14.5100,14.5000,14.5500,14.5600,14.5700,14.5800,14.5900,53,55,82,135,145,44,80,10,71,110
SZ,002333,2017-01-03 13:36:03,14.5300,5,145392.0000,100,S,14.5300,14.5200,14.5100,14.5000,14.4900,14.5500,14.5600,14.5700,14.5800,14.5900,47,84,135,115,116,44,80,10,71,110
SZ,002333,2017-01-03 13:36:15,14.5500,1,64020.0000,44,B,14.5500,14.5300,14.5200,14.5100,14.5000,14.5600,14.5700,14.5800,14.5900,14.6000,6,47,84,135,115,80,10,71,110,143
SZ,002333,2017-01-03 13:36:18,14.5200,4,145264.0000,100,S,14.5200,14.5100,14.5000,14.4900,14.4800,14.5600,14.5700,14.5800,14.5900,14.6000,37,135,115,116,76,80,10,71,110,143
SZ,002333,2017-01-03 13:37:48,14.5300,1,1452.0000,1,S,14.5300,14.5200,14.5100,14.5000,14.4900,14.5500,14.5600,14.5700,14.5800,14.5900,55,144,135,110,116,73,80,13,71,110
SZ,002333,2017-01-03 13:38:30,14.5200,11,217856.0000,150,S,14.5200,14.5100,14.5000,14.4900,14.4800,14.5500,14.5600,14.5700,14.5800,14.5900,99,135,110,116,76,83,80,13,61,110
SZ,002333,2017-01-03 13:38:51,14.5500,1,7276.0000,5,B,14.5200,14.5100,14.5000,14.4900,14.4800,14.5500,14.5600,14.5700,14.5800,14.5900,99,135,110,116,76,78,80,13,61,110
SZ,002333,2017-01-03 13:39:57,14.5500,2,78564.0000,54,B,14.5400,14.5300,14.5200,14.5100,14.5000,14.5500,14.5600,14.5700,14.5800,14.5900,85,80,116,135,110,100,80,13,61,110
SZ,002333,2017-01-03 13:40:12,14.5500,1,11640.0000,8,B,14.5400,14.5300,14.5200,14.5100,14.5000,14.5500,14.5600,14.5700,14.5800,14.5900,90,80,116,135,110,92,80,13,61,110
SZ,002333,2017-01-03 13:40:15,14.5500,3,72750.0000,50,B,14.5400,14.5300,14.5200,14.5100,14.5000,14.5500,14.5600,14.5700,14.5800,14.5900,90,80,116,135,110,42,80,13,61,110
SZ,002333,2017-01-03 13:41:39,14.5500,1,40740.0000,28,B,14.5400,14.5300,14.5200,14.5100,14.5000,14.5500,14.5600,14.5700,14.5800,14.5900,90,80,130,135,120,150,80,13,68,110
SZ,002333,2017-01-03 13:41:42,14.5400,1,23264.0000,16,S,14.5400,14.5300,14.5200,14.5100,14.5000,14.5500,14.5600,14.5700,14.5800,14.5900,74,80,130,135,120,150,80,13,68,110
SZ,002333,2017-01-03 13:42:48,14.5500,3,101850.0000,70,B,14.5400,14.5300,14.5200,14.5100,14.5000,14.5500,14.5600,14.5700,14.5800,14.5900,80,80,130,135,120,90,80,13,68,110
SZ,002333,2017-01-03 13:43:15,14.5400,1,14540.0000,10,S,14.5400,14.5300,14.5200,14.5100,14.5000,14.5500,14.5600,14.5700,14.5800,14.5900,70,80,130,135,120,90,80,13,68,110
SZ,002333,2017-01-03 13:43:33,14.5400,2,87240.0000,60,S,14.5400,14.5300,14.5200,14.5100,14.5000,14.5500,14.5600,14.5700,14.5800,14.5900,10,80,130,135,120,90,80,13,68,110
SZ,002333,2017-01-03 13:43:51,14.5400,2,7270.0000,5,S,14.5400,14.5300,14.5200,14.5100,14.5000,14.5500,14.5600,14.5700,14.5800,14.5900,15,80,130,135,120,80,80,13,68,110
SZ,002333,2017-01-03 13:43:57,14.5400,2,14540.0000,10,S,14.5400,14.5300,14.5200,14.5100,14.5000,14.5500,14.5600,14.5700,14.5800,14.5900,5,80,130,135,120,126,80,13,68,110
SZ,002333,2017-01-03 13:44:27,14.5500,1,32010.0000,22,B,14.5400,14.5300,14.5200,14.5100,14.5000,14.5500,14.5600,14.5700,14.5800,14.5900,5,80,130,135,120,104,80,13,68,110
SZ,002333,2017-01-03 13:45:09,14.5400,1,7270.0000,5,S,14.5300,14.5200,14.5100,14.5000,14.4900,14.5500,14.5600,14.5700,14.5800,14.5900,80,130,135,120,116,104,80,13,68,110
SZ,002333,2017-01-03 13:45:15,14.5500,1,14550.0000,10,B,14.5300,14.5200,14.5100,14.5000,14.4900,14.5500,14.5600,14.5700,14.5800,14.5900,80,130,135,120,116,94,80,13,68,110
SZ,002333,2017-01-03 13:45:57,14.5500,1,4364.0000,3,B,14.5300,14.5200,14.5100,14.5000,14.4900,14.5500,14.5600,14.5700,14.5800,14.5900,83,130,135,120,116,91,80,13,68,110
SZ,002333,2017-01-03 13:46:03,14.5100,15,435596.0000,300,S,14.5100,14.5000,14.4900,14.4800,14.4700,14.5500,14.5600,14.5700,14.5800,14.5900,43,120,116,76,59,91,80,13,68,110
SZ,002333,2017-01-03 13:46:27,14.5500,1,14552.0000,10,B,14.5200,14.5100,14.5000,14.4900,14.4800,14.5500,14.5600,14.5700,14.5800,14.5900,5,43,120,116,76,81,80,23,68,110
SZ,002333,2017-01-03 13:47:33,14.5500,1,11640.0000,8,B,14.5200,14.5100,14.5000,14.4900,14.4800,14.5500,14.5600,14.5700,14.5800,14.5900,5,59,120,116,118,73,80,23,68,107
SZ,002333,2017-01-03 13:48:03,14.5200,1,1452.0000,1,S,14.5200,14.5100,14.5000,14.4900,14.4800,14.5500,14.5600,14.5700,14.5800,14.5900,4,59,120,116,118,73,80,23,68,107
SZ,002333,2017-01-03 13:49:15,14.5500,1,8728.0000,6,B,14.5200,14.5100,14.5000,14.4900,14.4800,14.5500,14.5600,14.5700,14.5800,14.5900,100,100,135,116,118,67,80,23,68,107
SZ,002333,2017-01-03 13:49:36,14.5200,1,5808.0000,4,S,14.5200,14.5100,14.5000,14.4900,14.4800,14.5500,14.5600,14.5700,14.5800,14.5900,96,100,135,120,118,67,80,23,68,107
SZ,002333,2017-01-03 13:50:30,14.5300,3,145300.0000,100,S,14.5200,14.5100,14.5000,14.4900,14.4800,14.5500,14.5600,14.5700,14.5800,14.5900,96,100,172,120,120,67,80,23,68,107
SZ,002333,2017-01-03 13:50:39,14.5500,1,7276.0000,5,B,14.5200,14.5100,14.5000,14.4900,14.4800,14.5500,14.5600,14.5700,14.5800,14.5900,96,90,172,120,120,62,80,23,68,107
SZ,002333,2017-01-03 13:51:48,14.5100,6,174218.0000,120,S,14.5100,14.5000,14.4900,14.4800,14.4700,14.5500,14.5600,14.5700,14.5800,14.5900,68,172,120,120,59,62,80,23,41,107
SZ,002333,2017-01-03 13:52:24,14.5200,1,1452.0000,1,S,14.5200,14.5100,14.5000,14.4900,14.4800,14.5500,14.5600,14.5700,14.5800,14.5900,6,82,172,120,120,67,80,23,41,107
SZ,002333,2017-01-03 13:52:30,14.5200,1,8712.0000,6,S,14.5100,14.5000,14.4900,14.4800,14.4700,14.5200,14.5500,14.5600,14.5700,14.5800,82,172,120,120,59,36,67,80,23,41
SZ,002333,2017-01-03 13:52:54,14.5200,1,15972.0000,11,B,14.5100,14.5000,14.4900,14.4800,14.4700,14.5200,14.5500,14.5600,14.5700,14.5800,82,172,120,120,59,25,67,80,23,41
SZ,002333,2017-01-03 13:53:03,14.5100,1,1450.0000,1,S,14.5100,14.5000,14.4900,14.4800,14.4700,14.5200,14.5500,14.5600,14.5700,14.5800,67,172,120,120,59,25,67,80,23,41
SZ,002333,2017-01-03 13:53:12,14.5200,1,20328.0000,14,B,14.5100,14.5000,14.4900,14.4800,14.4700,14.5200,14.5500,14.5600,14.5700,14.5800,67,172,120,120,59,11,67,80,23,41
SZ,002333,2017-01-03 13:53:30,14.5200,1,14520.0000,10,B,14.5100,14.5000,14.4900,14.4800,14.4700,14.5200,14.5500,14.5600,14.5700,14.5800,67,172,120,120,59,1,67,80,23,41
SZ,002333,2017-01-03 13:53:36,14.5200,2,4356.0000,3,B,14.5200,14.5100,14.5000,14.4900,14.4800,14.5500,14.5600,14.5700,14.5800,14.5900,27,67,172,120,120,67,80,23,41,107
SZ,002333,2017-01-03 13:54:39,14.5200,1,7260.0000,5,S,14.5200,14.5100,14.5000,14.4900,14.4800,14.5500,14.5600,14.5700,14.5800,14.5900,48,67,172,120,120,70,80,74,59,107
SZ,002333,2017-01-03 13:54:42,14.5200,1,29040.0000,20,S,14.5200,14.5100,14.5000,14.4900,14.4800,14.5500,14.5600,14.5700,14.5800,14.5900,28,67,172,120,120,70,80,74,59,107
SZ,002333,2017-01-03 13:55:33,14.5200,1,1452.0000,1,S,14.5200,14.5100,14.5000,14.4900,14.4800,14.5400,14.5500,14.5600,14.5700,14.5800,27,134,172,120,120,46,19,80,94,59
SZ,002333,2017-01-03 13:55:36,14.5200,2,5808.0000,4,S,14.5200,14.5100,14.5000,14.4900,14.4800,14.5400,14.5500,14.5600,14.5700,14.5800,23,84,172,120,120,46,19,80,94,59
SZ,002333,2017-01-03 13:55:48,14.5300,1,26156.0000,18,S,14.5300,14.5200,14.5100,14.5000,14.4900,14.5400,14.5500,14.5600,14.5700,14.5800,2,23,81,172,120,46,19,80,94,59
SZ,002333,2017-01-03 13:56:42,14.5400,1,14540.0000,10,B,14.5300,14.5200,14.5100,14.5000,14.4900,14.5400,14.5500,14.5600,14.5700,14.5800,60,60,81,172,270,36,19,80,94,63
SZ,002333,2017-01-03 13:57:09,14.5400,1,10176.0000,7,B,14.5300,14.5200,14.5100,14.5000,14.4900,14.5400,14.5500,14.5600,14.5700,14.5800,60,70,131,172,270,29,19,80,94,63
SZ,002333,2017-01-03 13:57:15,14.5300,1,1454.0000,1,S,14.5300,14.5200,14.5100,14.5000,14.4900,14.5400,14.5500,14.5600,14.5700,14.5800,59,70,131,172,270,29,19,80,94,63
SZ,002333,2017-01-03 13:58:12,14.5300,2,43590.0000,30,S,14.5300,14.5200,14.5100,14.5000,14.4900,14.5400,14.5500,14.5600,14.5700,14.5800,70,110,131,172,270,29,19,80,114,45
SZ,002333,2017-01-03 13:58:18,14.5400,1,42166.0000,29,B,14.5400,14.5300,14.5200,14.5100,14.5000,14.5500,14.5600,14.5700,14.5800,14.5900,61,70,110,131,172,19,80,114,45,107
SZ,002333,2017-01-03 13:59:51,14.5400,1,36350.0000,25,S,14.5400,14.5300,14.5200,14.5100,14.5000,14.5500,14.5600,14.5700,14.5800,14.5900,41,75,79,131,322,19,80,104,45,107
SZ,002333,2017-01-03 14:00:06,14.5500,1,7276.0000,5,B,14.5400,14.5300,14.5200,14.5100,14.5000,14.5500,14.5600,14.5700,14.5800,14.5900,41,75,79,131,322,14,80,104,45,107
SZ,002333,2017-01-03 14:00:09,14.5400,1,10176.0000,7,S,14.5400,14.5300,14.5200,14.5100,14.5000,14.5500,14.5600,14.5700,14.5800,14.5900,34,75,79,131,322,14,80,104,45,107
SZ,002333,2017-01-03 14:01:00,14.5400,2,49436.0000,34,S,14.5300,14.5200,14.5100,14.5000,14.4900,14.5400,14.5500,14.5600,14.5700,14.5800,75,79,131,322,120,26,14,80,104,45
SZ,002333,2017-01-03 14:01:15,14.5400,1,21812.0000,15,B,14.5300,14.5200,14.5100,14.5000,14.4900,14.5400,14.5500,14.5600,14.5700,14.5800,75,79,131,172,120,11,14,80,104,45
SZ,002333,2017-01-03 14:01:57,14.5400,1,15992.0000,11,B,14.5400,14.5300,14.5200,14.5100,14.5000,14.5500,14.5600,14.5700,14.5800,14.5900,9,75,79,131,172,14,80,104,45,107
SZ,002333,2017-01-03 14:03:18,14.5400,3,27628.0000,19,S,14.5300,14.5200,14.5100,14.5000,14.4900,14.5400,14.5500,14.5600,14.5700,14.5800,75,79,131,173,120,51,14,80,104,59
SZ,002333,2017-01-03 14:04:30,14.5300,4,79914.0000,55,S,14.5300,14.5200,14.5100,14.5000,14.4900,14.5400,14.5500,14.5600,14.5700,14.5800,20,79,131,173,120,64,14,80,104,59
SZ,002333,2017-01-03 14:04:33,14.5300,1,14530.0000,10,S,14.5300,14.5200,14.5100,14.5000,14.4900,14.5400,14.5500,14.5600,14.5700,14.5800,10,79,131,173,120,64,14,80,104,59
SZ,002333,2017-01-03 14:05:33,14.5300,1,5812.0000,4,S,14.5300,14.5200,14.5100,14.5000,14.4900,14.5400,14.5500,14.5600,14.5700,14.5800,6,79,131,173,120,63,14,80,104,59
SZ,002333,2017-01-03 14:05:36,14.5300,2,8718.0000,6,S,14.5200,14.5100,14.5000,14.4900,14.4800,14.5300,14.5400,14.5500,14.5600,14.5700,79,131,173,120,120,4,63,14,80,104
SZ,002333,2017-01-03 14:06:18,14.5300,3,15982.0000,11,B,14.5300,14.5200,14.5100,14.5000,14.4900,14.5400,14.5500,14.5600,14.5700,14.5800,184,79,223,173,120,63,14,80,104,59
SZ,002333,2017-01-03 14:06:54,14.5300,1,20344.0000,14,S,14.5300,14.5200,14.5100,14.5000,14.4900,14.5400,14.5500,14.5600,14.5700,14.5800,170,79,218,173,120,63,14,80,104,59
SZ,002333,2017-01-03 14:07:18,14.5300,1,241196.0000,166,S,14.5300,14.5200,14.5100,14.5000,14.4900,14.5400,14.5500,14.5600,14.5700,14.5800,4,79,218,173,120,63,14,80,104,59
SZ,002333,2017-01-03 14:07:39,14.5300,1,5812.0000,4,S,14.5200,14.5100,14.5000,14.4900,14.4800,14.5300,14.5400,14.5500,14.5600,14.5700,79,228,173,120,120,2,71,14,80,104
SZ,002333,2017-01-03 14:08:00,14.5300,1,2908.0000,2,B,14.5300,14.5200,14.5100,14.5000,14.4900,14.5400,14.5500,14.5600,14.5700,14.5800,8,153,228,173,120,71,14,80,104,59
SZ,002333,2017-01-03 14:08:54,14.5300,1,1452.0000,1,S,14.5300,14.5200,14.5100,14.5000,14.4900,14.5400,14.5500,14.5600,14.5700,14.5800,51,159,228,173,120,71,26,80,104,59
SZ,002333,2017-01-03 14:09:09,14.5300,2,11624.0000,8,S,14.5300,14.5200,14.5100,14.5000,14.4900,14.5400,14.5500,14.5600,14.5700,14.5800,43,159,228,173,120,63,23,80,104,59
SZ,002333,2017-01-03 14:09:15,14.5300,1,8718.0000,6,S,14.5300,14.5200,14.5100,14.5000,14.4900,14.5400,14.5500,14.5600,14.5700,14.5800,37,159,228,173,120,63,23,80,104,59
SZ,002333,2017-01-03 14:09:51,14.5300,1,53762.0000,37,S,14.5200,14.5100,14.5000,14.4900,14.4800,14.5300,14.5400,14.5500,14.5600,14.5700,158,228,173,120,120,13,73,23,80,104
SZ,002333,2017-01-03 14:10:00,14.5300,1,8716.0000,6,B,14.5200,14.5100,14.5000,14.4900,14.4800,14.5300,14.5400,14.5500,14.5600,14.5700,158,228,173,120,120,7,73,23,80,104
SZ,002333,2017-01-03 14:10:33,14.5200,7,197472.0000,136,S,14.5200,14.5100,14.5000,14.4900,14.4800,14.5300,14.5400,14.5500,14.5600,14.5700,22,228,175,120,120,7,73,23,80,104
SZ,002333,2017-01-03 14:10:51,14.5200,1,5808.0000,4,S,14.5200,14.5100,14.5000,14.4900,14.4800,14.5300,14.5400,14.5500,14.5600,14.5700,18,228,175,120,120,37,73,23,80,104
SZ,002333,2017-01-03 14:10:54,14.5300,2,14532.0000,10,B,14.5200,14.5100,14.5000,14.4900,14.4800,14.5300,14.5400,14.5500,14.5600,14.5700,18,228,175,120,120,27,73,23,80,104
SZ,002333,2017-01-03 14:11:39,14.5300,1,8716.0000,6,B,14.5200,14.5100,14.5000,14.4900,14.4800,14.5300,14.5400,14.5500,14.5600,14.5700,18,228,175,120,120,74,73,23,80,104
SZ,002333,2017-01-03 14:13:18,14.5300,1,18890.0000,13,B,14.5200,14.5100,14.5000,14.4900,14.4800,14.5300,14.5400,14.5500,14.5600,14.5700,28,228,175,120,120,68,73,24,80,104
SZ,002333,2017-01-03 14:13:36,14.5200,1,11616.0000,8,S,14.5200,14.5100,14.5000,14.4900,14.4800,14.5300,14.5400,14.5500,14.5600,14.5700,20,228,175,120,120,65,73,24,80,104
SZ,002333,2017-01-03 14:13:48,14.5200,1,4356.0000,3,S,14.5200,14.5100,14.5000,14.4900,14.4800,14.5300,14.5400,14.5500,14.5600,14.5700,17,228,175,120,120,65,73,24,80,104
SZ,002333,2017-01-03 14:14:21,14.5200,2,4356.0000,3,S,14.5200,14.5100,14.5000,14.4900,14.4800,14.5300,14.5400,14.5500,14.5600,14.5700,15,238,175,120,120,65,73,24,80,104
SZ,002333,2017-01-03 14:14:54,14.5200,4,43560.0000,30,S,14.5200,14.5100,14.5000,14.4900,14.4800,14.5300,14.5400,14.5500,14.5600,14.5700,62,252,175,120,120,32,73,24,80,104
SZ,002333,2017-01-03 14:14:57,14.5200,1,10164.0000,7,S,14.5200,14.5100,14.5000,14.4900,14.4800,14.5300,14.5400,14.5500,14.5600,14.5700,55,252,175,120,120,32,73,24,80,104
SZ,002333,2017-01-03 14:15:03,14.5200,2,79860.0000,55,S,14.5100,14.5000,14.4900,14.4800,14.4700,14.5200,14.5300,14.5400,14.5500,14.5600,252,175,120,120,71,26,32,73,24,80
SZ,002333,2017-01-03 14:15:48,14.5200,1,2904.0000,2,B,14.5100,14.5000,14.4900,14.4800,14.4700,14.5200,14.5300,14.5400,14.5500,14.5600,252,175,120,120,71,104,82,73,24,80
SZ,002333,2017-01-03 14:16:00,14.5200,1,7260.0000,5,B,14.5100,14.5000,14.4900,14.4800,14.4700,14.5200,14.5300,14.5400,14.5500,14.5600,253,175,120,120,71,99,77,73,24,80
SZ,002333,2017-01-03 14:16:06,14.5100,4,66746.0000,46,S,14.5100,14.5000,14.4900,14.4800,14.4700,14.5200,14.5300,14.5400,14.5500,14.5600,207,175,120,120,71,99,77,73,24,80
SZ,002333,2017-01-03 14:17:03,14.5200,8,127718.0000,88,B,14.5100,14.5000,14.4900,14.4800,14.4700,14.5200,14.5300,14.5400,14.5500,14.5600,168,175,120,120,71,69,77,73,24,80
SZ,002333,2017-01-03 14:17:12,14.5100,1,5804.0000,4,S,14.5100,14.5000,14.4900,14.4800,14.4700,14.5200,14.5300,14.5400,14.5500,14.5600,164,175,120,120,71,69,77,73,24,80
SZ,002333,2017-01-03 14:17:24,14.5200,1,1452.0000,1,B,14.5100,14.5000,14.4900,14.4800,14.4700,14.5200,14.5300,14.5400,14.5500,14.5600,164,180,120,120,71,68,77,73,24,80
SZ,002333,2017-01-03 14:17:51,14.5100,2,29020.0000,20,S,14.5100,14.5000,14.4900,14.4800,14.4700,14.5200,14.5300,14.5400,14.5500,14.5600,144,180,120,120,71,68,77,73,24,80
SZ,002333,2017-01-03 14:18:42,14.5100,1,2902.0000,2,S,14.5100,14.5000,14.4900,14.4800,14.4700,14.5200,14.5300,14.5400,14.5500,14.5600,142,190,120,120,71,68,77,73,24,80
SZ,002333,2017-01-03 14:18:57,14.5100,3,145100.0000,100,S,14.5100,14.5000,14.4900,14.4800,14.4700,14.5200,14.5300,14.5400,14.5500,14.5600,47,193,120,120,71,68,77,73,24,80
SZ,002333,2017-01-03 14:19:03,14.5100,2,13060.0000,9,S,14.5100,14.5000,14.4900,14.4800,14.4700,14.5200,14.5300,14.5400,14.5500,14.5600,38,193,120,120,71,68,77,73,24,80
SZ,002333,2017-01-03 14:19:45,14.5100,3,27568.0000,19,S,14.5100,14.5000,14.4900,14.4800,14.4700,14.5200,14.5300,14.5400,14.5500,14.5600,19,190,120,120,71,68,77,73,24,80
SZ,002333,2017-01-03 14:20:03,14.5100,4,34824.0000,24,S,14.5000,14.4900,14.4800,14.4700,14.4500,14.5100,14.5200,14.5300,14.5400,14.5500,190,120,120,71,98,76,68,77,73,24
SZ,002333,2017-01-03 14:20:09,14.5100,1,14510.0000,10,B,14.5000,14.4900,14.4800,14.4700,14.4500,14.5100,14.5200,14.5300,14.5400,14.5500,190,120,120,71,98,66,68,77,73,24
SZ,002333,2017-01-03 14:20:21,14.5100,1,21766.0000,15,B,14.5000,14.4900,14.4800,14.4700,14.4500,14.5100,14.5200,14.5300,14.5400,14.5500,190,120,120,71,98,51,68,77,73,24
SZ,002333,2017-01-03 14:20:27,14.5100,1,30470.0000,21,B,14.5000,14.4900,14.4800,14.4700,14.4500,14.5100,14.5200,14.5300,14.5400,14.5500,190,120,120,81,98,30,68,77,73,24
SZ,002333,2017-01-03 14:20:36,14.5100,1,2902.0000,2,B,14.5000,14.4900,14.4800,14.4700,14.4500,14.5100,14.5200,14.5300,14.5400,14.5500,190,120,120,81,98,28,68,77,73,24
SZ,002333,2017-01-03 14:20:51,14.5100,1,1452.0000,1,B,14.5000,14.4900,14.4800,14.4700,14.4500,14.5100,14.5200,14.5300,14.5400,14.5500,182,120,120,81,98,27,68,77,73,24
SZ,002333,2017-01-03 14:21:00,14.5100,1,2900.0000,2,B,14.5000,14.4900,14.4800,14.4700,14.4500,14.5100,14.5200,14.5300,14.5400,14.5500,217,120,120,81,98,25,68,70,73,24
SZ,002333,2017-01-03 14:21:06,14.5100,1,11608.0000,8,B,14.5000,14.4900,14.4800,14.4700,14.4500,14.5100,14.5200,14.5300,14.5400,14.5500,217,120,120,81,98,37,68,70,73,24
SZ,002333,2017-01-03 14:21:09,14.5100,2,29020.0000,20,B,14.5000,14.4900,14.4800,14.4700,14.4500,14.5100,14.5200,14.5300,14.5400,14.5500,217,120,120,81,98,17,68,70,73,24
SZ,002333,2017-01-03 14:21:18,14.5100,2,13060.0000,9,B,14.5000,14.4900,14.4800,14.4700,14.4500,14.5100,14.5200,14.5300,14.5400,14.5500,217,120,120,81,98,8,68,70,73,24
SZ,002333,2017-01-03 14:21:21,14.5100,1,11608.0000,8,B,14.5100,14.5000,14.4900,14.4800,14.4700,14.5200,14.5300,14.5400,14.5500,14.5600,22,217,120,120,81,68,70,73,24,80
SZ,002333,2017-01-03 14:21:45,14.5200,1,7260.0000,5,B,14.5100,14.5000,14.4900,14.4800,14.4700,14.5200,14.5300,14.5400,14.5500,14.5600,43,217,120,120,81,63,70,73,24,80
SZ,002333,2017-01-03 14:21:51,14.5200,1,17424.0000,12,B,14.5100,14.5000,14.4900,14.4800,14.4700,14.5200,14.5300,14.5400,14.5500,14.5600,93,217,120,120,81,51,70,73,24,80
SZ,002333,2017-01-03 14:22:06,14.5200,1,72600.0000,50,B,14.5100,14.5000,14.4900,14.4800,14.4700,14.5200,14.5300,14.5400,14.5500,14.5600,100,221,120,120,81,1,70,73,24,80
SZ,002333,2017-01-03 14:22:09,14.5200,1,1452.0000,1,B,14.5200,14.5100,14.5000,14.4900,14.4800,14.5300,14.5400,14.5500,14.5600,14.5700,29,100,221,120,120,70,73,24,80,104
SZ,002333,2017-01-03 14:22:21,14.5300,1,29060.0000,20,B,14.5200,14.5100,14.5000,14.4900,14.4800,14.5300,14.5400,14.5500,14.5600,14.5700,50,78,214,120,120,50,73,124,80,104
SZ,002333,2017-01-03 14:22:30,14.5200,2,30492.0000,21,S,14.5200,14.5100,14.5000,14.4900,14.4800,14.5300,14.5400,14.5500,14.5600,14.5700,29,92,216,120,120,50,73,124,80,104
SZ,002333,2017-01-03 14:22:33,14.5300,1,46496.0000,32,B,14.5200,14.5100,14.5000,14.4900,14.4800,14.5300,14.5400,14.5500,14.5600,14.5700,29,92,216,120,120,18,73,124,80,104
SZ,002333,2017-01-03 14:23:06,14.5300,2,29060.0000,20,B,14.5200,14.5100,14.5000,14.4900,14.4800,14.5300,14.5400,14.5500,14.5600,14.5700,23,99,216,120,120,48,83,124,80,104
SZ,002333,2017-01-03 14:24:06,14.5300,3,145300.0000,100,B,14.5200,14.5100,14.5000,14.4900,14.4800,14.5300,14.5400,14.5500,14.5600,14.5700,23,99,226,120,120,5,83,127,80,104
SZ,002333,2017-01-03 14:24:15,14.5200,2,14520.0000,10,S,14.5200,14.5100,14.5000,14.4900,14.4800,14.5300,14.5400,14.5500,14.5600,14.5700,13,99,226,120,120,5,83,127,80,104
SZ,002333,2017-01-03 14:25:45,14.5200,2,24684.0000,17,S,14.5200,14.5100,14.5000,14.4900,14.4800,14.5300,14.5400,14.5500,14.5600,14.5700,4,49,222,120,120,105,83,127,80,104
SZ,002333,2017-01-03 14:26:09,14.5200,2,5808.0000,4,S,14.5100,14.5000,14.4900,14.4800,14.4700,14.5200,14.5300,14.5400,14.5500,14.5600,49,222,120,120,81,1,105,83,127,80
SZ,002333,2017-01-03 14:26:54,14.5200,2,15972.0000,11,B,14.5200,14.5100,14.5000,14.4900,14.4800,14.5300,14.5400,14.5500,14.5600,14.5700,4,86,222,120,120,105,83,127,80,104
SZ,002333,2017-01-03 14:27:12,14.5200,1,5808.0000,4,S,14.5100,14.5000,14.4900,14.4800,14.4700,14.5200,14.5300,14.5400,14.5500,14.5600,86,222,120,120,81,23,105,83,127,80
SZ,002333,2017-01-03 14:27:30,14.5400,6,290648.0000,200,B,14.5100,14.5000,14.4900,14.4800,14.4700,14.5400,14.5500,14.5600,14.5700,14.5800,86,222,120,120,81,11,127,80,104,57
SZ,002333,2017-01-03 14:27:42,14.5100,2,20316.0000,14,S,14.5100,14.5000,14.4900,14.4800,14.4700,14.5400,14.5500,14.5600,14.5700,14.5800,72,222,120,120,81,19,127,80,104,57
SZ,002333,2017-01-03 14:30:24,14.5700,16,544394.0000,374,B,14.5700,14.5300,14.5200,14.5100,14.5000,14.5800,14.5900,14.6000,14.6100,14.6200,6,50,26,100,217,57,110,172,1,28
SZ,002333,2017-01-03 14:30:54,14.5700,1,8742.0000,6,S,14.5400,14.5300,14.5200,14.5100,14.5000,14.5700,14.5800,14.5900,14.6000,14.6100,10,50,26,100,218,44,57,110,172,1
SZ,002333,2017-01-03 14:30:57,14.5400,1,7270.0000,5,S,14.5400,14.5300,14.5200,14.5100,14.5000,14.5700,14.5800,14.5900,14.6000,14.6100,5,50,26,100,218,44,57,110,172,1
SZ,002333,2017-01-03 14:31:24,14.5400,2,23264.0000,16,S,14.5400,14.5300,14.5200,14.5100,14.5000,14.5700,14.5800,14.5900,14.6000,14.6100,9,50,56,112,218,94,62,110,172,1
SZ,002333,2017-01-03 14:32:24,14.5500,2,29102.0000,20,S,14.5500,14.5400,14.5300,14.5200,14.5100,14.5600,14.5700,14.5800,14.5900,14.6000,11,9,50,56,115,57,94,61,115,174
SZ,002333,2017-01-03 14:32:33,14.5500,2,17460.0000,12,S,14.5400,14.5300,14.5200,14.5100,14.5000,14.5500,14.5600,14.5700,14.5800,14.5900,9,50,56,116,218,38,57,94,61,115
SZ,002333,2017-01-03 14:32:48,14.5400,1,1452.0000,1,S,14.5400,14.5300,14.5200,14.5100,14.5000,14.5500,14.5600,14.5700,14.5800,14.5900,11,50,63,116,218,38,57,94,61,115
SZ,002333,2017-01-03 14:33:24,14.5500,1,17460.0000,12,B,14.5400,14.5300,14.5200,14.5100,14.5000,14.5500,14.5600,14.5700,14.5800,14.5900,11,50,73,116,208,26,57,94,61,115
SZ,002333,2017-01-03 14:34:21,14.5500,1,14552.0000,10,B,14.5400,14.5300,14.5200,14.5100,14.5000,14.5500,14.5600,14.5700,14.5800,14.5900,41,50,80,116,206,16,57,94,71,115
SZ,002333,2017-01-03 14:34:24,14.5400,3,17448.0000,12,S,14.5400,14.5300,14.5200,14.5100,14.5000,14.5500,14.5600,14.5700,14.5800,14.5900,29,50,80,116,206,16,57,94,71,115
SZ,002333,2017-01-03 14:34:30,14.5400,1,42164.0000,29,S,14.5300,14.5200,14.5100,14.5000,14.4900,14.5400,14.5500,14.5600,14.5700,14.5800,50,75,116,206,150,6,16,57,94,71
SZ,002333,2017-01-03 14:34:48,14.5400,1,2908.0000,2,B,14.5300,14.5200,14.5100,14.5000,14.4900,14.5400,14.5500,14.5600,14.5700,14.5800,50,75,116,206,150,4,16,57,94,71
SZ,002333,2017-01-03 14:35:24,14.5300,1,20344.0000,14,S,14.5300,14.5200,14.5100,14.5000,14.4900,14.5500,14.5600,14.5700,14.5800,14.5900,36,76,116,206,150,16,57,94,106,115
