市场代码,证券代码,时间,最新价,成交笔数,成交额,成交量,方向,买一价,买二价,买三价,买四价,买五价,卖一价,卖二价,卖三价,卖四价,卖五价,买一量,买二量,买三量,买四量,买五量,卖一量,卖二量,卖三量,卖四量,卖五量
SZ,002326,2017-01-03 09:25:03,16.2200,13,118406.0000,73,S,16.2200,16.2100,16.2000,16.1900,16.1800,16.3100,16.3500,16.3800,16.4800,16.4900,17,93,74,26,26,110,50,4,65,10
SZ,002326,2017-01-03 09:30:03,16.3100,10,109118.0000,67,B,16.3000,16.2800,16.2600,16.2500,16.2400,16.3100,16.4100,16.4700,16.4800,16.4900,14,2,50,20,54,70,32,20,69,10
SZ,002326,2017-01-03 09:30:06,16.3000,3,19571.0000,12,S,16.3000,16.2600,16.2500,16.2400,16.2300,16.3100,16.4100,16.4500,16.4700,16.4800,13,50,20,73,291,59,32,2,20,69
SZ,002326,2017-01-03 09:30:09,16.3100,2,16310.0000,10,B,16.3000,16.2600,16.2500,16.2400,16.2300,16.3100,16.4100,16.4500,16.4700,16.4800,13,50,20,83,293,49,32,2,20,69
SZ,002326,2017-01-03 09:30:15,16.3100,2,17941.0000,11,B,16.3000,16.2600,16.2500,16.2400,16.2300,16.3100,16.4100,16.4500,16.4700,16.4800,13,50,20,83,293,38,32,2,20,69
SZ,002326,2017-01-03 09:30:24,16.3100,1,8155.0000,5,B,16.3000,16.2600,16.2500,16.2400,16.2300,16.3100,16.4100,16.4500,16.4700,16.4800,15,50,26,83,293,33,32,2,20,69
SZ,002326,2017-01-03 09:30:27,16.3100,1,3262.0000,2,B,16.3000,16.2600,16.2500,16.2400,16.2300,16.3100,16.4100,16.4500,16.4700,16.4800,15,50,26,82,293,31,32,2,20,69
SZ,002326,2017-01-03 09:30:30,16.3100,1,1631.0000,1,B,16.3000,16.2600,16.2500,16.2400,16.2300,16.3100,16.4100,16.4500,16.4700,16.4800,15,50,26,222,293,30,32,2,20,69
SZ,002326,2017-01-03 09:30:33,16.3100,1,16310.0000,10,B,16.3000,16.2600,16.2500,16.2400,16.2300,16.3100,16.4100,16.4500,16.4700,16.4800,15,50,26,227,293,20,32,2,20,69
SZ,002326,2017-01-03 09:30:36,16.3000,1,3260.0000,2,S,16.3000,16.2600,16.2500,16.2400,16.2300,16.3100,16.4100,16.4500,16.4700,16.4800,13,50,26,227,276,20,32,2,20,69
SZ,002326,2017-01-03 09:30:39,16.3100,1,4893.0000,3,B,16.3000,16.2600,16.2500,16.2400,16.2300,16.3100,16.4100,16.4500,16.4700,16.4800,13,50,29,227,276,17,32,2,20,69
SZ,002326,2017-01-03 09:30:42,16.3000,3,26094.0000,16,S,16.3000,16.2600,16.2500,16.2400,16.2300,16.3100,16.4000,16.4100,16.4500,16.4700,11,50,29,227,276,3,50,32,2,20
SZ,002326,2017-01-03 09:30:45,16.3100,1,4893.0000,3,B,16.3100,16.3000,16.2600,16.2500,16.2400,16.4000,16.4100,16.4500,16.4700,16.4800,25,11,50,29,227,50,32,2,20,69
SZ,002326,2017-01-03 09:30:54,16.4000,2,16392.0000,10,B,16.3100,16.3000,16.2600,16.2500,16.2400,16.4000,16.4100,16.4500,16.4700,16.4800,63,60,101,33,223,44,32,2,20,69
SZ,002326,2017-01-03 09:30:57,16.4000,1,65600.0000,40,B,16.3100,16.3000,16.2600,16.2500,16.2400,16.4000,16.4100,16.4500,16.4700,16.4800,63,60,101,83,223,4,32,2,20,69
SZ,002326,2017-01-03 09:31:00,16.3100,1,8155.0000,5,S,16.3100,16.3000,16.2600,16.2500,16.2400,16.3900,16.4000,16.4100,16.4500,16.4700,94,60,121,83,223,3,4,32,2,20
SZ,002326,2017-01-03 09:31:18,16.3900,1,4917.0000,3,B,16.3900,16.3200,16.3100,16.3000,16.2600,16.4000,16.4100,16.4500,16.4700,16.4800,3,17,102,62,121,5,32,2,20,69
SZ,002326,2017-01-03 09:31:21,16.3900,1,1639.0000,1,S,16.3900,16.3300,16.3200,16.3100,16.3000,16.4000,16.4100,16.4500,16.4700,16.4800,4,60,17,107,62,9,32,2,20,69
SZ,002326,2017-01-03 09:31:33,16.3900,1,1639.0000,1,S,16.3900,16.3300,16.3200,16.3100,16.3000,16.4000,16.4100,16.4500,16.4700,16.4800,26,60,19,121,69,9,32,2,20,69
SZ,002326,2017-01-03 09:31:42,16.4000,5,34427.0000,21,B,16.3900,16.3300,16.3200,16.3100,16.3000,16.4000,16.4100,16.4500,16.4700,16.4800,64,60,19,141,71,12,32,12,20,69
SZ,002326,2017-01-03 09:31:45,16.4000,4,32800.0000,20,B,16.3900,16.3300,16.3200,16.3100,16.3000,16.4000,16.4100,16.4500,16.4700,16.4800,64,60,15,141,71,3,32,12,20,69
SZ,002326,2017-01-03 09:31:48,16.4100,2,8202.0000,5,B,16.3900,16.3300,16.3200,16.3100,16.3000,16.4000,16.4100,16.4500,16.4700,16.4800,64,60,15,141,71,3,30,12,20,69
SZ,002326,2017-01-03 09:31:57,16.4000,1,4920.0000,3,B,16.4000,16.3900,16.3300,16.3200,16.3100,16.4100,16.4500,16.4700,16.4800,16.4900,12,64,60,15,145,32,12,20,69,10
SZ,002326,2017-01-03 09:32:06,16.4000,3,18040.0000,11,S,16.4000,16.3900,16.3300,16.3200,16.3100,16.4100,16.4500,16.4700,16.4800,16.4900,50,53,60,10,143,32,12,30,69,10
SZ,002326,2017-01-03 09:32:09,16.4100,2,14769.0000,9,B,16.4000,16.3900,16.3300,16.3200,16.3100,16.4100,16.4500,16.4700,16.4800,16.4900,50,53,60,140,143,23,22,30,69,10
SZ,002326,2017-01-03 09:32:15,16.4100,2,37743.0000,23,B,16.4100,16.4000,16.3900,16.3300,16.3200,16.4400,16.4500,16.4700,16.4800,16.4900,26,36,52,60,140,30,22,30,69,10
SZ,002326,2017-01-03 09:32:24,16.4100,3,44307.0000,27,S,16.4000,16.3900,16.3400,16.3300,16.3200,16.4100,16.4200,16.4400,16.4500,16.4700,36,50,10,60,140,3,112,30,22,30
SZ,002326,2017-01-03 09:32:30,16.4100,2,26256.0000,16,B,16.4000,16.3900,16.3400,16.3300,16.3200,16.4100,16.4200,16.4400,16.4500,16.4700,36,50,10,60,140,7,112,30,22,30
SZ,002326,2017-01-03 09:32:33,16.4100,1,8205.0000,5,B,16.4000,16.3900,16.3400,16.3300,16.3200,16.4100,16.4200,16.4400,16.4500,16.4700,37,50,10,60,140,2,112,30,22,30
SZ,002326,2017-01-03 09:32:36,16.4100,4,27897.0000,17,B,16.4000,16.3900,16.3400,16.3300,16.3200,16.4100,16.4200,16.4400,16.4500,16.4700,37,50,10,60,140,48,112,30,22,30
SZ,002326,2017-01-03 09:32:39,16.4100,1,1641.0000,1,B,16.4000,16.3900,16.3400,16.3300,16.3200,16.4100,16.4200,16.4400,16.4500,16.4700,37,50,10,60,140,67,112,30,22,30
SZ,002326,2017-01-03 09:32:45,16.4000,2,16400.0000,10,S,16.4000,16.3900,16.3400,16.3300,16.3200,16.4100,16.4200,16.4400,16.4500,16.4700,27,50,10,60,140,118,112,30,22,30
SZ,002326,2017-01-03 09:32:48,16.4000,1,16400.0000,10,S,16.4000,16.3900,16.3400,16.3300,16.3200,16.4100,16.4200,16.4400,16.4500,16.4700,17,50,10,60,140,118,112,30,22,30
SZ,002326,2017-01-03 09:32:51,16.4100,1,6564.0000,4,B,16.4000,16.3900,16.3400,16.3300,16.3200,16.4100,16.4200,16.4400,16.4500,16.4700,17,50,10,60,140,114,112,30,22,30
SZ,002326,2017-01-03 09:32:54,16.4000,5,27880.0000,17,S,16.3900,16.3400,16.3300,16.3200,16.3100,16.4000,16.4100,16.4200,16.4400,16.4500,50,10,60,140,115,30,114,112,30,22
SZ,002326,2017-01-03 09:32:57,16.4000,3,36080.0000,22,B,16.3900,16.3400,16.3300,16.3200,16.3100,16.4000,16.4100,16.4200,16.4400,16.4500,50,10,60,140,115,38,114,112,30,22
SZ,002326,2017-01-03 09:33:03,16.3900,2,34420.0000,21,S,16.3900,16.3400,16.3300,16.3200,16.3100,16.4000,16.4100,16.4200,16.4400,16.4500,30,10,60,140,115,65,114,112,30,22
SZ,002326,2017-01-03 09:33:09,16.4000,1,1640.0000,1,B,16.3900,16.3400,16.3300,16.3200,16.3100,16.4000,16.4100,16.4200,16.4400,16.4500,30,10,60,140,100,64,94,112,30,22
SZ,002326,2017-01-03 09:33:24,16.4000,3,50840.0000,31,B,16.3900,16.3800,16.3400,16.3300,16.3200,16.4000,16.4100,16.4200,16.4400,16.4500,30,2,37,65,140,38,94,112,30,22
SZ,002326,2017-01-03 09:33:30,16.3900,4,63931.0000,39,S,16.3900,16.3800,16.3400,16.3300,16.3200,16.4000,16.4100,16.4200,16.4400,16.4500,1,2,37,65,140,53,94,112,30,22
SZ,002326,2017-01-03 09:33:33,16.4000,1,19680.0000,12,B,16.3900,16.3800,16.3400,16.3300,16.3200,16.4000,16.4100,16.4200,16.4400,16.4500,1,2,37,65,140,51,94,112,30,22
SZ,002326,2017-01-03 09:33:39,16.3900,2,18029.0000,11,S,16.3800,16.3400,16.3300,16.3200,16.3100,16.3900,16.4000,16.4100,16.4200,16.4400,2,37,65,163,100,29,53,65,112,30
SZ,002326,2017-01-03 09:33:45,16.3900,2,39336.0000,24,B,16.3800,16.3400,16.3300,16.3200,16.3100,16.3900,16.4000,16.4100,16.4200,16.4400,2,37,65,163,100,15,63,65,112,30
SZ,002326,2017-01-03 09:33:48,16.3800,2,6552.0000,4,S,16.3400,16.3300,16.3200,16.3100,16.3000,16.3800,16.3900,16.4000,16.4100,16.4200,37,65,163,100,82,6,15,63,65,112
SZ,002326,2017-01-03 09:33:57,16.3900,2,16384.0000,10,B,16.3800,16.3400,16.3300,16.3200,16.3100,16.3900,16.4000,16.4100,16.4200,16.4500,5,37,65,163,100,4,42,65,112,22
SZ,002326,2017-01-03 09:34:03,16.3800,1,3276.0000,2,S,16.3800,16.3400,16.3300,16.3200,16.3100,16.3900,16.4000,16.4100,16.4200,16.4500,3,37,65,140,100,4,42,63,112,22
SZ,002326,2017-01-03 09:34:06,16.3800,1,4914.0000,3,S,16.3400,16.3300,16.3200,16.3100,16.3000,16.3900,16.4000,16.4100,16.4200,16.4500,37,65,140,100,82,12,42,63,112,22
SZ,002326,2017-01-03 09:34:24,16.3500,1,3270.0000,2,S,16.3500,16.3400,16.3300,16.3200,16.3100,16.3800,16.3900,16.4000,16.4100,16.4200,2,37,75,140,102,20,12,38,63,116
SZ,002326,2017-01-03 09:34:30,16.3800,1,8190.0000,5,B,16.3500,16.3400,16.3300,16.3200,16.3100,16.3800,16.3900,16.4000,16.4100,16.4200,9,37,75,140,97,17,12,38,166,116
SZ,002326,2017-01-03 09:34:36,16.3500,2,4905.0000,3,S,16.3500,16.3400,16.3300,16.3200,16.3100,16.3800,16.3900,16.4000,16.4100,16.4200,6,37,75,140,97,17,41,38,166,116
SZ,002326,2017-01-03 09:34:39,16.3900,7,54070.0000,33,B,16.3800,16.3500,16.3400,16.3300,16.3200,16.3900,16.4000,16.4100,16.4200,16.4500,10,6,37,75,140,25,49,166,112,22
SZ,002326,2017-01-03 09:34:42,16.3800,1,4914.0000,3,S,16.3800,16.3500,16.3400,16.3300,16.3200,16.3900,16.4000,16.4100,16.4200,16.4500,7,6,37,75,140,25,49,166,112,22
SZ,002326,2017-01-03 09:34:51,16.3900,1,16390.0000,10,B,16.3800,16.3500,16.3400,16.3300,16.3200,16.3900,16.4000,16.4100,16.4200,16.4500,7,8,37,95,140,15,49,206,112,22
SZ,002326,2017-01-03 09:34:57,16.3900,1,8195.0000,5,B,16.3800,16.3500,16.3400,16.3300,16.3200,16.3900,16.4000,16.4100,16.4200,16.4500,7,8,38,95,140,30,59,206,112,22
SZ,002326,2017-01-03 09:35:00,16.3900,1,16390.0000,10,B,16.3800,16.3500,16.3400,16.3300,16.3200,16.3900,16.4000,16.4100,16.4200,16.4500,7,13,38,95,140,40,59,206,112,22
SZ,002326,2017-01-03 09:35:03,16.3800,1,3276.0000,2,S,16.3800,16.3500,16.3400,16.3300,16.3200,16.3900,16.4000,16.4100,16.4200,16.4500,5,13,38,95,140,40,59,206,112,22
SZ,002326,2017-01-03 09:35:06,16.3800,1,4914.0000,3,S,16.3800,16.3500,16.3400,16.3300,16.3200,16.3900,16.4000,16.4100,16.4200,16.4500,32,13,38,95,140,40,59,206,112,22
SZ,002326,2017-01-03 09:35:24,16.3800,3,65520.0000,40,S,16.3800,16.3500,16.3400,16.3300,16.3200,16.3900,16.4000,16.4100,16.4200,16.4400,4,23,38,95,140,52,59,206,112,20
SZ,002326,2017-01-03 09:35:27,16.3900,1,1639.0000,1,B,16.3800,16.3500,16.3400,16.3300,16.3200,16.3900,16.4000,16.4100,16.4200,16.4400,4,23,38,95,140,51,59,212,112,20
SZ,002326,2017-01-03 09:35:33,16.3800,1,6552.0000,4,S,16.3500,16.3400,16.3300,16.3200,16.3100,16.3800,16.3900,16.4000,16.4100,16.4200,23,38,95,140,97,4,51,59,212,112
SZ,002326,2017-01-03 09:35:36,16.3900,3,8191.0000,5,B,16.3500,16.3400,16.3300,16.3200,16.3100,16.3800,16.3900,16.4000,16.4100,16.4200,23,38,95,140,97,0,50,59,212,112
SZ,002326,2017-01-03 09:35:45,16.3900,2,13111.0000,8,B,16.3600,16.3500,16.3400,16.3300,16.3200,16.3900,16.4000,16.4100,16.4200,16.4400,18,23,38,95,140,42,59,212,112,20
SZ,002326,2017-01-03 09:35:48,16.3900,1,3278.0000,2,B,16.3600,16.3500,16.3400,16.3300,16.3200,16.3900,16.4000,16.4100,16.4200,16.4400,18,23,38,95,140,40,59,212,112,20
SZ,002326,2017-01-03 09:36:03,16.3900,1,4917.0000,3,B,16.3600,16.3500,16.3400,16.3300,16.3200,16.3900,16.4000,16.4100,16.4200,16.4400,36,23,38,95,140,57,80,212,112,20
SZ,002326,2017-01-03 09:36:09,16.3600,1,9816.0000,6,S,16.3600,16.3500,16.3400,16.3300,16.3200,16.3800,16.3900,16.4000,16.4100,16.4200,30,23,38,95,140,36,59,120,212,112
SZ,002326,2017-01-03 09:36:24,16.3800,2,16380.0000,10,B,16.3700,16.3600,16.3500,16.3400,16.3300,16.3800,16.3900,16.4000,16.4100,16.4200,1,31,23,38,98,26,104,120,212,112
SZ,002326,2017-01-03 09:36:30,16.3700,1,1637.0000,1,S,16.3600,16.3500,16.3400,16.3300,16.3200,16.3700,16.3800,16.3900,16.4000,16.4100,31,23,38,98,140,17,32,104,120,212
SZ,002326,2017-01-03 09:36:33,16.3700,1,1637.0000,1,B,16.3600,16.3500,16.3400,16.3300,16.3200,16.3700,16.3800,16.3900,16.4000,16.4100,31,23,38,98,140,16,32,104,120,212
SZ,002326,2017-01-03 09:36:45,16.3700,1,26192.0000,16,B,16.3700,16.3600,16.3500,16.3400,16.3300,16.3800,16.3900,16.4000,16.4100,16.4200,4,48,48,38,95,32,104,120,212,112
SZ,002326,2017-01-03 09:36:51,16.3800,3,45859.0000,28,B,16.3600,16.3500,16.3400,16.3300,16.3200,16.3800,16.3900,16.4000,16.4100,16.4200,48,48,38,95,140,9,104,120,212,112
SZ,002326,2017-01-03 09:36:57,16.3600,1,16360.0000,10,S,16.3600,16.3500,16.3400,16.3300,16.3200,16.3800,16.3900,16.4000,16.4100,16.4200,58,50,38,97,140,40,104,120,212,112
SZ,002326,2017-01-03 09:37:00,16.3800,2,13104.0000,8,B,16.3600,16.3500,16.3400,16.3300,16.3200,16.3800,16.3900,16.4000,16.4100,16.4200,58,50,38,107,140,32,104,120,212,112
SZ,002326,2017-01-03 09:37:12,16.3500,8,98158.0000,60,S,16.3500,16.3400,16.3300,16.3200,16.3100,16.3800,16.3900,16.4000,16.4100,16.4200,48,38,107,150,98,32,104,120,182,112
SZ,002326,2017-01-03 09:37:21,16.3600,1,8180.0000,5,B,16.3500,16.3400,16.3300,16.3200,16.3100,16.3600,16.3800,16.3900,16.4000,16.4100,48,39,107,150,98,35,62,104,120,182
SZ,002326,2017-01-03 09:37:30,16.3500,2,13085.0000,8,S,16.3500,16.3400,16.3300,16.3200,16.3100,16.3600,16.3800,16.3900,16.4000,16.4100,106,39,107,150,98,30,62,104,120,182
SZ,002326,2017-01-03 09:37:33,16.3500,4,16350.0000,10,S,16.3500,16.3400,16.3300,16.3200,16.3100,16.3600,16.3800,16.3900,16.4000,16.4100,96,39,107,150,98,30,62,104,120,182
SZ,002326,2017-01-03 09:37:48,16.3600,1,4908.0000,3,B,16.3500,16.3400,16.3300,16.3200,16.3100,16.3600,16.3800,16.3900,16.4000,16.4100,101,39,107,150,103,30,62,104,120,182
SZ,002326,2017-01-03 09:37:51,16.3500,1,1635.0000,1,S,16.3500,16.3400,16.3300,16.3200,16.3100,16.3600,16.3800,16.3900,16.4000,16.4100,100,39,107,150,103,30,62,104,120,182
SZ,002326,2017-01-03 09:38:00,16.3500,9,174952.0000,107,S,16.3500,16.3400,16.3300,16.3200,16.3100,16.3600,16.3800,16.3900,16.4000,16.4100,3,39,107,150,83,23,62,104,120,182
SZ,002326,2017-01-03 09:38:06,16.3500,1,1635.0000,1,S,16.3500,16.3400,16.3300,16.3200,16.3100,16.3600,16.3800,16.3900,16.4000,16.4100,2,39,107,150,83,23,62,104,120,182
SZ,002326,2017-01-03 09:38:15,16.3500,1,3270.0000,2,S,16.3400,16.3300,16.3200,16.3100,16.3000,16.3500,16.3600,16.3800,16.3900,16.4000,88,107,150,83,43,6,3,62,104,120
SZ,002326,2017-01-03 09:38:18,16.3600,2,13082.0000,8,B,16.3500,16.3400,16.3300,16.3200,16.3100,16.3600,16.3800,16.3900,16.4000,16.4100,7,88,107,150,84,1,62,104,120,182
SZ,002326,2017-01-03 09:38:24,16.3600,1,1636.0000,1,B,16.3600,16.3500,16.3400,16.3300,16.3200,16.3800,16.3900,16.4000,16.4100,16.4200,19,13,89,107,150,62,104,120,182,12
SZ,002326,2017-01-03 09:38:48,16.3600,8,183392.0000,112,S,16.3600,16.3500,16.3400,16.3300,16.3200,16.3900,16.4000,16.4100,16.4200,16.4400,32,56,89,107,150,64,110,182,12,40
SZ,002326,2017-01-03 09:38:51,16.3600,1,11452.0000,7,S,16.3600,16.3500,16.3400,16.3300,16.3200,16.3900,16.4000,16.4100,16.4200,16.4400,25,56,89,107,150,64,110,182,12,40
SZ,002326,2017-01-03 09:39:21,16.3800,1,3276.0000,2,S,16.3800,16.3600,16.3500,16.3400,16.3300,16.3900,16.4000,16.4100,16.4200,16.4400,5,59,76,139,107,64,110,182,12,40
SZ,002326,2017-01-03 09:39:24,16.3800,2,8190.0000,5,S,16.3600,16.3500,16.3400,16.3300,16.3200,16.3800,16.3900,16.4000,16.4100,16.4200,59,76,139,107,21,49,64,110,182,12
SZ,002326,2017-01-03 09:39:48,16.3800,1,73710.0000,45,B,16.3600,16.3500,16.3400,16.3300,16.3200,16.3800,16.3900,16.4000,16.4100,16.4200,59,76,90,110,21,31,64,110,182,12
SZ,002326,2017-01-03 09:40:00,16.3600,7,134152.0000,82,S,16.3500,16.3400,16.3300,16.3200,16.3100,16.3600,16.3800,16.3900,16.4000,16.4100,76,90,110,21,84,18,60,64,110,182
SZ,002326,2017-01-03 09:40:12,16.3600,2,21268.0000,13,B,16.3500,16.3400,16.3300,16.3200,16.3100,16.3600,16.3800,16.3900,16.4000,16.4100,76,90,110,21,84,5,60,64,110,182
SZ,002326,2017-01-03 09:40:15,16.3500,1,9810.0000,6,S,16.3500,16.3400,16.3300,16.3200,16.3100,16.3600,16.3800,16.3900,16.4000,16.4100,70,90,110,21,84,5,60,64,110,182
SZ,002326,2017-01-03 09:40:45,16.3600,1,8180.0000,5,B,16.3600,16.3500,16.3400,16.3300,16.3200,16.3700,16.3800,16.3900,16.4000,16.4100,15,116,90,108,21,30,80,64,110,182
SZ,002326,2017-01-03 09:40:57,16.3700,1,49110.0000,30,B,16.3700,16.3600,16.3500,16.3400,16.3300,16.3800,16.3900,16.4000,16.4100,16.4200,20,17,118,90,108,80,64,110,183,12
SZ,002326,2017-01-03 09:41:06,16.3800,2,8190.0000,5,B,16.3700,16.3600,16.3500,16.3400,16.3300,16.3800,16.3900,16.4000,16.4100,16.4200,20,22,118,90,108,75,64,110,183,12
SZ,002326,2017-01-03 09:41:33,16.3800,1,16380.0000,10,B,16.3700,16.3600,16.3500,16.3400,16.3300,16.3800,16.3900,16.4000,16.4100,16.4200,21,152,132,90,98,66,64,110,183,12
SZ,002326,2017-01-03 09:41:45,16.3800,1,3276.0000,2,B,16.3700,16.3600,16.3500,16.3400,16.3300,16.3800,16.3900,16.4000,16.4100,16.4200,51,147,128,90,98,64,64,110,183,12
SZ,002326,2017-01-03 09:41:48,16.3800,2,8190.0000,5,B,16.3700,16.3600,16.3500,16.3400,16.3300,16.3800,16.3900,16.4000,16.4100,16.4200,61,147,169,90,98,59,64,110,183,12
SZ,002326,2017-01-03 09:41:54,16.3700,2,16379.0000,10,S,16.3700,16.3600,16.3500,16.3400,16.3300,16.3800,16.3900,16.4000,16.4100,16.4200,90,147,169,90,98,50,80,110,183,12
SZ,002326,2017-01-03 09:41:57,16.3800,1,1638.0000,1,B,16.3700,16.3600,16.3500,16.3400,16.3300,16.3800,16.3900,16.4000,16.4100,16.4200,93,147,159,90,98,49,80,110,183,12
SZ,002326,2017-01-03 09:42:03,16.3800,2,4914.0000,3,B,16.3700,16.3600,16.3500,16.3400,16.3300,16.3800,16.3900,16.4000,16.4100,16.4200,93,147,159,80,98,46,80,110,183,12
SZ,002326,2017-01-03 09:42:09,16.3800,1,3276.0000,2,B,16.3700,16.3600,16.3500,16.3400,16.3300,16.3800,16.3900,16.4000,16.4100,16.4200,103,147,159,80,98,44,80,110,183,12
SZ,002326,2017-01-03 09:42:12,16.3800,3,72072.0000,44,B,16.3800,16.3700,16.3600,16.3500,16.3400,16.3900,16.4000,16.4100,16.4200,16.4400,12,103,147,159,80,80,110,183,12,20
SZ,002326,2017-01-03 09:42:21,16.3900,1,4917.0000,3,B,16.3800,16.3700,16.3600,16.3500,16.3400,16.3900,16.4000,16.4100,16.4200,16.4400,12,103,147,175,80,75,108,183,12,20
SZ,002326,2017-01-03 09:42:27,16.3800,2,18018.0000,11,S,16.3800,16.3700,16.3600,16.3500,16.3400,16.3900,16.4000,16.4100,16.4200,16.4400,1,73,147,175,80,75,108,183,12,20
SZ,002326,2017-01-03 09:42:30,16.3900,2,9834.0000,6,B,16.3800,16.3700,16.3600,16.3500,16.3400,16.3900,16.4000,16.4100,16.4200,16.4400,5,73,147,175,80,69,108,183,12,20
SZ,002326,2017-01-03 09:42:42,16.3900,1,9834.0000,6,B,16.3800,16.3700,16.3600,16.3500,16.3400,16.3900,16.4000,16.4100,16.4200,16.4400,45,73,147,161,80,69,116,183,12,20
SZ,002326,2017-01-03 09:42:48,16.3900,6,96701.0000,59,B,16.3800,16.3700,16.3600,16.3500,16.3400,16.3900,16.4000,16.4100,16.4200,16.4400,47,73,147,161,80,15,116,183,12,20
SZ,002326,2017-01-03 09:43:00,16.3900,3,25634.0000,16,B,16.3900,16.3800,16.3700,16.3600,16.3500,16.4000,16.4100,16.4200,16.4400,16.4500,84,43,73,147,183,116,213,12,20,124
SZ,002326,2017-01-03 09:43:12,16.4000,1,4920.0000,3,B,16.3900,16.3800,16.3700,16.3600,16.3500,16.4000,16.4100,16.4200,16.4400,16.4500,94,55,43,149,183,123,213,12,20,124
SZ,002326,2017-01-03 09:43:21,16.4000,1,6560.0000,4,B,16.3900,16.3800,16.3700,16.3600,16.3500,16.4000,16.4100,16.4200,16.4400,16.4500,109,62,43,149,183,119,183,12,20,124
SZ,002326,2017-01-03 09:43:24,16.4000,1,6560.0000,4,B,16.3900,16.3800,16.3700,16.3600,16.3500,16.4000,16.4100,16.4200,16.4400,16.4500,109,58,43,149,183,115,183,12,20,124
SZ,002326,2017-01-03 09:43:30,16.4000,1,1640.0000,1,B,16.3900,16.3800,16.3700,16.3600,16.3500,16.4000,16.4100,16.4200,16.4400,16.4500,139,58,43,149,188,114,183,12,20,124
SZ,002326,2017-01-03 09:43:33,16.4000,4,49200.0000,30,B,16.3900,16.3800,16.3700,16.3600,16.3500,16.4000,16.4100,16.4200,16.4400,16.4500,139,58,43,152,188,84,183,12,20,124
SZ,002326,2017-01-03 09:43:36,16.4000,1,26240.0000,16,B,16.3900,16.3800,16.3700,16.3600,16.3500,16.4000,16.4100,16.4200,16.4400,16.4500,139,58,43,152,188,68,188,12,20,124
SZ,002326,2017-01-03 09:43:42,16.4000,4,111520.0000,68,B,16.4000,16.3900,16.3800,16.3700,16.3600,16.4100,16.4200,16.4400,16.4500,16.4700,40,55,54,43,155,188,12,20,124,10
SZ,002326,2017-01-03 09:43:54,16.4100,1,3282.0000,2,B,16.4000,16.3900,16.3800,16.3700,16.3600,16.4100,16.4200,16.4400,16.4500,16.4700,55,55,54,43,158,186,12,20,124,10
SZ,002326,2017-01-03 09:44:00,16.4100,2,95178.0000,58,B,16.4000,16.3900,16.3800,16.3700,16.3600,16.4100,16.4200,16.4400,16.4500,16.4700,151,45,54,43,158,128,12,20,124,10
SZ,002326,2017-01-03 09:44:06,16.4100,2,6564.0000,4,B,16.4000,16.3900,16.3800,16.3700,16.3600,16.4100,16.4200,16.4400,16.4500,16.4700,151,45,54,43,158,124,12,20,124,10
SZ,002326,2017-01-03 09:44:09,16.4100,1,14769.0000,9,B,16.4000,16.3900,16.3800,16.3700,16.3600,16.4100,16.4200,16.4400,16.4500,16.4700,62,45,54,47,158,115,12,20,124,10
SZ,002326,2017-01-03 09:44:12,16.4100,1,4923.0000,3,B,16.4000,16.3900,16.3800,16.3700,16.3600,16.4100,16.4200,16.4400,16.4500,16.4700,62,45,54,47,158,112,12,20,124,10
SZ,002326,2017-01-03 09:44:15,16.4000,2,50851.0000,31,S,16.4000,16.3900,16.3800,16.3700,16.3600,16.4100,16.4200,16.4400,16.4500,16.4700,42,45,54,47,158,101,12,24,124,10
SZ,002326,2017-01-03 09:44:21,16.4100,2,29527.0000,18,B,16.4000,16.3900,16.3800,16.3700,16.3600,16.4100,16.4200,16.4400,16.4500,16.4700,31,45,54,47,158,94,12,24,124,10
SZ,002326,2017-01-03 09:44:24,16.4100,5,154254.0000,94,B,16.4100,16.4000,16.3900,16.3800,16.3700,16.4200,16.4400,16.4500,16.4700,16.4800,23,31,45,54,47,12,24,124,10,2
SZ,002326,2017-01-03 09:44:27,16.4100,1,37743.0000,23,S,16.4000,16.3900,16.3800,16.3700,16.3600,16.4100,16.4200,16.4400,16.4500,16.4700,31,45,54,50,155,3,12,24,124,10
SZ,002326,2017-01-03 09:44:33,16.4100,1,4923.0000,3,B,16.4100,16.4000,16.3900,16.3800,16.3700,16.4200,16.4400,16.4500,16.4700,16.4800,3,31,45,54,50,12,24,124,10,2
SZ,002326,2017-01-03 09:44:36,16.4200,1,1642.0000,1,B,16.4100,16.4000,16.3900,16.3800,16.3700,16.4200,16.4400,16.4500,16.4700,16.4800,5,34,45,54,50,11,24,124,10,2
SZ,002326,2017-01-03 09:44:39,16.4100,2,8205.0000,5,S,16.4000,16.3900,16.3800,16.3700,16.3600,16.4100,16.4200,16.4400,16.4500,16.4700,31,45,54,50,155,1,11,24,124,10
SZ,002326,2017-01-03 09:44:45,16.4200,2,9851.0000,6,B,16.4000,16.3900,16.3800,16.3700,16.3600,16.4200,16.4400,16.4500,16.4700,16.4800,36,45,54,50,155,6,54,124,10,2
SZ,002326,2017-01-03 09:44:48,16.4200,1,8210.0000,5,B,16.4000,16.3900,16.3800,16.3700,16.3600,16.4200,16.4400,16.4500,16.4700,16.4800,36,45,54,60,155,8,54,124,10,2
SZ,002326,2017-01-03 09:44:54,16.4200,2,13136.0000,8,B,16.4200,16.4000,16.3900,16.3800,16.3700,16.4400,16.4500,16.4700,16.4800,16.4900,63,40,45,57,60,54,124,10,2,30
SZ,002326,2017-01-03 09:45:09,16.4400,1,18084.0000,11,B,16.4300,16.4200,16.4100,16.4000,16.3900,16.4400,16.4500,16.4700,16.4800,16.4900,4,63,32,50,51,43,124,10,32,30
SZ,002326,2017-01-03 09:45:12,16.4300,1,6572.0000,4,S,16.4200,16.4100,16.4000,16.3900,16.3800,16.4400,16.4500,16.4700,16.4800,16.4900,63,32,50,51,57,43,124,10,32,30
SZ,002326,2017-01-03 09:45:24,16.4400,3,6570.0000,4,B,16.4200,16.4100,16.4000,16.3900,16.3800,16.4400,16.4500,16.4700,16.4800,16.4900,11,32,51,51,57,42,124,10,32,30
SZ,002326,2017-01-03 09:45:27,16.4400,2,18084.0000,11,B,16.4200,16.4100,16.4000,16.3900,16.3800,16.4400,16.4500,16.4700,16.4800,16.4900,16,32,51,51,57,31,124,10,32,30
SZ,002326,2017-01-03 09:45:30,16.4400,1,1644.0000,1,B,16.4300,16.4200,16.4100,16.4000,16.3900,16.4400,16.4500,16.4700,16.4800,16.4900,5,16,32,51,51,30,124,10,32,30
SZ,002326,2017-01-03 09:45:33,16.4200,2,16425.0000,10,S,16.4200,16.4100,16.4000,16.3900,16.3800,16.4400,16.4500,16.4700,16.4800,16.4900,11,32,48,51,54,34,124,10,32,30
SZ,002326,2017-01-03 09:45:39,16.4400,1,3288.0000,2,B,16.4200,16.4100,16.4000,16.3900,16.3800,16.4400,16.4500,16.4700,16.4800,16.4900,11,32,44,51,54,32,124,10,32,30
SZ,002326,2017-01-03 09:45:42,16.4300,2,23011.0000,14,S,16.4200,16.4100,16.4000,16.3900,16.3800,16.4300,16.4400,16.4500,16.4700,16.4800,11,32,54,51,54,5,27,124,10,32
SZ,002326,2017-01-03 09:45:45,16.4400,6,54247.0000,33,B,16.4400,16.4300,16.4200,16.4100,16.4000,16.4500,16.4700,16.4800,16.4900,16.5000,69,2,11,32,54,124,10,32,30,53
SZ,002326,2017-01-03 09:45:48,16.4400,1,24660.0000,15,S,16.4400,16.4300,16.4200,16.4100,16.4000,16.4500,16.4700,16.4800,16.4900,16.5000,54,2,13,32,54,124,10,32,30,53
SZ,002326,2017-01-03 09:45:51,16.4500,4,103635.0000,63,B,16.4400,16.4300,16.4200,16.4100,16.4000,16.4500,16.4700,16.4800,16.4900,16.5000,54,2,13,32,54,61,10,32,30,53
SZ,002326,2017-01-03 09:46:03,16.4500,1,8225.0000,5,B,16.4400,16.4300,16.4200,16.4100,16.4000,16.4500,16.4700,16.4800,16.4900,16.5000,55,2,11,32,54,58,30,32,30,53
SZ,002326,2017-01-03 09:46:06,16.4500,1,4935.0000,3,B,16.4400,16.4300,16.4200,16.4100,16.4000,16.4500,16.4700,16.4800,16.4900,16.5000,55,2,11,32,54,55,30,32,30,53
SZ,002326,2017-01-03 09:46:12,16.4400,2,46050.0000,28,S,16.4400,16.4300,16.4200,16.4100,16.4000,16.4500,16.4700,16.4800,16.4900,16.5000,45,2,12,32,54,40,30,32,30,53
SZ,002326,2017-01-03 09:46:15,16.4500,1,1645.0000,1,B,16.4400,16.4300,16.4200,16.4100,16.4000,16.4500,16.4700,16.4800,16.4900,16.5000,45,2,12,32,54,49,30,32,30,53
SZ,002326,2017-01-03 09:46:21,16.4500,1,6580.0000,4,B,16.4400,16.4300,16.4200,16.4100,16.4000,16.4500,16.4700,16.4800,16.4900,16.5000,45,2,8,32,54,65,30,32,30,53
SZ,002326,2017-01-03 09:46:30,16.4500,5,105250.0000,64,B,16.4400,16.4300,16.4200,16.4100,16.4000,16.4500,16.4700,16.4800,16.4900,16.5000,15,2,8,32,54,56,30,32,30,56
SZ,002326,2017-01-03 09:46:33,16.4400,3,24660.0000,15,S,16.4300,16.4200,16.4100,16.4000,16.3900,16.4400,16.4500,16.4700,16.4800,16.4900,2,8,32,54,36,215,56,30,32,30
SZ,002326,2017-01-03 09:46:39,16.4400,1,1644.0000,1,B,16.4300,16.4200,16.4100,16.4000,16.3900,16.4400,16.4500,16.4700,16.4800,16.4900,2,8,32,79,36,214,56,30,32,30
SZ,002326,2017-01-03 09:46:42,16.4300,1,3286.0000,2,S,16.4200,16.4100,16.4000,16.3900,16.3800,16.4300,16.4400,16.4500,16.4700,16.4800,8,32,79,36,36,59,214,56,30,32
SZ,002326,2017-01-03 09:46:57,16.4300,5,18063.0000,11,B,16.4100,16.4000,16.3900,16.3800,16.3700,16.4300,16.4400,16.4500,16.4700,16.4800,32,84,36,34,80,75,214,59,30,32
SZ,002326,2017-01-03 09:47:12,16.4100,4,49239.0000,30,S,16.4100,16.4000,16.3900,16.3800,16.3700,16.4200,16.4300,16.4500,16.4700,16.4800,11,284,36,34,60,20,75,59,30,32
SZ,002326,2017-01-03 09:47:15,16.4200,1,16420.0000,10,B,16.4100,16.4000,16.3900,16.3800,16.3700,16.4200,16.4300,16.4500,16.4700,16.4800,11,284,36,34,60,10,75,59,30,32
SZ,002326,2017-01-03 09:47:27,16.4100,1,16410.0000,10,S,16.4100,16.4000,16.3900,16.3800,16.3700,16.4200,16.4300,16.4400,16.4500,16.4700,3,284,36,34,60,46,75,20,59,30
SZ,002326,2017-01-03 09:47:30,16.4200,2,16420.0000,10,B,16.4100,16.4000,16.3900,16.3800,16.3700,16.4200,16.4300,16.4400,16.4500,16.4700,3,284,36,34,60,36,75,20,59,20
SZ,002326,2017-01-03 09:47:36,16.4200,1,9852.0000,6,B,16.4100,16.4000,16.3900,16.3800,16.3700,16.4200,16.4300,16.4400,16.4500,16.4700,21,284,36,44,60,30,75,20,59,20
SZ,002326,2017-01-03 09:47:42,16.4100,2,3282.0000,2,S,16.4100,16.4000,16.3900,16.3800,16.3700,16.4200,16.4300,16.4400,16.4500,16.4700,19,289,36,44,60,30,75,20,59,20
SZ,002326,2017-01-03 09:47:45,16.4200,4,52523.0000,32,B,16.4000,16.3900,16.3800,16.3700,16.3600,16.4200,16.4300,16.4400,16.4500,16.4700,283,36,44,60,35,18,75,20,59,20
SZ,002326,2017-01-03 09:48:00,16.4200,1,13136.0000,8,B,16.4100,16.4000,16.3900,16.3800,16.3700,16.4200,16.4300,16.4400,16.4500,16.4700,146,278,36,44,77,10,75,20,59,20
SZ,002326,2017-01-03 09:48:03,16.4100,2,13128.0000,8,S,16.4100,16.4000,16.3900,16.3800,16.3700,16.4200,16.4300,16.4400,16.4500,16.4700,140,278,36,44,77,10,75,20,59,20
SZ,002326,2017-01-03 09:48:12,16.4100,1,16410.0000,10,S,16.4100,16.4000,16.3900,16.3800,16.3700,16.4200,16.4300,16.4400,16.4500,16.4700,155,268,36,44,77,10,75,20,59,20
SZ,002326,2017-01-03 09:48:15,16.4100,1,8205.0000,5,S,16.4100,16.4000,16.3900,16.3800,16.3700,16.4200,16.4300,16.4400,16.4500,16.4700,150,268,36,44,77,20,75,20,59,20
SZ,002326,2017-01-03 09:48:18,16.4100,1,4923.0000,3,S,16.4100,16.4000,16.3900,16.3800,16.3700,16.4200,16.4300,16.4400,16.4500,16.4700,155,268,36,44,77,20,75,20,59,20
SZ,002326,2017-01-03 09:48:24,16.4200,1,1642.0000,1,B,16.4100,16.4000,16.3900,16.3800,16.3700,16.4200,16.4300,16.4400,16.4500,16.4700,156,268,36,50,77,19,75,20,59,20
SZ,002326,2017-01-03 09:48:30,16.4200,2,11494.0000,7,B,16.4100,16.4000,16.3900,16.3800,16.3700,16.4200,16.4300,16.4400,16.4500,16.4700,168,268,36,50,77,12,81,20,59,20
SZ,002326,2017-01-03 09:48:33,16.4200,1,3284.0000,2,B,16.4100,16.4000,16.3900,16.3800,16.3700,16.4200,16.4300,16.4400,16.4500,16.4700,168,268,36,50,74,10,81,20,59,20
SZ,002326,2017-01-03 09:48:36,16.4200,2,14778.0000,9,B,16.4100,16.4000,16.3900,16.3800,16.3700,16.4200,16.4300,16.4400,16.4500,16.4700,160,268,36,50,74,1,81,20,59,20
SZ,002326,2017-01-03 09:48:39,16.4200,1,1642.0000,1,B,16.4200,16.4100,16.4000,16.3900,16.3800,16.4300,16.4400,16.4500,16.4700,16.4800,7,173,268,36,50,81,20,59,20,32
SZ,002326,2017-01-03 09:48:48,16.4200,1,6568.0000,4,S,16.4200,16.4100,16.4000,16.3900,16.3800,16.4300,16.4400,16.4500,16.4700,16.4800,138,173,268,36,50,81,20,89,20,32
SZ,002326,2017-01-03 09:48:54,16.4200,4,45979.0000,28,S,16.4200,16.4100,16.4000,16.3900,16.3800,16.4300,16.4400,16.4500,16.4700,16.4800,115,161,268,36,50,98,20,89,20,32
SZ,002326,2017-01-03 09:49:03,16.4300,1,19716.0000,12,B,16.4200,16.4100,16.4000,16.3900,16.3800,16.4300,16.4400,16.4500,16.4700,16.4800,115,159,268,36,50,99,20,89,20,32
SZ,002326,2017-01-03 09:49:06,16.4300,2,6572.0000,4,B,16.4200,16.4100,16.4000,16.3900,16.3800,16.4300,16.4400,16.4500,16.4700,16.4800,120,159,268,36,50,52,20,89,20,32
SZ,002326,2017-01-03 09:49:12,16.4300,5,60779.0000,37,B,16.4200,16.4100,16.4000,16.3900,16.3800,16.4300,16.4400,16.4500,16.4700,16.4800,108,179,307,36,50,27,20,89,20,32
SZ,002326,2017-01-03 09:49:15,16.4300,3,27923.0000,17,B,16.4200,16.4100,16.4000,16.3900,16.3800,16.4300,16.4400,16.4500,16.4700,16.4800,100,179,307,36,50,18,20,89,20,32
SZ,002326,2017-01-03 09:49:18,16.4400,4,32862.0000,20,B,16.4300,16.4200,16.4100,16.4000,16.3900,16.4400,16.4500,16.4700,16.4800,16.4900,36,100,179,307,36,18,89,20,32,10
SZ,002326,2017-01-03 09:49:36,16.4400,3,32880.0000,20,B,16.4300,16.4200,16.4100,16.4000,16.3900,16.4400,16.4500,16.4700,16.4800,16.4900,57,103,67,325,36,3,89,20,32,10
SZ,002326,2017-01-03 09:49:39,16.4300,3,23005.0000,14,S,16.4300,16.4200,16.4100,16.4000,16.3900,16.4500,16.4700,16.4800,16.4900,16.5000,46,103,67,325,36,89,20,32,10,63
SZ,002326,2017-01-03 09:49:42,16.4400,2,8220.0000,5,B,16.4400,16.4300,16.4200,16.4100,16.4000,16.4500,16.4700,16.4800,16.4900,16.5000,103,46,103,67,325,89,20,32,10,73
SZ,002326,2017-01-03 09:49:45,16.4700,9,176051.0000,107,B,16.4400,16.4300,16.4200,16.4100,16.4000,16.4700,16.4800,16.4900,16.5000,16.5200,103,47,103,67,325,2,32,10,73,24
SZ,002326,2017-01-03 09:49:48,16.4700,4,47784.0000,29,B,16.4700,16.4400,16.4300,16.4200,16.4100,16.4800,16.4900,16.5000,16.5200,16.5400,31,110,47,103,67,11,10,73,24,50
SZ,002326,2017-01-03 09:49:57,16.5000,10,166828.0000,101,B,16.5100,16.4700,16.4500,16.4400,16.4300,16.5200,16.5400,16.5500,16.5600,16.5700,46,24,30,110,47,24,50,7,102,3
SZ,002326,2017-01-03 09:50:03,16.5200,1,11564.0000,7,B,16.5100,16.4800,16.4700,16.4500,16.4400,16.5200,16.5400,16.5500,16.5600,16.5700,46,70,24,30,110,17,50,7,102,3
SZ,002326,2017-01-03 09:50:06,16.5200,1,11564.0000,7,B,16.5000,16.4800,16.4500,16.4400,16.4300,16.5200,16.5400,16.5500,16.5600,16.5700,5,70,30,110,47,10,50,7,102,3
SZ,002326,2017-01-03 09:50:09,16.5600,8,329397.0000,199,B,16.5600,16.5000,16.4800,16.4500,16.4400,16.5700,16.5900,16.6000,16.6400,16.6500,1,8,70,30,110,3,12,61,7,74
SZ,002326,2017-01-03 09:50:12,16.5100,2,6609.0000,4,S,16.5400,16.5000,16.4800,16.4500,16.4400,16.5700,16.5900,16.6000,16.6400,16.6500,22,8,70,30,110,3,12,61,7,74
SZ,002326,2017-01-03 09:50:15,16.5700,2,14907.0000,9,B,16.5400,16.5200,16.5000,16.4800,16.4500,16.5900,16.6000,16.6400,16.6500,16.6600,22,5,8,70,30,12,61,7,74,41
SZ,002326,2017-01-03 09:50:21,16.5900,3,53068.0000,32,B,16.5900,16.5600,16.5400,16.5000,16.4800,16.6000,16.6400,16.6500,16.6600,16.6700,18,2,22,8,70,61,7,74,41,110
SZ,002326,2017-01-03 09:50:24,16.5900,1,16590.0000,10,S,16.5900,16.5600,16.5200,16.5000,16.4800,16.6000,16.6400,16.6500,16.6600,16.6700,8,2,5,8,70,61,7,74,41,110
SZ,002326,2017-01-03 09:50:30,16.5900,7,82990.0000,50,S,16.5600,16.5200,16.5000,16.4800,16.4500,16.5900,16.6000,16.6400,16.6500,16.6600,7,5,38,64,31,3,31,7,74,41
SZ,002326,2017-01-03 09:50:33,16.5900,3,19908.0000,12,B,16.5900,16.5600,16.5200,16.5000,16.4800,16.6000,16.6400,16.6500,16.6600,16.6700,8,7,5,38,64,31,7,74,41,110
SZ,002326,2017-01-03 09:50:36,16.6000,4,16591.0000,10,B,16.5600,16.5200,16.5000,16.4800,16.4500,16.6000,16.6400,16.6500,16.6600,16.6700,7,5,38,64,31,58,7,74,41,110
SZ,002326,2017-01-03 09:50:39,16.5900,1,1659.0000,1,S,16.5600,16.5200,16.5000,16.4800,16.4500,16.5900,16.6000,16.6400,16.6500,16.6600,7,5,38,64,11,7,58,7,74,41
SZ,002326,2017-01-03 09:50:42,16.6000,3,19913.0000,12,B,16.5600,16.5200,16.5000,16.4800,16.4500,16.5800,16.5900,16.6000,16.6400,16.6500,7,5,38,64,11,3,15,53,7,74
SZ,002326,2017-01-03 09:50:45,16.5900,2,8292.0000,5,B,16.5600,16.5200,16.5000,16.4800,16.4500,16.5700,16.5900,16.6000,16.6400,16.6500,7,5,38,64,11,100,29,60,7,74
SZ,002326,2017-01-03 09:50:48,16.5700,1,4971.0000,3,B,16.5600,16.5100,16.5000,16.4800,16.4500,16.5700,16.5900,16.6000,16.6400,16.6500,7,4,38,64,11,97,34,60,7,74
SZ,002326,2017-01-03 09:50:51,16.5700,5,94429.0000,57,B,16.5300,16.5200,16.5100,16.5000,16.4800,16.5700,16.5900,16.6000,16.6400,16.6500,6,6,4,38,64,57,34,60,7,74
SZ,002326,2017-01-03 09:50:54,16.5700,2,16570.0000,10,B,16.5300,16.5200,16.5100,16.5000,16.4800,16.5600,16.5700,16.5900,16.6000,16.6400,6,6,4,38,64,10,47,34,61,17
SZ,002326,2017-01-03 09:50:57,16.5600,1,8280.0000,5,B,16.5300,16.5200,16.5100,16.5000,16.4800,16.5600,16.5700,16.5900,16.6000,16.6400,6,6,4,35,64,5,47,34,61,17
SZ,002326,2017-01-03 09:51:00,16.5600,1,8280.0000,5,B,16.5700,16.5300,16.5200,16.5100,16.5000,16.5900,16.6000,16.6400,16.6500,16.6600,10,6,6,4,30,34,61,17,74,61
SZ,002326,2017-01-03 09:51:03,16.5700,2,16570.0000,10,S,16.5300,16.5200,16.5100,16.5000,16.4800,16.5800,16.5900,16.6000,16.6400,16.6500,6,6,4,30,64,47,34,61,22,74
SZ,002326,2017-01-03 09:51:06,16.5300,3,21495.0000,13,S,16.5200,16.5100,16.5000,16.4800,16.4500,16.5300,16.5800,16.5900,16.6000,16.6400,6,4,30,64,61,5,47,34,61,22
SZ,002326,2017-01-03 09:51:09,16.5700,3,91115.0000,55,B,16.5600,16.5200,16.5100,16.5000,16.4800,16.5700,16.5800,16.5900,16.6000,16.6400,7,6,4,54,64,13,52,34,61,22
SZ,002326,2017-01-03 09:51:12,16.5600,1,11592.0000,7,S,16.5200,16.5100,16.5000,16.4800,16.4500,16.5600,16.5700,16.5800,16.5900,16.6000,6,4,54,64,61,13,13,52,34,63
SZ,002326,2017-01-03 09:51:15,16.5600,1,3312.0000,2,B,16.5200,16.5100,16.5000,16.4800,16.4500,16.5600,16.5700,16.5800,16.5900,16.6000,6,4,64,64,61,21,23,52,34,63
SZ,002326,2017-01-03 09:51:24,16.5800,9,165586.0000,100,B,16.5300,16.5200,16.5100,16.5000,16.4800,16.5800,16.5900,16.6000,16.6400,16.6500,7,6,14,103,64,8,34,97,22,74
SZ,002326,2017-01-03 09:51:33,16.5500,1,4965.0000,3,S,16.5300,16.5100,16.5000,16.4800,16.4500,16.5500,16.5800,16.5900,16.6000,16.6400,7,14,103,64,61,4,128,29,105,32
SZ,002326,2017-01-03 09:51:42,16.5500,2,8275.0000,5,B,16.5500,16.5300,16.5200,16.5100,16.5000,16.5600,16.5800,16.5900,16.6000,16.6300,30,13,80,24,107,21,385,49,110,80
SZ,002326,2017-01-03 09:51:45,16.5500,2,29790.0000,18,S,16.5500,16.5400,16.5300,16.5200,16.5100,16.5600,16.5700,16.5800,16.5900,16.6000,12,10,13,80,24,51,146,385,49,110
SZ,002326,2017-01-03 09:51:48,16.5500,1,11585.0000,7,S,16.5500,16.5400,16.5300,16.5200,16.5100,16.5600,16.5700,16.5800,16.5900,16.6000,5,10,13,80,24,51,146,385,49,110
SZ,002326,2017-01-03 09:51:51,16.5500,3,19870.0000,12,S,16.5500,16.5400,16.5300,16.5200,16.5100,16.5600,16.5700,16.5800,16.5900,16.6000,13,10,13,80,24,41,146,185,49,106
SZ,002326,2017-01-03 09:51:54,16.5200,9,135672.0000,82,S,16.5500,16.5200,16.5100,16.5000,16.4800,16.5600,16.5700,16.5800,16.5900,16.6000,2,68,24,87,64,37,146,185,49,110
SZ,002326,2017-01-03 09:51:57,16.5500,1,3310.0000,2,S,16.5200,16.5100,16.5000,16.4800,16.4500,16.5500,16.5600,16.5700,16.5800,16.5900,68,24,87,64,61,43,37,146,185,49
SZ,002326,2017-01-03 09:52:00,16.5500,4,84405.0000,51,B,16.5200,16.5100,16.5000,16.4800,16.4500,16.5500,16.5600,16.5700,16.5800,16.5900,68,24,87,64,61,208,37,146,185,49
SZ,002326,2017-01-03 09:52:09,16.5200,1,6608.0000,4,S,16.5200,16.5100,16.5000,16.4800,16.4500,16.5500,16.5600,16.5700,16.5800,16.5900,64,76,87,64,61,222,41,27,189,49
SZ,002326,2017-01-03 09:52:12,16.5200,1,6608.0000,4,S,16.5300,16.5200,16.5100,16.5000,16.4800,16.5500,16.5600,16.5700,16.5800,16.5900,3,60,76,87,59,229,41,27,189,49
SZ,002326,2017-01-03 09:52:15,16.5500,3,49593.0000,30,B,16.5200,16.5100,16.5000,16.4800,16.4500,16.5500,16.5600,16.5700,16.5800,16.5900,43,76,87,59,61,236,31,27,189,49
SZ,002326,2017-01-03 09:52:39,16.5300,1,3306.0000,2,B,16.5200,16.5100,16.5000,16.4800,16.4500,16.5300,16.5400,16.5500,16.5600,16.5700,43,76,81,59,71,18,208,233,21,47
SZ,002326,2017-01-03 09:52:45,16.5200,1,4956.0000,3,S,16.5200,16.5100,16.5000,16.4800,16.4500,16.5300,16.5400,16.5500,16.5600,16.5700,40,76,81,69,71,18,90,233,21,47
SZ,002326,2017-01-03 09:52:57,16.5200,2,9917.0000,6,S,16.5200,16.5100,16.5000,16.4800,16.4500,16.5300,16.5400,16.5500,16.5600,16.5700,139,76,99,69,71,13,147,178,18,47
SZ,002326,2017-01-03 09:53:00,16.5200,2,33040.0000,20,S,16.5200,16.5100,16.5000,16.4800,16.4500,16.5300,16.5400,16.5500,16.5600,16.5700,119,76,99,69,71,13,130,178,18,47
SZ,002326,2017-01-03 09:53:03,16.5200,1,1652.0000,1,S,16.5200,16.5100,16.5000,16.4800,16.4500,16.5300,16.5400,16.5500,16.5600,16.5700,118,76,99,69,71,13,130,178,18,47
SZ,002326,2017-01-03 09:53:06,16.5300,2,8265.0000,5,B,16.5200,16.5100,16.5000,16.4800,16.4500,16.5300,16.5400,16.5500,16.5600,16.5700,118,76,99,69,71,18,130,171,18,47
SZ,002326,2017-01-03 09:53:09,16.5200,3,44604.0000,27,S,16.5200,16.5100,16.5000,16.4800,16.4500,16.5300,16.5400,16.5500,16.5600,16.5700,91,76,99,69,71,18,130,171,18,47
SZ,002326,2017-01-03 09:53:21,16.5200,1,6608.0000,4,S,16.5200,16.5100,16.5000,16.4800,16.4500,16.5300,16.5400,16.5500,16.5600,16.5700,87,76,95,69,71,31,90,171,18,47
SZ,002326,2017-01-03 09:53:24,16.5300,5,67773.0000,41,B,16.5300,16.5200,16.5100,16.5000,16.4800,16.5400,16.5500,16.5600,16.5700,16.5800,187,87,76,95,10,90,171,18,47,185
SZ,002326,2017-01-03 09:53:27,16.5300,1,3306.0000,2,S,16.5300,16.5200,16.5100,16.5000,16.4800,16.5400,16.5500,16.5600,16.5700,16.5800,185,87,76,95,10,90,171,18,54,185
SZ,002326,2017-01-03 09:53:30,16.5300,3,74385.0000,45,S,16.5300,16.5200,16.5100,16.5000,16.4800,16.5400,16.5500,16.5600,16.5700,16.5800,140,87,76,95,10,90,171,18,54,185
SZ,002326,2017-01-03 09:53:36,16.5300,2,36366.0000,22,S,16.5300,16.5200,16.5100,16.5000,16.4800,16.5400,16.5500,16.5600,16.5700,16.5800,121,87,76,95,10,90,172,8,54,185
SZ,002326,2017-01-03 09:53:39,16.5300,3,29759.0000,18,S,16.5300,16.5200,16.5100,16.5000,16.4800,16.5400,16.5500,16.5600,16.5700,16.5800,108,87,76,95,10,85,172,8,54,185
SZ,002326,2017-01-03 09:53:42,16.5300,1,8265.0000,5,S,16.5300,16.5200,16.5100,16.5000,16.4800,16.5400,16.5500,16.5600,16.5700,16.5800,108,87,76,71,10,85,172,8,54,185
SZ,002326,2017-01-03 09:53:48,16.5400,2,92614.0000,56,B,16.5300,16.5200,16.5100,16.5000,16.4800,16.5400,16.5500,16.5600,16.5700,16.5800,98,87,76,71,10,48,159,8,54,185
SZ,002326,2017-01-03 09:53:57,16.5300,1,4959.0000,3,S,16.5300,16.5200,16.5100,16.5000,16.4800,16.5400,16.5500,16.5600,16.5700,16.5800,93,87,76,71,10,48,159,8,54,185
SZ,002326,2017-01-03 09:54:03,16.5400,1,9924.0000,6,B,16.5300,16.5200,16.5100,16.5000,16.4900,16.5400,16.5500,16.5600,16.5700,16.5800,93,87,81,71,15,52,159,8,54,185
SZ,002326,2017-01-03 09:54:06,16.5400,6,72776.0000,44,B,16.5300,16.5200,16.5100,16.5000,16.4900,16.5400,16.5500,16.5600,16.5700,16.5800,103,87,81,71,15,8,159,8,54,185
SZ,002326,2017-01-03 09:54:09,16.5300,1,16530.0000,10,S,16.5300,16.5200,16.5100,16.5000,16.4900,16.5400,16.5500,16.5600,16.5700,16.5800,93,87,81,53,15,8,159,8,54,185
SZ,002326,2017-01-03 09:54:12,16.5300,3,31413.0000,19,S,16.5300,16.5200,16.5100,16.5000,16.4900,16.5400,16.5500,16.5600,16.5700,16.5800,80,87,81,53,15,2,159,8,54,185
SZ,002326,2017-01-03 09:54:18,16.5400,2,33080.0000,20,B,16.5300,16.5200,16.5100,16.5000,16.4900,16.5400,16.5500,16.5600,16.5700,16.5800,83,87,81,53,15,25,159,8,54,185
SZ,002326,2017-01-03 09:54:27,16.5300,1,8265.0000,5,S,16.5300,16.5200,16.5100,16.5000,16.4900,16.5400,16.5500,16.5600,16.5700,16.5800,78,87,81,53,15,45,178,8,54,185
SZ,002326,2017-01-03 09:54:33,16.5400,2,14886.0000,9,B,16.5300,16.5200,16.5100,16.5000,16.4900,16.5400,16.5500,16.5600,16.5700,16.5800,78,87,81,58,15,56,178,8,54,185
SZ,002326,2017-01-03 09:54:39,16.5300,1,57855.0000,35,S,16.5300,16.5200,16.5100,16.5000,16.4900,16.5400,16.5500,16.5600,16.5700,16.5800,43,87,81,58,15,67,178,8,54,156
SZ,002326,2017-01-03 09:54:42,16.5400,1,1654.0000,1,B,16.5300,16.5200,16.5100,16.5000,16.4900,16.5400,16.5500,16.5600,16.5700,16.5800,44,87,81,58,15,66,178,8,54,161
SZ,002326,2017-01-03 09:54:45,16.5400,7,119088.0000,72,B,16.5400,16.5300,16.5200,16.5100,16.5000,16.5500,16.5600,16.5700,16.5800,16.5900,47,44,87,81,58,178,8,54,161,29
SZ,002326,2017-01-03 09:54:48,16.5400,2,24810.0000,15,S,16.5400,16.5300,16.5200,16.5100,16.5000,16.5500,16.5600,16.5700,16.5800,16.5900,32,44,87,81,58,125,8,54,161,29
SZ,002326,2017-01-03 09:54:51,16.5400,1,16540.0000,10,S,16.5400,16.5300,16.5200,16.5100,16.5000,16.5500,16.5600,16.5700,16.5800,16.5900,24,44,87,81,58,125,8,54,161,29
SZ,002326,2017-01-03 09:54:54,16.5400,1,1654.0000,1,S,16.5400,16.5300,16.5200,16.5100,16.5000,16.5500,16.5600,16.5700,16.5800,16.5900,43,44,87,81,58,125,8,54,161,29
SZ,002326,2017-01-03 09:54:57,16.5400,6,41350.0000,25,S,16.5400,16.5300,16.5200,16.5100,16.5000,16.5500,16.5600,16.5700,16.5800,16.5900,18,44,87,81,58,125,8,54,161,29
SZ,002326,2017-01-03 09:55:03,16.5400,2,14886.0000,9,S,16.5400,16.5300,16.5200,16.5100,16.5000,16.5500,16.5600,16.5700,16.5800,16.5900,11,41,87,81,58,125,8,54,161,29
SZ,002326,2017-01-03 09:55:06,16.5400,1,9924.0000,6,S,16.5400,16.5300,16.5200,16.5100,16.5000,16.5500,16.5600,16.5700,16.5800,16.5900,5,41,87,81,58,125,8,54,161,41
SZ,002326,2017-01-03 09:55:15,16.5400,2,8270.0000,5,S,16.5300,16.5200,16.5100,16.5000,16.4900,16.5400,16.5500,16.5600,16.5700,16.5800,41,87,81,58,15,5,125,8,54,161
SZ,002326,2017-01-03 09:55:21,16.5300,4,28101.0000,17,S,16.5200,16.5100,16.5000,16.4900,16.4600,16.5300,16.5400,16.5500,16.5600,16.5700,87,81,58,15,2,33,119,125,8,54
SZ,002326,2017-01-03 09:55:30,16.5300,1,6612.0000,4,B,16.5200,16.5100,16.5000,16.4900,16.4600,16.5300,16.5400,16.5500,16.5600,16.5700,87,81,19,15,2,29,119,125,8,54
SZ,002326,2017-01-03 09:55:36,16.5200,2,21486.0000,13,S,16.5200,16.5100,16.5000,16.4900,16.4600,16.5300,16.5400,16.5500,16.5600,16.5700,84,81,19,15,2,19,119,125,8,54
SZ,002326,2017-01-03 09:55:39,16.5200,1,138768.0000,84,S,16.5100,16.5000,16.4900,16.4600,16.4500,16.5200,16.5300,16.5400,16.5500,16.5600,81,19,15,2,87,166,19,119,125,8
SZ,002326,2017-01-03 09:55:42,16.5200,1,4956.0000,3,B,16.5100,16.5000,16.4900,16.4600,16.4500,16.5200,16.5300,16.5400,16.5500,16.5600,81,19,15,2,87,164,19,119,125,8
SZ,002326,2017-01-03 09:55:45,16.5200,1,3304.0000,2,B,16.5100,16.5000,16.4900,16.4600,16.4500,16.5200,16.5300,16.5400,16.5500,16.5600,81,19,15,2,87,182,4,119,125,8
SZ,002326,2017-01-03 09:55:48,16.5100,3,82550.0000,50,S,16.5100,16.5000,16.4900,16.4600,16.4500,16.5200,16.5300,16.5400,16.5500,16.5600,31,19,15,2,87,189,7,19,125,8
SZ,002326,2017-01-03 09:55:54,16.5100,1,18161.0000,11,S,16.5100,16.5000,16.4900,16.4600,16.4500,16.5200,16.5300,16.5400,16.5500,16.5600,20,19,15,2,87,271,7,25,125,23
SZ,002326,2017-01-03 09:56:00,16.5000,5,41270.0000,25,S,16.5000,16.4900,16.4600,16.4500,16.4400,16.5100,16.5200,16.5300,16.5400,16.5500,19,15,2,87,101,20,272,7,25,126
SZ,002326,2017-01-03 09:56:06,16.5000,5,31350.0000,19,S,16.4900,16.4600,16.4500,16.4400,16.4300,16.5000,16.5100,16.5200,16.5300,16.5400,15,2,87,101,3,2,27,222,7,31
SZ,002326,2017-01-03 09:56:15,16.5000,2,6600.0000,4,B,16.4900,16.4600,16.4500,16.4400,16.4300,16.5000,16.5100,16.5200,16.5300,16.5400,15,2,97,101,3,31,22,123,7,25
SZ,002326,2017-01-03 09:56:24,16.4900,1,14841.0000,9,S,16.4900,16.4600,16.4500,16.4400,16.4300,16.5000,16.5100,16.5200,16.5300,16.5400,6,2,97,101,3,37,32,123,7,36
SZ,002326,2017-01-03 09:56:30,16.4900,3,16494.0000,10,S,16.4600,16.4500,16.4400,16.4300,16.4200,16.4900,16.5000,16.5100,16.5200,16.5300,57,97,101,3,55,4,33,32,118,7
SZ,002326,2017-01-03 09:56:36,16.4900,2,49470.0000,30,B,16.4600,16.4500,16.4400,16.4300,16.4200,16.5000,16.5100,16.5200,16.5300,16.5400,57,97,101,3,55,33,22,118,7,36
SZ,002326,2017-01-03 09:56:39,16.5000,2,37870.0000,23,B,16.4600,16.4500,16.4400,16.4300,16.4200,16.5000,16.5100,16.5200,16.5300,16.5400,35,97,101,3,55,30,22,118,7,36
SZ,002326,2017-01-03 09:56:42,16.4900,1,8245.0000,5,S,16.4600,16.4500,16.4400,16.4300,16.4200,16.4900,16.5000,16.5100,16.5200,16.5300,35,97,101,3,55,5,30,22,118,7
SZ,002326,2017-01-03 09:56:54,16.4900,1,3298.0000,2,B,16.4600,16.4500,16.4400,16.4300,16.4200,16.4900,16.5000,16.5100,16.5200,16.5300,70,97,101,3,55,3,30,22,113,7
SZ,002326,2017-01-03 09:57:06,16.4700,1,4941.0000,3,S,16.4700,16.4600,16.4500,16.4400,16.4300,16.4900,16.5000,16.5100,16.5200,16.5300,1,70,118,101,3,24,30,25,111,7
SZ,002326,2017-01-03 09:57:09,16.4900,3,39576.0000,24,B,16.4700,16.4600,16.4500,16.4400,16.4300,16.5000,16.5100,16.5200,16.5300,16.5400,1,70,118,101,3,30,25,111,7,30
SZ,002326,2017-01-03 09:57:12,16.4700,1,1647.0000,1,S,16.4600,16.4500,16.4400,16.4300,16.4200,16.4700,16.4900,16.5000,16.5100,16.5200,70,118,101,3,55,5,4,50,25,111
SZ,002326,2017-01-03 09:57:18,16.4700,1,6588.0000,4,B,16.4600,16.4500,16.4400,16.4300,16.4200,16.4700,16.4900,16.5000,16.5100,16.5200,70,118,101,3,55,11,4,50,25,111
SZ,002326,2017-01-03 09:57:21,16.4700,2,14823.0000,9,B,16.4600,16.4500,16.4400,16.4300,16.4200,16.4700,16.4900,16.5000,16.5100,16.5200,90,118,101,3,55,2,4,50,25,111
SZ,002326,2017-01-03 09:57:24,16.4700,1,3294.0000,2,B,16.4700,16.4600,16.4500,16.4400,16.4300,16.5000,16.5100,16.5200,16.5300,16.5400,4,90,118,101,3,50,25,111,7,30
SZ,002326,2017-01-03 09:57:33,16.4700,1,6588.0000,4,S,16.4700,16.4600,16.4500,16.4400,16.4300,16.5000,16.5100,16.5200,16.5300,16.5400,10,55,118,101,21,50,28,111,7,30
SZ,002326,2017-01-03 09:57:39,16.5000,2,8250.0000,5,B,16.4700,16.4600,16.4500,16.4400,16.4300,16.5000,16.5100,16.5200,16.5300,16.5400,13,55,120,101,121,45,28,111,7,30
SZ,002326,2017-01-03 09:57:48,16.5000,1,4950.0000,3,B,16.4800,16.4700,16.4600,16.4500,16.4400,16.5000,16.5100,16.5200,16.5300,16.5400,4,58,35,132,101,42,28,111,7,30
SZ,002326,2017-01-03 09:57:54,16.5000,1,16500.0000,10,B,16.4900,16.4800,16.4700,16.4600,16.4500,16.5000,16.5100,16.5200,16.5300,16.5400,100,4,58,35,132,112,25,111,7,30
SZ,002326,2017-01-03 09:58:12,16.4900,3,14849.0000,9,S,16.4900,16.4700,16.4600,16.4500,16.4400,16.5000,16.5100,16.5200,16.5300,16.5400,99,14,37,132,101,125,25,111,7,30
SZ,002326,2017-01-03 09:58:15,16.4900,5,44532.0000,27,S,16.4900,16.4700,16.4600,16.4500,16.4400,16.5000,16.5100,16.5200,16.5300,16.5400,81,14,37,132,101,116,25,111,7,30
SZ,002326,2017-01-03 09:58:18,16.4900,1,16490.0000,10,S,16.4900,16.4700,16.4600,16.4500,16.4400,16.5000,16.5100,16.5200,16.5300,16.5400,71,14,37,132,101,116,25,111,7,30
SZ,002326,2017-01-03 09:58:21,16.5000,1,8250.0000,5,B,16.4900,16.4700,16.4600,16.4500,16.4400,16.5000,16.5100,16.5200,16.5300,16.5400,71,14,37,132,101,111,25,111,7,30
SZ,002326,2017-01-03 09:58:27,16.4700,2,118726.0000,72,S,16.4700,16.4600,16.4500,16.4400,16.4300,16.4900,16.5000,16.5100,16.5200,16.5300,13,37,132,101,121,29,111,25,111,7
SZ,002326,2017-01-03 09:58:42,16.4900,1,8245.0000,5,B,16.4700,16.4600,16.4500,16.4400,16.4300,16.4900,16.5000,16.5100,16.5200,16.5300,13,52,132,121,121,24,111,25,111,7
SZ,002326,2017-01-03 09:59:06,16.4900,1,1649.0000,1,B,16.4700,16.4600,16.4500,16.4400,16.4300,16.4900,16.5000,16.5100,16.5200,16.5300,47,72,132,121,121,23,118,25,111,7
SZ,002326,2017-01-03 09:59:15,16.4900,1,32980.0000,20,B,16.4700,16.4600,16.4500,16.4400,16.4300,16.4900,16.5000,16.5100,16.5200,16.5300,47,72,142,121,121,3,118,25,111,7
SZ,002326,2017-01-03 09:59:24,16.4900,1,4947.0000,3,B,16.4900,16.4700,16.4600,16.4500,16.4400,16.5000,16.5100,16.5200,16.5300,16.5400,7,65,72,142,121,123,25,115,7,33
SZ,002326,2017-01-03 09:59:42,16.4900,1,11543.0000,7,S,16.4800,16.4700,16.4600,16.4500,16.4400,16.4900,16.5000,16.5100,16.5200,16.5300,18,85,72,142,121,62,123,25,115,7
SZ,002326,2017-01-03 09:59:51,16.4900,1,9894.0000,6,B,16.4800,16.4700,16.4600,16.4500,16.4400,16.4900,16.5000,16.5100,16.5200,16.5300,18,85,72,142,121,56,123,25,115,7
SZ,002326,2017-01-03 10:00:09,16.4800,1,21424.0000,13,S,16.4800,16.4700,16.4600,16.4500,16.4400,16.4900,16.5000,16.5100,16.5200,16.5300,9,75,72,142,121,83,119,25,115,7
SZ,002326,2017-01-03 10:00:15,16.4800,2,6592.0000,4,S,16.4700,16.4600,16.4500,16.4400,16.4300,16.4800,16.4900,16.5000,16.5100,16.5200,75,72,142,121,103,16,83,119,25,115
SZ,002326,2017-01-03 10:00:30,16.4800,1,16480.0000,10,B,16.4700,16.4600,16.4500,16.4400,16.4300,16.4800,16.4900,16.5000,16.5100,16.5200,75,72,142,121,103,10,83,119,25,115
SZ,002326,2017-01-03 10:00:33,16.4800,2,16480.0000,10,B,16.4800,16.4700,16.4600,16.4500,16.4400,16.4900,16.5000,16.5100,16.5200,16.5300,40,75,72,142,121,83,119,25,115,7
SZ,002326,2017-01-03 10:00:36,16.4800,1,19776.0000,12,S,16.4800,16.4700,16.4600,16.4500,16.4400,16.4900,16.5000,16.5100,16.5200,16.5300,28,75,72,142,121,83,119,25,115,7
SZ,002326,2017-01-03 10:00:39,16.4800,1,4944.0000,3,S,16.4800,16.4700,16.4600,16.4500,16.4400,16.4900,16.5000,16.5100,16.5200,16.5300,25,75,72,142,121,77,119,25,115,7
SZ,002326,2017-01-03 10:00:42,16.4800,1,16480.0000,10,S,16.4800,16.4700,16.4600,16.4500,16.4400,16.4900,16.5000,16.5100,16.5200,16.5300,15,75,72,142,121,77,119,25,115,7
SZ,002326,2017-01-03 10:00:57,16.4900,1,1649.0000,1,B,16.4800,16.4700,16.4600,16.4500,16.4400,16.4900,16.5000,16.5100,16.5200,16.5300,85,75,72,142,121,76,119,25,115,7
SZ,002326,2017-01-03 10:01:00,16.4800,1,8240.0000,5,S,16.4800,16.4700,16.4600,16.4500,16.4400,16.4900,16.5000,16.5100,16.5200,16.5300,80,75,72,142,121,76,119,25,115,7
SZ,002326,2017-01-03 10:01:21,16.4800,3,26368.0000,16,S,16.4800,16.4700,16.4600,16.4500,16.4400,16.4900,16.5000,16.5100,16.5200,16.5300,40,55,82,142,121,76,119,25,115,7
SZ,002326,2017-01-03 10:01:24,16.4900,1,1649.0000,1,B,16.4800,16.4700,16.4600,16.4500,16.4400,16.4900,16.5000,16.5100,16.5200,16.5300,40,55,82,142,121,75,119,25,115,7
SZ,002326,2017-01-03 10:01:27,16.4900,4,115430.0000,70,B,16.4800,16.4700,16.4600,16.4500,16.4400,16.4900,16.5000,16.5100,16.5200,16.5300,40,55,82,142,121,5,119,25,115,7
SZ,002326,2017-01-03 10:01:36,16.4800,1,16480.0000,10,S,16.4800,16.4700,16.4600,16.4500,16.4400,16.4900,16.5000,16.5100,16.5200,16.5300,31,55,82,142,121,5,119,25,115,7
SZ,002326,2017-01-03 10:01:51,16.4900,1,6596.0000,4,B,16.4800,16.4700,16.4600,16.4500,16.4400,16.4900,16.5000,16.5100,16.5200,16.5300,96,55,82,142,121,1,149,125,115,7
SZ,002326,2017-01-03 10:02:03,16.4800,1,3296.0000,2,S,16.4800,16.4700,16.4600,16.4500,16.4400,16.4900,16.5000,16.5100,16.5200,16.5300,94,55,82,142,121,16,149,125,111,7
SZ,002326,2017-01-03 10:02:09,16.4800,1,9888.0000,6,S,16.4800,16.4700,16.4600,16.4500,16.4400,16.4900,16.5000,16.5100,16.5200,16.5300,98,55,82,142,121,16,149,125,111,7
SZ,002326,2017-01-03 10:02:15,16.4900,2,16490.0000,10,B,16.4800,16.4700,16.4600,16.4500,16.4400,16.4900,16.5000,16.5100,16.5200,16.5300,98,55,82,142,121,12,149,125,111,7
SZ,002326,2017-01-03 10:02:24,16.4800,1,3296.0000,2,S,16.4800,16.4700,16.4600,16.4500,16.4400,16.4900,16.5000,16.5100,16.5200,16.5300,96,55,82,145,121,12,149,125,111,7
SZ,002326,2017-01-03 10:02:30,16.4900,5,41205.0000,25,B,16.4800,16.4700,16.4600,16.4500,16.4400,16.4900,16.5000,16.5100,16.5200,16.5300,76,55,84,145,121,7,149,125,111,7
SZ,002326,2017-01-03 10:02:36,16.4900,2,11543.0000,7,B,16.4800,16.4700,16.4600,16.4500,16.4400,16.5000,16.5100,16.5200,16.5300,16.5400,76,55,84,142,121,159,125,111,7,33
SZ,002326,2017-01-03 10:02:39,16.5000,4,148480.0000,90,B,16.4800,16.4700,16.4600,16.4500,16.4400,16.5000,16.5100,16.5200,16.5300,16.5400,66,55,84,142,121,79,125,111,7,33
SZ,002326,2017-01-03 10:02:54,16.5000,1,4950.0000,3,B,16.4900,16.4800,16.4700,16.4600,16.4500,16.5000,16.5100,16.5200,16.5300,16.5400,10,66,55,84,142,66,125,111,7,33
SZ,002326,2017-01-03 10:03:00,16.5000,2,26400.0000,16,B,16.4900,16.4800,16.4700,16.4600,16.4500,16.5000,16.5100,16.5200,16.5300,16.5400,10,66,55,84,142,50,125,111,7,33
SZ,002326,2017-01-03 10:03:03,16.4900,1,16490.0000,10,S,16.4800,16.4700,16.4600,16.4500,16.4400,16.4900,16.5000,16.5100,16.5200,16.5300,66,56,84,142,121,20,50,125,111,7
SZ,002326,2017-01-03 10:03:06,16.4900,1,8245.0000,5,B,16.4800,16.4700,16.4600,16.4500,16.4400,16.4900,16.5000,16.5100,16.5200,16.5300,67,56,84,142,121,15,50,25,111,7
SZ,002326,2017-01-03 10:03:09,16.4900,1,8245.0000,5,B,16.4800,16.4700,16.4600,16.4500,16.4400,16.4900,16.5000,16.5100,16.5200,16.5300,73,56,84,142,121,10,50,25,111,7
SZ,002326,2017-01-03 10:03:18,16.5000,5,64334.0000,39,B,16.4800,16.4700,16.4600,16.4500,16.4400,16.5000,16.5100,16.5200,16.5300,16.5400,64,62,79,142,121,29,25,111,7,33
SZ,002326,2017-01-03 10:03:42,16.4900,1,14841.0000,9,S,16.4900,16.4800,16.4700,16.4600,16.4500,16.5000,16.5100,16.5200,16.5300,16.5400,6,86,62,79,142,49,125,111,7,33
SZ,002326,2017-01-03 10:03:57,16.5000,1,4950.0000,3,B,16.4900,16.4800,16.4700,16.4600,16.4500,16.5000,16.5100,16.5200,16.5300,16.5400,24,87,62,82,139,56,125,111,7,33
SZ,002326,2017-01-03 10:04:09,16.4900,3,16490.0000,10,S,16.4900,16.4800,16.4700,16.4600,16.4500,16.5000,16.5100,16.5200,16.5300,16.5400,14,87,62,82,139,86,125,111,7,33
SZ,002326,2017-01-03 10:04:30,16.4900,5,72556.0000,44,S,16.4800,16.4700,16.4600,16.4500,16.4400,16.4900,16.5000,16.5100,16.5200,16.5300,82,62,82,139,121,56,113,25,111,7
SZ,002326,2017-01-03 10:04:42,16.4900,3,19787.0000,12,B,16.4800,16.4700,16.4600,16.4500,16.4400,16.4900,16.5000,16.5100,16.5200,16.5300,81,62,79,139,20,55,113,25,111,7
SZ,002326,2017-01-03 10:04:57,16.4800,1,8240.0000,5,S,16.4800,16.4700,16.4600,16.4500,16.4400,16.4900,16.5000,16.5100,16.5200,16.5300,76,62,79,141,20,75,103,25,111,7
SZ,002326,2017-01-03 10:05:12,16.4600,17,352461.0000,214,S,16.4600,16.4500,16.4400,16.4300,16.4200,16.4900,16.5000,16.5100,16.5200,16.5300,6,131,20,103,50,176,121,25,111,7
SZ,002326,2017-01-03 10:05:18,16.4600,1,1646.0000,1,S,16.4600,16.4500,16.4400,16.4300,16.4200,16.4800,16.4900,16.5000,16.5100,16.5200,5,131,20,103,50,10,176,121,25,111
SZ,002326,2017-01-03 10:05:36,16.4800,1,9888.0000,6,B,16.4600,16.4500,16.4400,16.4300,16.4200,16.4800,16.4900,16.5000,16.5100,16.5200,5,131,20,103,50,16,176,121,25,111
SZ,002326,2017-01-03 10:06:06,16.4800,4,37904.0000,23,B,16.4600,16.4500,16.4400,16.4300,16.4200,16.4800,16.4900,16.5000,16.5100,16.5200,60,180,20,103,50,93,176,129,25,111
SZ,002326,2017-01-03 10:06:27,16.4500,7,131660.0000,80,S,16.4500,16.4400,16.4300,16.4200,16.4100,16.4700,16.4800,16.4900,16.5000,16.5100,160,20,103,50,32,20,93,176,124,25
SZ,002326,2017-01-03 10:06:39,16.4500,1,21385.0000,13,S,16.4500,16.4400,16.4300,16.4200,16.4100,16.4700,16.4800,16.4900,16.5000,16.5100,131,20,103,50,32,20,93,176,128,25
SZ,002326,2017-01-03 10:07:06,16.4500,1,16450.0000,10,S,16.4500,16.4400,16.4300,16.4200,16.4100,16.4700,16.4800,16.4900,16.5000,16.5100,121,27,103,50,32,20,93,171,147,25
SZ,002326,2017-01-03 10:07:12,16.4700,2,8231.0000,5,B,16.4500,16.4400,16.4300,16.4200,16.4100,16.4700,16.4800,16.4900,16.5000,16.5100,119,27,103,50,32,17,93,171,147,25
SZ,002326,2017-01-03 10:07:27,16.4700,1,3294.0000,2,B,16.4600,16.4500,16.4400,16.4300,16.4200,16.4700,16.4800,16.4900,16.5000,16.5100,24,119,43,103,50,105,93,166,147,25
SZ,002326,2017-01-03 10:07:33,16.4700,1,4941.0000,3,B,16.4600,16.4500,16.4400,16.4300,16.4200,16.4700,16.4800,16.4900,16.5000,16.5100,24,119,43,103,50,102,93,166,151,25
SZ,002326,2017-01-03 10:08:27,16.4700,4,189405.0000,115,B,16.4700,16.4600,16.4500,16.4400,16.4300,16.4800,16.4900,16.5000,16.5100,16.5200,48,50,129,61,103,93,166,133,25,111
SZ,002326,2017-01-03 10:09:03,16.4800,1,153264.0000,93,B,16.4800,16.4700,16.4600,16.4500,16.4400,16.4900,16.5000,16.5100,16.5200,16.5300,107,115,50,127,61,166,135,25,111,12
SZ,002326,2017-01-03 10:09:27,16.4900,1,29682.0000,18,B,16.4800,16.4700,16.4600,16.4500,16.4400,16.4900,16.5000,16.5100,16.5200,16.5300,107,120,26,127,61,148,131,25,111,12
SZ,002326,2017-01-03 10:09:36,16.4900,3,164900.0000,100,B,16.4800,16.4700,16.4600,16.4500,16.4400,16.4900,16.5000,16.5100,16.5200,16.5300,127,65,26,127,61,48,131,25,111,12
SZ,002326,2017-01-03 10:09:54,16.4900,1,52768.0000,32,B,16.4800,16.4700,16.4600,16.4500,16.4400,16.4900,16.5000,16.5100,16.5200,16.5300,124,89,23,106,61,16,112,25,111,12
SZ,002326,2017-01-03 10:10:00,16.4800,1,16480.0000,10,S,16.4800,16.4700,16.4600,16.4500,16.4400,16.4900,16.5000,16.5100,16.5200,16.5300,124,89,23,106,61,16,112,25,111,12
SZ,002326,2017-01-03 10:10:03,16.4900,2,18139.0000,11,B,16.4800,16.4700,16.4600,16.4500,16.4400,16.4900,16.5000,16.5100,16.5200,16.5300,124,89,23,106,61,5,112,25,111,12
SZ,002326,2017-01-03 10:10:06,16.4900,2,8245.0000,5,B,16.4900,16.4800,16.4700,16.4600,16.4500,16.5000,16.5100,16.5200,16.5300,16.5400,5,124,89,23,106,112,25,111,12,43
SZ,002326,2017-01-03 10:10:24,16.4900,3,11543.0000,7,S,16.4900,16.4800,16.4700,16.4600,16.4500,16.5000,16.5100,16.5200,16.5300,16.5400,13,112,89,23,106,115,25,111,12,43
SZ,002326,2017-01-03 10:10:30,16.5000,1,1650.0000,1,B,16.4900,16.4800,16.4700,16.4600,16.4500,16.5000,16.5100,16.5200,16.5300,16.5400,13,112,84,23,106,114,35,111,12,43
SZ,002326,2017-01-03 10:10:36,16.5000,12,188100.0000,114,B,16.5000,16.4900,16.4800,16.4700,16.4600,16.5100,16.5200,16.5300,16.5400,16.5500,18,13,112,84,23,35,111,12,43,58
SZ,002326,2017-01-03 10:10:39,16.5000,1,8250.0000,5,S,16.5000,16.4900,16.4800,16.4700,16.4600,16.5100,16.5200,16.5300,16.5400,16.5500,27,13,112,84,23,35,111,12,43,58
SZ,002326,2017-01-03 10:10:45,16.5000,2,44550.0000,27,S,16.4900,16.4800,16.4700,16.4600,16.4500,16.5000,16.5100,16.5200,16.5300,16.5400,13,112,84,23,106,73,35,111,12,43
SZ,002326,2017-01-03 10:11:00,16.5000,2,18150.0000,11,B,16.4900,16.4800,16.4700,16.4600,16.4500,16.5000,16.5100,16.5200,16.5300,16.5400,1,112,84,23,106,62,55,111,12,43
SZ,002326,2017-01-03 10:11:03,16.5000,1,19800.0000,12,B,16.4900,16.4800,16.4700,16.4600,16.4500,16.5000,16.5100,16.5200,16.5300,16.5400,1,112,86,23,106,50,55,111,12,43
SZ,002326,2017-01-03 10:11:06,16.5000,1,9900.0000,6,B,16.4900,16.4800,16.4700,16.4600,16.4500,16.5000,16.5100,16.5200,16.5300,16.5400,1,112,86,23,106,44,55,111,12,43
SZ,002326,2017-01-03 10:11:27,16.4900,2,6596.0000,4,S,16.4800,16.4700,16.4600,16.4500,16.4400,16.4900,16.5000,16.5100,16.5300,16.5400,134,86,23,106,61,96,44,55,12,43
SZ,002326,2017-01-03 10:11:42,16.4900,1,4947.0000,3,B,16.4800,16.4700,16.4600,16.4500,16.4400,16.4900,16.5000,16.5100,16.5300,16.5400,124,86,23,106,61,93,51,35,12,43
SZ,002326,2017-01-03 10:12:00,16.4800,1,1648.0000,1,S,16.4800,16.4700,16.4600,16.4500,16.4400,16.4900,16.5000,16.5100,16.5300,16.5400,123,86,23,106,61,93,51,35,12,43
SZ,002326,2017-01-03 10:13:00,16.4900,2,164900.0000,100,B,16.4800,16.4700,16.4600,16.4500,16.4400,16.4900,16.5000,16.5100,16.5300,16.5400,126,86,23,106,61,3,129,40,38,43
SZ,002326,2017-01-03 10:13:15,16.4800,1,3296.0000,2,S,16.4800,16.4700,16.4600,16.4500,16.4400,16.4900,16.5000,16.5100,16.5300,16.5400,130,84,23,106,61,3,159,40,38,43
SZ,002326,2017-01-03 10:13:18,16.4900,1,3298.0000,2,B,16.4800,16.4700,16.4600,16.4500,16.4400,16.4900,16.5000,16.5100,16.5300,16.5400,130,84,23,106,61,1,159,40,38,43
SZ,002326,2017-01-03 10:13:30,16.4900,2,6596.0000,4,B,16.4800,16.4700,16.4600,16.4500,16.4400,16.4900,16.5000,16.5100,16.5300,16.5400,170,84,23,106,61,21,159,40,38,43
SZ,002326,2017-01-03 10:14:18,16.4900,2,36258.0000,22,B,16.4800,16.4700,16.4600,16.4500,16.4400,16.4900,16.5000,16.5100,16.5300,16.5400,165,84,23,106,45,19,159,40,38,43
SZ,002326,2017-01-03 10:14:27,16.4900,2,56066.0000,34,B,16.4800,16.4700,16.4600,16.4500,16.4400,16.4900,16.5000,16.5100,16.5300,16.5400,160,84,23,106,45,85,115,40,38,43
SZ,002326,2017-01-03 10:14:30,16.4800,8,237312.0000,144,S,16.4800,16.4700,16.4600,16.4500,16.4400,16.4900,16.5000,16.5100,16.5300,16.5400,16,84,23,106,45,85,115,40,38,43
SZ,002326,2017-01-03 10:14:33,16.4800,1,3296.0000,2,S,16.4800,16.4700,16.4600,16.4500,16.4400,16.4900,16.5000,16.5100,16.5300,16.5400,14,84,23,106,45,85,115,40,38,43
SZ,002326,2017-01-03 10:14:39,16.4800,1,6592.0000,4,S,16.4800,16.4700,16.4600,16.4500,16.4400,16.4900,16.5000,16.5100,16.5300,16.5400,10,84,23,106,45,85,115,40,38,43
SZ,002326,2017-01-03 10:14:42,16.4900,1,4947.0000,3,B,16.4800,16.4700,16.4600,16.4500,16.4400,16.4900,16.5000,16.5100,16.5300,16.5400,10,84,23,106,45,82,115,40,38,43
SZ,002326,2017-01-03 10:14:45,16.4800,1,16480.0000,10,S,16.4700,16.4600,16.4500,16.4400,16.4300,16.4900,16.5000,16.5100,16.5300,16.5400,84,23,106,45,103,82,115,40,38,43
SZ,002326,2017-01-03 10:14:48,16.4900,1,11543.0000,7,B,16.4700,16.4600,16.4500,16.4400,16.4300,16.4900,16.5000,16.5100,16.5300,16.5400,84,23,106,45,103,75,37,40,38,43
SZ,002326,2017-01-03 10:15:57,16.4800,3,14832.0000,9,S,16.4700,16.4600,16.4500,16.4400,16.4300,16.4800,16.4900,16.5000,16.5100,16.5300,84,23,106,45,103,106,93,7,40,38
SZ,002326,2017-01-03 10:16:15,16.4800,1,9888.0000,6,B,16.4700,16.4600,16.4500,16.4400,16.4300,16.4800,16.4900,16.5000,16.5100,16.5300,84,23,106,45,103,112,101,7,40,38
SZ,002326,2017-01-03 10:16:30,16.4800,1,19776.0000,12,B,16.4800,16.4700,16.4600,16.4500,16.4400,16.4900,16.5000,16.5100,16.5300,16.5400,18,84,23,106,45,101,7,40,38,43
SZ,002326,2017-01-03 10:16:45,16.4800,1,4944.0000,3,S,16.4800,16.4700,16.4600,16.4500,16.4400,16.4900,16.5000,16.5100,16.5300,16.5400,15,84,23,106,45,26,7,40,38,43
SZ,002326,2017-01-03 10:16:51,16.4800,1,8240.0000,5,S,16.4800,16.4700,16.4600,16.4500,16.4400,16.4900,16.5000,16.5100,16.5300,16.5400,10,84,23,106,45,26,7,40,38,43
SZ,002326,2017-01-03 10:17:03,16.4900,1,4947.0000,3,B,16.4800,16.4700,16.4600,16.4500,16.4400,16.4900,16.5000,16.5100,16.5300,16.5400,10,84,23,106,45,23,7,40,38,43
SZ,002326,2017-01-03 10:17:27,16.4900,2,37927.0000,23,B,16.4900,16.4800,16.4700,16.4600,16.4500,16.5000,16.5100,16.5300,16.5400,16.5500,26,10,84,23,106,7,40,35,43,58
SZ,002326,2017-01-03 10:17:42,16.4900,1,16490.0000,10,S,16.4900,16.4800,16.4700,16.4600,16.4500,16.5000,16.5100,16.5300,16.5400,16.5500,16,10,84,23,106,7,40,35,43,58
SZ,002326,2017-01-03 10:17:48,16.5000,2,8250.0000,5,B,16.4900,16.4800,16.4700,16.4600,16.4500,16.5000,16.5100,16.5300,16.5400,16.5500,16,10,36,23,106,2,40,35,43,58
SZ,002326,2017-01-03 10:18:15,16.5000,2,11550.0000,7,B,16.5000,16.4900,16.4800,16.4700,16.4600,16.5100,16.5300,16.5400,16.5500,16.5600,5,16,72,36,23,40,35,43,58,19
SZ,002326,2017-01-03 10:18:30,16.5000,2,24750.0000,15,S,16.4900,16.4800,16.4700,16.4600,16.4500,16.5000,16.5100,16.5300,16.5400,16.5500,16,72,36,23,106,23,40,35,43,58
SZ,002326,2017-01-03 10:18:36,16.5000,1,3300.0000,2,B,16.4900,16.4800,16.4700,16.4600,16.4500,16.5000,16.5100,16.5300,16.5400,16.5500,16,72,36,23,106,21,40,35,43,58
SZ,002326,2017-01-03 10:19:03,16.5000,2,11548.0000,7,B,16.4900,16.4800,16.4700,16.4600,16.4500,16.5000,16.5100,16.5300,16.5400,16.5500,14,72,36,33,106,28,40,35,43,62
SZ,002326,2017-01-03 10:19:21,16.4900,1,16490.0000,10,S,16.4900,16.4800,16.4700,16.4600,16.4500,16.5000,16.5100,16.5300,16.5400,16.5500,4,72,36,33,106,35,46,35,43,62
SZ,002326,2017-01-03 10:19:27,16.4900,1,6596.0000,4,S,16.4800,16.4700,16.4600,16.4500,16.4400,16.4900,16.5000,16.5100,16.5300,16.5400,72,36,33,106,45,1,35,46,35,43
SZ,002326,2017-01-03 10:19:45,16.4800,1,6592.0000,4,S,16.4800,16.4700,16.4600,16.4500,16.4400,16.4900,16.5000,16.5100,16.5300,16.5400,68,36,33,106,45,1,35,46,35,43
SZ,002326,2017-01-03 10:20:21,16.4800,4,128544.0000,78,S,16.4800,16.4700,16.4600,16.4500,16.4400,16.4900,16.5000,16.5100,16.5300,16.5400,9,36,33,106,45,1,45,46,35,43
SZ,002326,2017-01-03 10:20:24,16.4900,1,1649.0000,1,B,16.4800,16.4700,16.4600,16.4500,16.4400,16.4900,16.5000,16.5100,16.5300,16.5400,9,36,33,106,45,8,75,46,35,43
SZ,002326,2017-01-03 10:20:48,16.4900,1,1649.0000,1,B,16.4800,16.4700,16.4600,16.4500,16.4400,16.4900,16.5000,16.5100,16.5300,16.5400,9,36,53,106,45,7,75,46,35,43
SZ,002326,2017-01-03 10:21:06,16.4900,1,11543.0000,7,B,16.4900,16.4800,16.4700,16.4600,16.4500,16.5000,16.5100,16.5300,16.5400,16.5500,23,19,46,53,106,75,46,35,43,64
SZ,002326,2017-01-03 10:21:12,16.4900,1,18139.0000,11,S,16.4900,16.4800,16.4700,16.4600,16.4500,16.5000,16.5100,16.5300,16.5400,16.5500,12,57,46,53,106,75,46,35,43,64
SZ,002326,2017-01-03 10:21:21,16.5000,2,4950.0000,3,B,16.4900,16.4800,16.4700,16.4600,16.4500,16.5000,16.5100,16.5300,16.5400,16.5500,12,57,46,53,106,72,46,35,43,64
SZ,002326,2017-01-03 10:21:36,16.5000,3,36300.0000,22,B,16.4900,16.4800,16.4700,16.4600,16.4500,16.5000,16.5100,16.5300,16.5400,16.5500,12,57,46,53,106,50,46,35,43,64
SZ,002326,2017-01-03 10:21:51,16.4900,1,19788.0000,12,S,16.4800,16.4700,16.4600,16.4500,16.4400,16.4900,16.5000,16.5100,16.5300,16.5400,57,46,53,106,45,13,50,46,35,43
SZ,002326,2017-01-03 10:21:54,16.4900,1,1649.0000,1,B,16.4800,16.4700,16.4600,16.4500,16.4400,16.4900,16.5000,16.5100,16.5300,16.5400,57,46,53,106,45,12,50,46,35,43
SZ,002326,2017-01-03 10:22:12,16.4800,1,3296.0000,2,S,16.4800,16.4700,16.4600,16.4500,16.4400,16.4900,16.5000,16.5100,16.5300,16.5400,55,46,53,106,45,12,50,46,35,43
SZ,002326,2017-01-03 10:22:21,16.5000,4,49488.0000,30,B,16.4800,16.4700,16.4600,16.4500,16.4400,16.5000,16.5100,16.5300,16.5400,16.5500,66,46,53,106,45,32,46,35,43,64
SZ,002326,2017-01-03 10:22:24,16.4800,1,1648.0000,1,S,16.4800,16.4700,16.4600,16.4500,16.4400,16.5000,16.5100,16.5300,16.5400,16.5500,65,46,53,106,45,32,46,35,43,64
SZ,002326,2017-01-03 10:22:39,16.4800,1,1648.0000,1,S,16.4800,16.4700,16.4600,16.4500,16.4400,16.5000,16.5100,16.5300,16.5400,16.5500,64,46,53,106,45,32,46,35,43,64
SZ,002326,2017-01-03 10:22:42,16.4800,2,24720.0000,15,S,16.4800,16.4700,16.4600,16.4500,16.4400,16.5000,16.5100,16.5300,16.5400,16.5500,49,46,53,106,45,32,46,35,43,64
SZ,002326,2017-01-03 10:23:18,16.5000,2,46200.0000,28,B,16.4800,16.4700,16.4600,16.4500,16.4400,16.5000,16.5100,16.5300,16.5400,16.5500,63,46,53,106,45,8,46,35,53,74
SZ,002326,2017-01-03 10:23:24,16.4800,1,8240.0000,5,S,16.4800,16.4700,16.4600,16.4500,16.4400,16.5000,16.5100,16.5300,16.5400,16.5500,58,46,53,106,45,19,46,35,53,74
SZ,002326,2017-01-03 10:24:00,16.5000,5,21450.0000,13,B,16.4800,16.4700,16.4600,16.4500,16.4400,16.5000,16.5100,16.5300,16.5400,16.5500,61,46,153,111,45,24,46,35,53,74
SZ,002326,2017-01-03 10:24:06,16.4800,1,8240.0000,5,S,16.4800,16.4700,16.4600,16.4500,16.4400,16.5000,16.5100,16.5300,16.5400,16.5500,62,46,153,111,45,24,46,35,53,74
SZ,002326,2017-01-03 10:24:18,16.4800,1,16480.0000,10,S,16.4800,16.4700,16.4600,16.4500,16.4400,16.5000,16.5100,16.5300,16.5400,16.5500,52,46,153,121,45,24,46,35,53,74
SZ,002326,2017-01-03 10:24:24,16.4800,1,16480.0000,10,S,16.4800,16.4700,16.4600,16.4500,16.4400,16.5000,16.5100,16.5300,16.5400,16.5500,42,46,153,121,45,24,46,35,53,74
SZ,002326,2017-01-03 10:24:39,16.4800,3,28016.0000,17,S,16.4800,16.4700,16.4600,16.4500,16.4400,16.4900,16.5000,16.5100,16.5300,16.5400,25,46,153,121,45,100,24,49,35,53
SZ,002326,2017-01-03 10:24:48,16.4800,1,1648.0000,1,S,16.4800,16.4700,16.4600,16.4500,16.4400,16.4900,16.5000,16.5100,16.5300,16.5400,24,46,153,121,45,100,24,49,35,53
SZ,002326,2017-01-03 10:25:09,16.4800,6,39552.0000,24,S,16.4700,16.4600,16.4500,16.4400,16.4300,16.4800,16.4900,16.5000,16.5100,16.5300,46,153,121,45,109,549,100,26,47,35
SZ,002326,2017-01-03 10:25:21,16.4700,1,1647.0000,1,S,16.4700,16.4600,16.4500,16.4400,16.4300,16.4800,16.4900,16.5000,16.5100,16.5300,60,153,111,45,109,11,100,26,47,35
SZ,002326,2017-01-03 10:25:24,16.4900,2,49459.0000,30,B,16.4700,16.4600,16.4500,16.4400,16.4300,16.4900,16.5000,16.5100,16.5300,16.5400,60,153,111,45,109,81,26,47,35,53
SZ,002326,2017-01-03 10:25:30,16.4700,5,98820.0000,60,S,16.4600,16.4500,16.4400,16.4300,16.4200,16.4700,16.4900,16.5000,16.5100,16.5300,153,111,45,109,50,489,81,26,47,35
SZ,002326,2017-01-03 10:25:45,16.4600,6,256779.0000,156,S,16.4500,16.4400,16.4300,16.4200,16.4100,16.4600,16.4900,16.5000,16.5100,16.5300,111,45,109,50,42,333,84,8,47,35
SZ,002326,2017-01-03 10:26:00,16.4500,10,182595.0000,111,S,16.4400,16.4300,16.4200,16.4100,16.4000,16.4500,16.4600,16.4700,16.4900,16.5000,45,109,50,42,117,222,103,18,84,8
SZ,002326,2017-01-03 10:26:12,16.4400,1,4932.0000,3,S,16.4500,16.4400,16.4300,16.4200,16.4100,16.4600,16.4700,16.4900,16.5000,16.5100,1,42,109,50,42,103,18,84,8,47
SZ,002326,2017-01-03 10:26:15,16.4400,4,70693.0000,43,S,16.4300,16.4200,16.4100,16.4000,16.3900,16.4400,16.4600,16.4700,16.4900,16.5000,109,50,52,117,36,179,103,18,84,8
SZ,002326,2017-01-03 10:26:24,16.4300,2,46004.0000,28,S,16.4300,16.4200,16.4100,16.4000,16.3900,16.4600,16.4700,16.4900,16.5000,16.5100,81,50,52,117,6,103,18,84,58,47
SZ,002326,2017-01-03 10:26:33,16.4500,1,295722.0000,180,B,16.4500,16.4300,16.4200,16.4100,16.4000,16.4600,16.4700,16.4900,16.5000,16.5100,400,86,50,52,117,103,18,84,58,47
SZ,002326,2017-01-03 10:26:39,16.4500,1,1645.0000,1,S,16.4500,16.4300,16.4200,16.4100,16.4000,16.4600,16.4700,16.4900,16.5000,16.5100,399,86,50,52,117,103,18,84,58,47
SZ,002326,2017-01-03 10:26:54,16.4600,1,169538.0000,103,B,16.4600,16.4500,16.4300,16.4200,16.4100,16.4700,16.4900,16.5000,16.5100,16.5300,377,404,106,50,52,18,84,52,47,35
SZ,002326,2017-01-03 10:26:57,16.4600,1,16460.0000,10,S,16.4600,16.4500,16.4300,16.4200,16.4100,16.4700,16.4900,16.5000,16.5100,16.5300,377,404,106,50,59,18,84,52,47,35
SZ,002326,2017-01-03 10:27:09,16.4700,1,6588.0000,4,B,16.4600,16.4500,16.4300,16.4200,16.4100,16.4700,16.4900,16.5000,16.5100,16.5300,377,404,120,50,59,14,84,52,47,35
SZ,002326,2017-01-03 10:27:12,16.4700,2,23058.0000,14,B,16.4700,16.4600,16.4500,16.4300,16.4200,16.4900,16.5000,16.5100,16.5300,16.5400,12,377,415,120,50,84,52,47,35,43
SZ,002326,2017-01-03 10:27:36,16.4900,2,138516.0000,84,B,16.4900,16.4800,16.4700,16.4600,16.4500,16.5000,16.5100,16.5300,16.5400,16.5500,596,20,695,377,415,52,47,35,43,79
SZ,002326,2017-01-03 10:27:42,16.5000,3,113850.0000,69,B,16.5000,16.4900,16.4800,16.4700,16.4600,16.5100,16.5300,16.5400,16.5500,16.5600,31,596,10,695,387,47,35,43,79,19
SZ,002326,2017-01-03 10:28:00,16.5100,1,16510.0000,10,B,16.5000,16.4900,16.4800,16.4700,16.4600,16.5100,16.5300,16.5400,16.5500,16.5600,41,596,10,695,387,37,35,43,79,19
SZ,002326,2017-01-03 10:28:12,16.5100,7,69342.0000,42,B,16.5100,16.5000,16.4900,16.4800,16.4700,16.5300,16.5400,16.5500,16.5600,16.5700,508,44,596,10,695,35,43,79,19,56
SZ,002326,2017-01-03 10:28:15,16.5100,1,16510.0000,10,S,16.5100,16.5000,16.4900,16.4800,16.4700,16.5300,16.5400,16.5500,16.5600,16.5700,498,44,596,10,695,35,43,79,19,56
SZ,002326,2017-01-03 10:28:24,16.5100,1,1651.0000,1,S,16.5100,16.5000,16.4900,16.4800,16.4700,16.5300,16.5400,16.5500,16.5600,16.5700,447,16,596,10,695,35,40,79,19,57
SZ,002326,2017-01-03 10:28:36,16.5100,6,97536.0000,59,S,16.5100,16.5000,16.4900,16.4800,16.4700,16.5400,16.5500,16.5600,16.5700,16.5800,442,16,596,10,695,21,82,19,57,175
SZ,002326,2017-01-03 10:28:42,16.5300,1,4959.0000,3,B,16.5100,16.5000,16.4900,16.4800,16.4700,16.5200,16.5300,16.5400,16.5500,16.5600,442,16,596,10,695,5,4,21,82,19
SZ,002326,2017-01-03 10:28:57,16.5200,1,8260.0000,5,B,16.5200,16.5100,16.5000,16.4900,16.4800,16.5300,16.5400,16.5500,16.5600,16.5700,1009,442,16,596,10,12,21,82,19,50
SZ,002326,2017-01-03 10:29:00,16.5300,3,14877.0000,9,B,16.5200,16.5100,16.5000,16.4900,16.4800,16.5300,16.5400,16.5500,16.5600,16.5700,1009,442,16,596,10,3,21,139,19,50
SZ,002326,2017-01-03 10:29:18,16.5300,1,4959.0000,3,B,16.5300,16.5200,16.5100,16.5000,16.4900,16.5400,16.5500,16.5600,16.5700,16.5800,555,450,442,10,596,21,144,19,50,175
SZ,002326,2017-01-03 10:29:36,16.5400,3,42999.0000,26,B,16.5400,16.5300,16.5200,16.5100,16.5000,16.5500,16.5600,16.5700,16.5800,16.5900,534,140,450,442,19,143,19,50,175,41
SZ,002326,2017-01-03 10:29:39,16.5500,4,52960.0000,32,B,16.5400,16.5300,16.5200,16.5100,16.5000,16.5500,16.5600,16.5700,16.5800,16.5900,534,146,450,442,19,111,19,50,175,41
SZ,002326,2017-01-03 10:29:42,16.5400,1,16540.0000,10,S,16.5400,16.5300,16.5200,16.5100,16.5000,16.5500,16.5600,16.5700,16.5800,16.5900,526,144,450,442,19,111,19,50,175,41
SZ,002326,2017-01-03 10:29:45,16.5500,4,33100.0000,20,B,16.5400,16.5300,16.5200,16.5100,16.5000,16.5500,16.5600,16.5700,16.5800,16.5900,526,144,450,442,19,91,19,50,176,41
SZ,002326,2017-01-03 10:29:51,16.5500,1,3310.0000,2,B,16.5400,16.5300,16.5200,16.5100,16.5000,16.5500,16.5600,16.5700,16.5800,16.5900,2,144,450,442,19,89,19,50,176,41
SZ,002326,2017-01-03 10:29:57,16.5500,3,13240.0000,8,B,16.5400,16.5300,16.5200,16.5100,16.5000,16.5500,16.5600,16.5700,16.5800,16.5900,9,94,450,442,19,93,19,50,176,41
SZ,002326,2017-01-03 10:30:00,16.5500,6,153915.0000,93,B,16.5500,16.5400,16.5300,16.5200,16.5100,16.5600,16.5700,16.5800,16.5900,16.6000,431,9,94,450,442,19,50,176,41,270
SZ,002326,2017-01-03 10:30:03,16.5500,2,19860.0000,12,S,16.5500,16.5400,16.5300,16.5200,16.5100,16.5600,16.5700,16.5800,16.5900,16.6000,419,9,94,450,442,19,50,176,41,270
SZ,002326,2017-01-03 10:30:06,16.5500,1,1655.0000,1,S,16.5500,16.5400,16.5300,16.5200,16.5100,16.5600,16.5700,16.5800,16.5900,16.6000,420,4,90,450,442,19,50,176,41,270
SZ,002326,2017-01-03 10:30:09,16.5500,1,3310.0000,2,S,16.5400,16.5300,16.5200,16.5100,16.5000,16.5500,16.5600,16.5700,16.5800,16.5900,4,90,450,442,19,2,39,50,176,41
SZ,002326,2017-01-03 10:30:15,16.5600,5,71206.0000,43,B,16.5600,16.5400,16.5300,16.5200,16.5100,16.5700,16.5800,16.5900,16.6000,16.6100,7,4,90,450,442,54,176,41,270,5
SZ,002326,2017-01-03 10:30:18,16.5600,1,11592.0000,7,S,16.5400,16.5300,16.5200,16.5100,16.5000,16.5600,16.5700,16.5800,16.5900,16.6000,4,90,450,445,19,1,54,176,41,270
SZ,002326,2017-01-03 10:30:24,16.5700,8,91134.0000,55,B,16.5700,16.5400,16.5300,16.5200,16.5100,16.5800,16.5900,16.6000,16.6100,16.6300,362,4,90,450,445,176,41,270,5,61
SZ,002326,2017-01-03 10:30:39,16.5800,1,6632.0000,4,B,16.5700,16.5400,16.5300,16.5200,16.5100,16.5800,16.5900,16.6000,16.6100,16.6300,40,4,90,450,445,168,61,279,5,61
SZ,002326,2017-01-03 10:30:42,16.5800,2,23212.0000,14,B,16.5400,16.5300,16.5200,16.5100,16.5000,16.5800,16.5900,16.6000,16.6100,16.6300,4,90,450,445,19,154,61,279,5,61
SZ,002326,2017-01-03 10:30:45,16.5800,1,8290.0000,5,B,16.5400,16.5300,16.5200,16.5100,16.5000,16.5700,16.5800,16.5900,16.6000,16.6100,4,90,450,445,19,2,149,63,279,5
SZ,002326,2017-01-03 10:30:57,16.5700,5,102734.0000,62,B,16.5700,16.5400,16.5300,16.5200,16.5100,16.5800,16.5900,16.6000,16.6100,16.6300,300,4,90,450,445,169,68,277,5,61
SZ,002326,2017-01-03 10:31:03,16.5800,2,82900.0000,50,B,16.5700,16.5400,16.5300,16.5200,16.5100,16.5800,16.5900,16.6000,16.6100,16.6300,301,4,87,450,445,119,68,277,5,61
SZ,002326,2017-01-03 10:31:06,16.5800,2,23208.0000,14,B,16.5700,16.5400,16.5300,16.5200,16.5100,16.5800,16.5900,16.6000,16.6100,16.6300,297,4,87,450,445,109,68,277,5,61
SZ,002326,2017-01-03 10:31:12,16.5800,1,4974.0000,3,B,16.5700,16.5400,16.5300,16.5200,16.5100,16.5800,16.5900,16.6000,16.6100,16.6300,1,4,87,450,445,109,69,277,5,64
SZ,002326,2017-01-03 10:31:18,16.5800,13,321652.0000,194,B,16.5800,16.5400,16.5300,16.5200,16.5100,16.5900,16.6000,16.6100,16.6300,16.6400,102,4,87,450,445,98,285,5,66,73
SZ,002326,2017-01-03 10:31:27,16.5800,2,117718.0000,71,S,16.5800,16.5400,16.5300,16.5200,16.5100,16.5900,16.6000,16.6100,16.6300,16.6400,31,4,87,450,445,140,285,5,66,73
SZ,002326,2017-01-03 10:31:30,16.5900,2,51399.0000,31,B,16.5400,16.5300,16.5200,16.5100,16.5000,16.5900,16.6000,16.6100,16.6300,16.6400,4,87,450,445,19,119,286,5,66,73
SZ,002326,2017-01-03 10:31:36,16.5800,14,174190.0000,105,S,16.5800,16.5400,16.5300,16.5200,16.5100,16.5900,16.6000,16.6100,16.6300,16.6400,252,4,87,450,445,23,286,5,66,73
SZ,002326,2017-01-03 10:31:39,16.5900,2,24884.0000,15,B,16.5800,16.5400,16.5300,16.5200,16.5100,16.5900,16.6000,16.6100,16.6300,16.6400,254,4,87,450,445,9,286,5,66,73
SZ,002326,2017-01-03 10:31:42,16.5900,4,24885.0000,15,B,16.5800,16.5400,16.5300,16.5200,16.5100,16.5900,16.6000,16.6100,16.6300,16.6400,254,4,87,450,445,6,286,5,66,73
SZ,002326,2017-01-03 10:31:48,16.5900,1,1659.0000,1,B,16.5800,16.5400,16.5300,16.5200,16.5100,16.5900,16.6000,16.6100,16.6300,16.6400,254,4,87,450,445,44,298,5,66,73
SZ,002326,2017-01-03 10:31:51,16.5900,4,24885.0000,15,B,16.5800,16.5400,16.5300,16.5200,16.5100,16.5900,16.6000,16.6100,16.6300,16.6400,254,4,87,450,445,84,303,5,66,73
SZ,002326,2017-01-03 10:32:00,16.5800,1,33160.0000,20,S,16.5800,16.5400,16.5300,16.5200,16.5100,16.5900,16.6000,16.6100,16.6300,16.6400,234,4,92,450,445,142,303,5,66,63
SZ,002326,2017-01-03 10:32:03,16.5900,2,9954.0000,6,B,16.5800,16.5400,16.5300,16.5200,16.5100,16.5900,16.6000,16.6100,16.6300,16.6400,234,4,92,450,445,136,303,5,66,63
SZ,002326,2017-01-03 10:32:06,16.5800,2,24873.0000,15,S,16.5800,16.5400,16.5300,16.5200,16.5100,16.5900,16.6000,16.6100,16.6300,16.6400,222,4,92,450,445,133,301,5,66,63
SZ,002326,2017-01-03 10:32:09,16.5800,1,8290.0000,5,S,16.5800,16.5400,16.5300,16.5200,16.5100,16.5900,16.6000,16.6100,16.6300,16.6400,237,4,92,450,445,212,301,5,66,63
SZ,002326,2017-01-03 10:32:12,16.5800,2,343206.0000,207,S,16.5800,16.5400,16.5300,16.5200,16.5100,16.5900,16.6000,16.6100,16.6300,16.6400,30,4,92,450,445,217,301,5,66,63
SZ,002326,2017-01-03 10:32:15,16.5800,4,36476.0000,22,S,16.5800,16.5400,16.5300,16.5200,16.5100,16.5900,16.6000,16.6100,16.6300,16.6400,8,4,92,450,445,217,306,5,66,63
SZ,002326,2017-01-03 10:32:18,16.5800,1,13264.0000,8,S,16.5400,16.5300,16.5200,16.5100,16.5000,16.5800,16.5900,16.6000,16.6100,16.6300,4,92,450,445,19,176,219,309,5,66
SZ,002326,2017-01-03 10:32:36,16.5400,1,3308.0000,2,S,16.5300,16.5200,16.5100,16.5000,16.4900,16.5700,16.5800,16.5900,16.6000,16.6100,87,450,445,19,596,39,484,205,309,5
SZ,002326,2017-01-03 10:32:45,16.5300,2,107445.0000,65,S,16.5300,16.5200,16.5100,16.5000,16.4900,16.5700,16.5800,16.5900,16.6000,16.6100,22,450,445,19,596,60,479,77,318,5
SZ,002326,2017-01-03 10:33:03,16.5600,4,43056.0000,26,B,16.5600,16.5300,16.5200,16.5100,16.5000,16.5700,16.5800,16.5900,16.6000,16.6100,8,22,450,445,14,70,490,77,318,5
SZ,002326,2017-01-03 10:33:09,16.5600,1,13248.0000,8,S,16.5300,16.5200,16.5100,16.5000,16.4900,16.5600,16.5700,16.5800,16.5900,16.6000,45,450,445,14,596,124,78,490,92,318
SZ,002326,2017-01-03 10:33:30,16.5600,1,6624.0000,4,B,16.5300,16.5200,16.5100,16.5000,16.4900,16.5600,16.5700,16.5800,16.5900,16.6000,71,450,445,14,596,123,124,423,92,318
SZ,002326,2017-01-03 10:33:33,16.5600,3,286488.0000,173,B,16.5600,16.5500,16.5300,16.5200,16.5100,16.5700,16.5800,16.5900,16.6000,16.6100,127,7,71,450,445,124,423,92,318,15
SZ,002326,2017-01-03 10:33:54,16.5700,3,18227.0000,11,B,16.5600,16.5500,16.5300,16.5200,16.5100,16.5700,16.5800,16.5900,16.6000,16.6100,127,7,85,450,445,117,298,92,318,15
SZ,002326,2017-01-03 10:34:00,16.5700,6,97763.0000,59,B,16.5600,16.5500,16.5300,16.5200,16.5100,16.5700,16.5800,16.5900,16.6000,16.6100,127,7,85,450,445,68,298,92,318,15
SZ,002326,2017-01-03 10:34:03,16.5600,1,1656.0000,1,S,16.5600,16.5500,16.5300,16.5200,16.5100,16.5700,16.5800,16.5900,16.6000,16.6100,126,7,85,450,445,68,303,54,318,15
SZ,002326,2017-01-03 10:34:06,16.5700,4,112676.0000,68,B,16.5700,16.5600,16.5500,16.5300,16.5200,16.5800,16.5900,16.6000,16.6100,16.6300,312,126,7,85,450,303,54,318,105,66
SZ,002326,2017-01-03 10:34:12,16.5700,2,115990.0000,70,S,16.5700,16.5600,16.5500,16.5300,16.5200,16.5800,16.5900,16.6000,16.6100,16.6300,252,126,7,85,450,303,54,318,105,66
SZ,002326,2017-01-03 10:34:15,16.5700,1,3314.0000,2,S,16.5700,16.5600,16.5500,16.5300,16.5200,16.5800,16.5900,16.6000,16.6100,16.6300,250,126,7,85,450,303,54,318,105,66
SZ,002326,2017-01-03 10:34:27,16.5700,1,203811.0000,123,S,16.5700,16.5600,16.5500,16.5300,16.5200,16.5800,16.5900,16.6000,16.6100,16.6300,127,126,7,85,450,304,50,318,105,66
SZ,002326,2017-01-03 10:34:30,16.5700,1,165700.0000,100,S,16.5700,16.5600,16.5500,16.5300,16.5200,16.5800,16.5900,16.6000,16.6100,16.6300,27,126,7,85,450,304,51,318,105,66
SZ,002326,2017-01-03 10:34:33,16.5700,2,33140.0000,20,S,16.5700,16.5600,16.5500,16.5300,16.5200,16.5800,16.5900,16.6000,16.6100,16.6300,15,126,7,85,450,304,51,318,105,66
SZ,002326,2017-01-03 10:34:36,16.5700,1,6628.0000,4,S,16.5700,16.5600,16.5500,16.5300,16.5200,16.5800,16.5900,16.6000,16.6100,16.6300,9,126,7,85,450,304,51,318,105,66
SZ,002326,2017-01-03 10:34:39,16.5700,3,14913.0000,9,S,16.5600,16.5500,16.5300,16.5200,16.5100,16.5800,16.5900,16.6000,16.6100,16.6300,126,7,85,450,445,304,51,318,105,66
SZ,002326,2017-01-03 10:34:45,16.5700,1,3314.0000,2,S,16.5600,16.5500,16.5300,16.5200,16.5100,16.5700,16.5800,16.5900,16.6000,16.6100,126,7,85,450,445,3,309,51,318,105
SZ,002326,2017-01-03 10:34:51,16.5600,1,165600.0000,100,S,16.5600,16.5500,16.5300,16.5200,16.5100,16.5700,16.5800,16.5900,16.6000,16.6100,27,7,85,450,445,104,309,51,318,105
SZ,002326,2017-01-03 10:35:00,16.5600,1,11592.0000,7,S,16.5600,16.5500,16.5300,16.5200,16.5100,16.5700,16.5800,16.5900,16.6000,16.6100,22,7,85,450,445,107,309,51,318,105
SZ,002326,2017-01-03 10:35:03,16.5600,3,36432.0000,22,S,16.5500,16.5300,16.5200,16.5100,16.5000,16.5600,16.5700,16.5800,16.5900,16.6000,7,85,450,445,14,102,111,309,51,318
SZ,002326,2017-01-03 10:35:18,16.5500,1,8275.0000,5,S,16.5500,16.5300,16.5200,16.5100,16.5000,16.5600,16.5700,16.5800,16.5900,16.6000,2,85,450,445,39,250,106,311,51,323
SZ,002326,2017-01-03 10:35:21,16.5500,1,3310.0000,2,S,16.5300,16.5200,16.5100,16.5000,16.4900,16.5500,16.5600,16.5700,16.5800,16.5900,85,450,445,42,596,28,250,119,315,51
SZ,002326,2017-01-03 10:35:27,16.5500,2,19860.0000,12,B,16.5300,16.5200,16.5100,16.5000,16.4900,16.5500,16.5600,16.5700,16.5800,16.5900,85,450,445,42,596,16,256,119,315,51
SZ,002326,2017-01-03 10:35:30,16.5300,1,8265.0000,5,S,16.5300,16.5200,16.5100,16.5000,16.4900,16.5500,16.5600,16.5700,16.5800,16.5900,80,450,445,42,596,16,257,119,315,36
SZ,002326,2017-01-03 10:35:45,16.5300,2,13224.0000,8,S,16.5300,16.5200,16.5100,16.5000,16.4900,16.5400,16.5500,16.5600,16.5700,16.5800,35,450,445,42,596,1,46,219,119,331
SZ,002326,2017-01-03 10:36:15,16.5300,1,8265.0000,5,S,16.5300,16.5200,16.5100,16.5000,16.4900,16.5400,16.5500,16.5600,16.5700,16.5800,36,450,445,33,596,1,40,209,119,331
SZ,002326,2017-01-03 10:36:18,16.5300,1,11571.0000,7,S,16.5300,16.5200,16.5100,16.5000,16.4900,16.5400,16.5500,16.5600,16.5700,16.5800,29,450,445,33,596,1,40,209,119,331
SZ,002326,2017-01-03 10:36:48,16.5300,2,9918.0000,6,S,16.5300,16.5200,16.5100,16.5000,16.4900,16.5400,16.5500,16.5600,16.5700,16.5800,27,450,445,33,596,1,52,209,119,326
SZ,002326,2017-01-03 10:36:51,16.5400,1,1654.0000,1,B,16.5400,16.5300,16.5200,16.5100,16.5000,16.5500,16.5600,16.5700,16.5800,16.5900,29,27,450,445,33,52,209,119,326,38
SZ,002326,2017-01-03 10:37:09,16.5400,1,3308.0000,2,S,16.5400,16.5300,16.5200,16.5100,16.5000,16.5500,16.5600,16.5700,16.5800,16.5900,27,21,450,445,33,52,209,119,326,38
SZ,002326,2017-01-03 10:37:15,16.5300,6,89295.0000,54,S,16.5200,16.5100,16.5000,16.4900,16.4800,16.5300,16.5500,16.5600,16.5700,16.5800,450,445,33,596,20,216,52,209,119,326
SZ,002326,2017-01-03 10:38:21,16.5300,1,16530.0000,10,B,16.5200,16.5100,16.5000,16.4900,16.4800,16.5300,16.5500,16.5600,16.5700,16.5800,450,445,36,596,20,206,47,211,166,336
SZ,002326,2017-01-03 10:38:24,16.5200,2,37996.0000,23,S,16.5200,16.5100,16.5000,16.4900,16.4800,16.5300,16.5500,16.5600,16.5700,16.5800,427,445,36,596,20,212,47,211,166,336
SZ,002326,2017-01-03 10:38:33,16.5300,1,8265.0000,5,B,16.5200,16.5100,16.5000,16.4900,16.4800,16.5300,16.5500,16.5600,16.5700,16.5800,427,445,36,596,20,207,47,206,166,342
SZ,002326,2017-01-03 10:38:51,16.5300,1,1653.0000,1,B,16.5200,16.5100,16.5000,16.4900,16.4800,16.5300,16.5500,16.5600,16.5700,16.5800,427,445,36,596,10,206,47,206,166,342
SZ,002326,2017-01-03 10:39:12,16.5300,2,125562.0000,76,B,16.5200,16.5100,16.5000,16.4900,16.4800,16.5300,16.5500,16.5600,16.5700,16.5800,361,445,35,596,10,225,47,206,166,342
SZ,002326,2017-01-03 10:39:15,16.5200,1,24780.0000,15,S,16.5200,16.5100,16.5000,16.4900,16.4800,16.5300,16.5500,16.5600,16.5700,16.5800,346,445,35,596,10,225,47,206,166,342
SZ,002326,2017-01-03 10:39:18,16.5300,1,3306.0000,2,B,16.5200,16.5100,16.5000,16.4900,16.4800,16.5300,16.5500,16.5600,16.5700,16.5800,346,445,35,596,10,223,47,206,166,342
SZ,002326,2017-01-03 10:39:27,16.5300,3,330600.0000,200,B,16.5200,16.5100,16.5000,16.4900,16.4800,16.5300,16.5500,16.5600,16.5700,16.5800,346,445,35,596,10,19,47,206,166,112
SZ,002326,2017-01-03 10:39:45,16.5300,1,16530.0000,10,B,16.5200,16.5100,16.5000,16.4900,16.4800,16.5300,16.5500,16.5600,16.5700,16.5800,346,445,35,596,10,9,57,206,166,112
SZ,002326,2017-01-03 10:40:09,16.5200,1,8260.0000,5,S,16.5200,16.5100,16.5000,16.4900,16.4800,16.5300,16.5500,16.5600,16.5700,16.5800,341,445,35,596,13,11,157,206,166,112
SZ,002326,2017-01-03 10:40:54,16.5200,1,8260.0000,5,S,16.5200,16.5100,16.5000,16.4900,16.4800,16.5300,16.5400,16.5500,16.5600,16.5700,339,445,35,596,16,49,2,157,126,177
SZ,002326,2017-01-03 10:40:57,16.5300,2,6610.0000,4,B,16.5200,16.5100,16.5000,16.4900,16.4800,16.5300,16.5400,16.5500,16.5600,16.5700,337,445,35,596,16,47,2,157,126,177
SZ,002326,2017-01-03 10:41:18,16.5300,2,3306.0000,2,B,16.5200,16.5100,16.5000,16.4900,16.4800,16.5300,16.5400,16.5500,16.5600,16.5700,338,445,35,596,16,46,2,193,126,177
SZ,002326,2017-01-03 10:41:36,16.5300,1,4958.0000,3,B,16.5200,16.5100,16.5000,16.4900,16.4800,16.5300,16.5400,16.5500,16.5600,16.5700,338,445,40,596,16,43,2,193,126,177
SZ,002326,2017-01-03 10:41:42,16.5300,4,71078.0000,43,B,16.5300,16.5200,16.5100,16.5000,16.4900,16.5400,16.5500,16.5600,16.5700,16.5800,51,338,445,40,596,2,193,126,177,172
SZ,002326,2017-01-03 10:41:48,16.5300,1,3308.0000,2,S,16.5300,16.5200,16.5100,16.5000,16.4900,16.5400,16.5500,16.5600,16.5700,16.5800,49,338,445,40,596,2,193,126,177,172
SZ,002326,2017-01-03 10:42:00,16.5500,10,322722.0000,195,B,16.5500,16.5300,16.5200,16.5100,16.5000,16.5600,16.5700,16.5800,16.5900,16.6000,5,49,338,445,140,126,177,172,53,337
SZ,002326,2017-01-03 10:42:21,16.5300,3,61174.0000,37,S,16.5300,16.5200,16.5100,16.5000,16.4900,16.5500,16.5600,16.5700,16.5800,16.5900,19,338,445,140,598,15,126,177,172,53
SZ,002326,2017-01-03 10:42:42,16.5300,1,8264.0000,5,S,16.5300,16.5200,16.5100,16.5000,16.4900,16.5500,16.5600,16.5700,16.5800,16.5900,46,338,445,140,598,15,126,177,166,53
SZ,002326,2017-01-03 10:42:51,16.5500,1,24824.0000,15,B,16.5500,16.5300,16.5200,16.5100,16.5000,16.5600,16.5700,16.5800,16.5900,16.6000,85,66,338,445,140,126,177,166,53,337
SZ,002326,2017-01-03 10:43:21,16.5500,1,1656.0000,1,S,16.5500,16.5400,16.5300,16.5200,16.5100,16.5600,16.5700,16.5800,16.5900,16.6000,184,30,66,338,445,126,191,166,53,337
SZ,002326,2017-01-03 10:43:39,16.5500,2,304520.0000,184,S,16.5400,16.5300,16.5200,16.5100,16.5000,16.5500,16.5600,16.5700,16.5800,16.5900,30,66,338,445,150,16,136,191,166,53
SZ,002326,2017-01-03 10:43:51,16.5500,2,28136.0000,17,B,16.5400,16.5300,16.5200,16.5100,16.5000,16.5500,16.5600,16.5700,16.5800,16.5900,30,46,338,445,150,18,136,191,166,103
SZ,002326,2017-01-03 10:43:57,16.5500,1,29788.0000,18,B,16.5500,16.5400,16.5300,16.5200,16.5100,16.5600,16.5700,16.5800,16.5900,16.6000,82,30,46,338,445,136,191,156,103,337
SZ,002326,2017-01-03 10:44:06,16.5500,1,79440.0000,48,S,16.5500,16.5400,16.5300,16.5200,16.5100,16.5600,16.5700,16.5800,16.5900,16.6000,34,30,46,338,445,136,141,156,103,337
SZ,002326,2017-01-03 10:44:09,16.5500,1,13240.0000,8,S,16.5500,16.5400,16.5300,16.5200,16.5100,16.5600,16.5700,16.5800,16.5900,16.6000,26,30,46,338,445,136,141,156,110,341
SZ,002326,2017-01-03 10:44:18,16.5500,1,33100.0000,20,S,16.5500,16.5400,16.5300,16.5200,16.5100,16.5600,16.5700,16.5800,16.5900,16.6000,6,30,46,338,445,136,141,156,160,341
SZ,002326,2017-01-03 10:44:30,16.5500,1,8276.0000,5,S,16.5500,16.5400,16.5300,16.5200,16.5100,16.5600,16.5700,16.5800,16.5900,16.6000,1,30,46,338,445,136,141,156,160,341
SZ,002326,2017-01-03 10:44:36,16.5500,1,1656.0000,1,S,16.5400,16.5300,16.5200,16.5100,16.5000,16.5500,16.5600,16.5700,16.5800,16.5900,30,46,338,445,150,4,136,141,156,160
SZ,002326,2017-01-03 10:45:12,16.5500,2,19848.0000,12,B,16.5400,16.5300,16.5200,16.5100,16.5000,16.5500,16.5600,16.5700,16.5800,16.5900,22,56,338,445,150,36,136,141,160,160
SZ,002326,2017-01-03 10:45:18,16.5400,1,6616.0000,4,S,16.5400,16.5300,16.5200,16.5100,16.5000,16.5500,16.5600,16.5700,16.5800,16.5900,16,56,338,445,150,76,136,141,160,160
SZ,002326,2017-01-03 10:45:21,16.5400,1,26464.0000,16,S,16.5300,16.5200,16.5100,16.5000,16.4900,16.5400,16.5500,16.5600,16.5700,16.5800,56,338,445,150,602,24,76,136,141,160
SZ,002326,2017-01-03 10:45:45,16.5300,2,41326.0000,25,S,16.5300,16.5200,16.5100,16.5000,16.4900,16.5400,16.5500,16.5600,16.5700,16.5800,31,338,445,150,602,24,74,136,141,156
SZ,002326,2017-01-03 10:46:03,16.5300,1,8266.0000,5,S,16.5300,16.5200,16.5100,16.5000,16.4900,16.5400,16.5500,16.5600,16.5700,16.5800,16,338,445,150,602,24,78,171,170,156
SZ,002326,2017-01-03 10:46:39,16.5300,1,19836.0000,12,S,16.5300,16.5200,16.5100,16.5000,16.4900,16.5400,16.5500,16.5600,16.5700,16.5800,21,338,445,150,602,24,88,171,180,156
SZ,002326,2017-01-03 10:46:54,16.5200,3,82618.0000,50,S,16.5200,16.5100,16.5000,16.4900,16.4800,16.5400,16.5500,16.5600,16.5700,16.5800,307,445,150,602,16,24,138,171,180,146
SZ,002326,2017-01-03 10:47:27,16.5200,1,8260.0000,5,S,16.5200,16.5100,16.5000,16.4900,16.4800,16.5400,16.5500,16.5600,16.5700,16.5800,302,445,150,602,16,35,146,171,180,146
SZ,002326,2017-01-03 10:49:15,16.5400,1,4962.0000,3,B,16.5300,16.5200,16.5100,16.5000,16.4900,16.5400,16.5500,16.5600,16.5700,16.5800,17,322,445,159,602,119,157,171,166,148
SZ,002326,2017-01-03 10:49:30,16.5300,1,18184.0000,11,S,16.5300,16.5200,16.5100,16.5000,16.4900,16.5400,16.5500,16.5600,16.5700,16.5800,25,322,445,159,602,119,157,171,166,148
SZ,002326,2017-01-03 10:49:36,16.5400,1,1652.0000,1,B,16.5300,16.5200,16.5100,16.5000,16.4900,16.5400,16.5500,16.5600,16.5700,16.5800,25,322,445,159,602,118,157,171,166,148
SZ,002326,2017-01-03 10:50:03,16.5400,1,4964.0000,3,B,16.5300,16.5200,16.5100,16.5000,16.4900,16.5400,16.5500,16.5600,16.5700,16.5800,25,322,445,154,602,120,154,171,166,148
SZ,002326,2017-01-03 10:50:42,16.5400,1,3308.0000,2,B,16.5300,16.5200,16.5100,16.5000,16.4900,16.5400,16.5500,16.5600,16.5700,16.5800,25,327,445,154,602,118,154,171,166,138
SZ,002326,2017-01-03 10:50:48,16.5400,1,6616.0000,4,B,16.5300,16.5200,16.5100,16.5000,16.4900,16.5400,16.5500,16.5600,16.5700,16.5800,23,327,445,159,602,114,154,171,166,138
SZ,002326,2017-01-03 10:51:00,16.5300,2,16528.0000,10,S,16.5300,16.5200,16.5100,16.5000,16.4900,16.5400,16.5500,16.5600,16.5700,16.5800,52,327,445,159,602,114,154,171,166,138
SZ,002326,2017-01-03 10:51:30,16.5300,2,66120.0000,40,S,16.5300,16.5200,16.5100,16.5000,16.4900,16.5400,16.5500,16.5600,16.5700,16.5800,12,327,445,159,602,100,154,185,166,138
SZ,002326,2017-01-03 10:51:42,16.5300,1,8266.0000,5,S,16.5300,16.5200,16.5100,16.5000,16.4900,16.5400,16.5500,16.5600,16.5700,16.5800,7,327,445,169,602,100,154,185,166,138
SZ,002326,2017-01-03 10:51:54,16.5300,1,1654.0000,1,S,16.5300,16.5200,16.5100,16.5000,16.4900,16.5400,16.5500,16.5600,16.5700,16.5800,6,327,445,169,602,100,154,185,166,138
SZ,002326,2017-01-03 10:52:18,16.5300,1,4958.0000,3,S,16.5300,16.5200,16.5100,16.5000,16.4900,16.5400,16.5500,16.5600,16.5700,16.5800,10,327,445,189,602,100,154,185,166,138
SZ,002326,2017-01-03 10:52:21,16.5300,2,16530.0000,10,S,16.5200,16.5100,16.5000,16.4900,16.4800,16.5300,16.5400,16.5500,16.5600,16.5700,327,445,189,602,16,1,100,154,185,166
SZ,002326,2017-01-03 10:52:36,16.5200,1,1652.0000,1,S,16.5200,16.5100,16.5000,16.4900,16.4800,16.5300,16.5400,16.5500,16.5600,16.5700,426,445,189,602,16,21,100,154,185,166
SZ,002326,2017-01-03 10:53:06,16.5200,1,330400.0000,200,S,16.5200,16.5100,16.5000,16.4900,16.4800,16.5300,16.5400,16.5500,16.5600,16.5700,236,445,189,602,16,38,102,154,185,166
SZ,002326,2017-01-03 10:53:45,16.5200,1,1652.0000,1,S,16.5200,16.5100,16.5000,16.4900,16.4800,16.5300,16.5400,16.5500,16.5600,16.5700,235,445,209,602,16,44,102,154,185,166
SZ,002326,2017-01-03 10:54:03,16.5200,1,49560.0000,30,S,16.5200,16.5100,16.5000,16.4900,16.4800,16.5300,16.5400,16.5500,16.5600,16.5700,205,445,209,602,16,44,102,154,185,166
SZ,002326,2017-01-03 10:54:06,16.5200,1,90860.0000,55,S,16.5200,16.5100,16.5000,16.4900,16.4800,16.5300,16.5400,16.5500,16.5600,16.5700,150,445,209,602,16,44,102,154,185,166
SZ,002326,2017-01-03 10:54:39,16.5200,6,105728.0000,64,S,16.5200,16.5100,16.5000,16.4900,16.4800,16.5300,16.5400,16.5500,16.5600,16.5700,86,445,210,602,16,44,101,154,192,166
SZ,002326,2017-01-03 10:54:48,16.5100,3,267548.0000,162,S,16.5100,16.5000,16.4900,16.4800,16.4700,16.5200,16.5300,16.5400,16.5500,16.5600,369,210,602,16,692,114,44,101,154,192
SZ,002326,2017-01-03 10:55:30,16.5100,1,24764.0000,15,S,16.5100,16.5000,16.4900,16.4800,16.4700,16.5200,16.5300,16.5400,16.5500,16.5600,354,210,602,16,692,9,44,101,154,192
SZ,002326,2017-01-03 10:55:36,16.5100,1,188216.0000,114,S,16.5100,16.5000,16.4900,16.4800,16.4700,16.5200,16.5300,16.5400,16.5500,16.5600,240,210,602,16,692,9,44,101,154,192
SZ,002326,2017-01-03 10:55:45,16.5100,1,8254.0000,5,S,16.5100,16.5000,16.4900,16.4800,16.4700,16.5200,16.5300,16.5400,16.5500,16.5600,235,210,602,16,692,12,44,110,204,192
SZ,002326,2017-01-03 10:56:03,16.5100,1,26416.0000,16,S,16.5100,16.5000,16.4900,16.4800,16.4700,16.5200,16.5300,16.5400,16.5500,16.5600,219,210,602,16,692,12,88,110,204,192
SZ,002326,2017-01-03 10:56:15,16.5200,1,15926.0000,9,B,16.5200,16.5100,16.5000,16.4900,16.4800,16.5300,16.5400,16.5500,16.5600,16.5700,48,219,210,602,16,88,110,204,192,166
SZ,002326,2017-01-03 10:56:24,16.5200,1,33040.0000,20,S,16.5200,16.5100,16.5000,16.4900,16.4800,16.5300,16.5400,16.5500,16.5600,16.5700,28,219,210,602,16,88,110,204,192,166
SZ,002326,2017-01-03 10:56:36,16.5200,1,3304.0000,2,S,16.5200,16.5100,16.5000,16.4900,16.4800,16.5300,16.5400,16.5500,16.5600,16.5700,26,219,210,602,16,88,110,200,203,166
SZ,002326,2017-01-03 10:56:51,16.5300,2,16528.0000,10,B,16.5200,16.5100,16.5000,16.4900,16.4800,16.5300,16.5400,16.5500,16.5600,16.5700,26,219,210,602,16,78,110,200,203,166
SZ,002326,2017-01-03 10:57:00,16.5200,1,3304.0000,2,S,16.5200,16.5100,16.5000,16.4900,16.4800,16.5300,16.5400,16.5500,16.5600,16.5700,24,219,210,602,16,78,110,200,168,166
SZ,002326,2017-01-03 10:57:27,16.5200,1,33040.0000,20,S,16.5200,16.5100,16.5000,16.4900,16.4800,16.5300,16.5400,16.5500,16.5600,16.5700,8,219,210,602,16,87,110,203,168,166
SZ,002326,2017-01-03 10:57:39,16.5200,1,1652.0000,1,S,16.5200,16.5100,16.5000,16.4900,16.4800,16.5300,16.5400,16.5500,16.5600,16.5700,7,219,210,602,16,87,103,203,168,166
SZ,002326,2017-01-03 10:58:00,16.5200,2,12160.0000,8,S,16.5100,16.5000,16.4900,16.4800,16.4700,16.5200,16.5300,16.5400,16.5500,16.5600,219,210,602,16,692,22,91,103,203,168
SZ,002326,2017-01-03 10:58:21,16.5100,1,191516.0000,116,S,16.5100,16.5000,16.4900,16.4800,16.4700,16.5200,16.5300,16.5400,16.5500,16.5600,103,210,602,16,692,22,87,103,203,168
SZ,002326,2017-01-03 10:58:30,16.5100,1,16510.0000,10,S,16.5100,16.5000,16.4900,16.4800,16.4700,16.5200,16.5300,16.5400,16.5500,16.5600,93,210,602,16,692,22,87,103,211,168
SZ,002326,2017-01-03 10:58:45,16.5200,2,16520.0000,10,B,16.5100,16.5000,16.4900,16.4800,16.4700,16.5200,16.5300,16.5400,16.5500,16.5600,93,210,602,16,692,12,87,103,211,168
SZ,002326,2017-01-03 10:58:51,16.5100,2,153542.0000,93,S,16.5000,16.4900,16.4800,16.4700,16.4600,16.5100,16.5200,16.5300,16.5400,16.5500,210,602,16,692,382,57,12,87,103,211
SZ,002326,2017-01-03 10:59:30,16.5000,1,1652.0000,1,S,16.5000,16.4900,16.4800,16.4700,16.4600,16.5100,16.5200,16.5300,16.5400,16.5500,211,602,16,692,382,62,17,87,103,211
SZ,002326,2017-01-03 10:59:45,16.5100,1,6604.0000,4,B,16.5000,16.4900,16.4800,16.4700,16.4600,16.5100,16.5200,16.5300,16.5400,16.5500,211,602,16,692,382,68,17,76,103,211
SZ,002326,2017-01-03 10:59:54,16.5100,1,8254.0000,5,B,16.5000,16.4900,16.4800,16.4700,16.4600,16.5100,16.5200,16.5300,16.5400,16.5500,211,602,16,692,382,63,17,76,103,211
SZ,002326,2017-01-03 10:59:57,16.5100,1,16510.0000,10,B,16.5000,16.4900,16.4800,16.4700,16.4600,16.5100,16.5200,16.5300,16.5400,16.5500,208,602,16,692,382,53,17,76,103,211
SZ,002326,2017-01-03 11:00:06,16.5100,1,3302.0000,2,B,16.5000,16.4900,16.4800,16.4700,16.4600,16.5100,16.5200,16.5300,16.5400,16.5500,208,602,16,692,382,51,17,76,103,261
SZ,002326,2017-01-03 11:00:18,16.5100,3,82550.0000,50,B,16.5000,16.4900,16.4800,16.4700,16.4600,16.5100,16.5200,16.5300,16.5400,16.5500,208,602,16,692,382,62,17,76,103,261
SZ,002326,2017-01-03 11:00:21,16.5100,2,31368.0000,19,B,16.5000,16.4900,16.4800,16.4700,16.4600,16.5100,16.5200,16.5300,16.5400,16.5500,208,602,16,692,382,43,17,76,103,261
SZ,002326,2017-01-03 11:00:45,16.5100,1,69344.0000,42,B,16.5000,16.4900,16.4800,16.4700,16.4600,16.5100,16.5200,16.5300,16.5400,16.5500,198,602,16,692,382,1,27,76,101,261
SZ,002326,2017-01-03 11:00:51,16.5100,1,2574.0000,1,B,16.5100,16.5000,16.4900,16.4800,16.4700,16.5200,16.5300,16.5400,16.5500,16.5600,18,198,602,16,692,27,76,101,261,168
SZ,002326,2017-01-03 11:01:24,16.5100,1,28066.0000,17,S,16.5100,16.5000,16.4900,16.4800,16.4700,16.5200,16.5300,16.5400,16.5500,16.5600,31,198,602,16,692,29,76,101,261,168
SZ,002326,2017-01-03 11:01:57,16.5200,5,48968.0000,30,B,16.5200,16.5100,16.5000,16.4900,16.4800,16.5300,16.5400,16.5500,16.5600,16.5700,130,31,200,602,16,76,101,261,168,166
SZ,002326,2017-01-03 11:02:15,16.5200,1,11564.0000,7,S,16.5200,16.5100,16.5000,16.4900,16.4800,16.5300,16.5400,16.5500,16.5600,16.5700,123,31,200,602,16,76,101,261,168,166
SZ,002326,2017-01-03 11:02:36,16.5200,1,33040.0000,20,S,16.5200,16.5100,16.5000,16.4900,16.4800,16.5300,16.5400,16.5500,16.5600,16.5700,103,31,200,602,16,76,101,261,168,166
SZ,002326,2017-01-03 11:02:54,16.5200,1,3304.0000,2,S,16.5200,16.5100,16.5000,16.4900,16.4800,16.5300,16.5400,16.5500,16.5600,16.5700,101,31,200,602,16,76,101,239,168,166
SZ,002326,2017-01-03 11:03:12,16.5200,1,3304.0000,2,S,16.5200,16.5100,16.5000,16.4900,16.4800,16.5300,16.5400,16.5500,16.5600,16.5700,99,31,200,602,16,76,104,239,168,166
SZ,002326,2017-01-03 11:03:18,16.5200,1,16520.0000,10,S,16.5200,16.5100,16.5000,16.4900,16.4800,16.5300,16.5400,16.5500,16.5600,16.5700,89,31,200,602,16,76,104,239,168,166
SZ,002326,2017-01-03 11:03:45,16.5200,1,147620.0000,89,S,16.5100,16.5000,16.4900,16.4800,16.4700,16.5200,16.5300,16.5400,16.5500,16.5600,36,204,602,16,692,0,80,116,239,168
SZ,002326,2017-01-03 11:05:45,16.5200,6,58878.0000,36,B,16.5200,16.5100,16.5000,16.4900,16.4800,16.5300,16.5400,16.5500,16.5600,16.5700,15,45,234,627,16,122,113,239,154,166
SZ,002326,2017-01-03 11:05:48,16.5200,1,19824.0000,12,S,16.5200,16.5100,16.5000,16.4900,16.4800,16.5300,16.5400,16.5500,16.5600,16.5700,3,45,234,627,16,122,113,239,154,166
SZ,002326,2017-01-03 11:06:27,16.5000,13,330052.0000,200,S,16.5000,16.4900,16.4800,16.4700,16.4600,16.5300,16.5400,16.5500,16.5600,16.5700,87,627,21,702,382,122,113,239,154,166
SZ,002326,2017-01-03 11:06:48,16.5000,1,1650.0000,1,S,16.5000,16.4900,16.4800,16.4700,16.4600,16.5200,16.5300,16.5400,16.5500,16.5600,86,627,21,702,382,20,122,113,239,154
SZ,002326,2017-01-03 11:07:03,16.5000,2,8250.0000,5,S,16.5000,16.4900,16.4800,16.4700,16.4600,16.5200,16.5300,16.5400,16.5500,16.5600,81,627,21,702,382,20,122,113,239,154
SZ,002326,2017-01-03 11:07:21,16.5000,9,82500.0000,50,S,16.5000,16.4900,16.4800,16.4700,16.4600,16.5200,16.5300,16.5400,16.5500,16.5600,31,627,21,702,382,20,122,113,239,154
SZ,002326,2017-01-03 11:07:24,16.5000,2,52470.0000,32,S,16.4900,16.4800,16.4700,16.4600,16.4500,16.5000,16.5200,16.5300,16.5400,16.5500,627,21,702,382,501,8,20,122,113,239
SZ,002326,2017-01-03 11:08:06,16.5000,1,6600.0000,4,B,16.4900,16.4800,16.4700,16.4600,16.4500,16.5000,16.5200,16.5300,16.5400,16.5500,627,21,702,382,501,24,20,122,113,239
SZ,002326,2017-01-03 11:08:21,16.5000,2,19800.0000,12,B,16.4900,16.4800,16.4700,16.4600,16.4500,16.5000,16.5200,16.5300,16.5400,16.5500,627,21,702,387,501,12,20,122,113,239
SZ,002326,2017-01-03 11:08:57,16.5000,1,16500.0000,10,B,16.4900,16.4800,16.4700,16.4600,16.4500,16.5000,16.5200,16.5300,16.5400,16.5500,647,26,702,387,501,55,20,122,113,239
SZ,002326,2017-01-03 11:09:18,16.5000,3,33000.0000,20,B,16.4900,16.4800,16.4700,16.4600,16.4500,16.5000,16.5200,16.5300,16.5400,16.5500,647,26,702,387,501,15,20,122,113,239
SZ,002326,2017-01-03 11:09:24,16.5000,1,3630.0000,2,B,16.5000,16.4900,16.4800,16.4700,16.4600,16.5200,16.5300,16.5400,16.5500,16.5600,37,647,26,702,387,20,122,113,239,154
SZ,002326,2017-01-03 11:09:57,16.5000,1,1650.0000,1,S,16.5000,16.4900,16.4800,16.4700,16.4600,16.5100,16.5200,16.5300,16.5400,16.5500,50,647,26,702,387,20,20,122,113,239
