市场代码,证券代码,时间,最新价,成交笔数,成交额,成交量,方向,买一价,买二价,买三价,买四价,买五价,卖一价,卖二价,卖三价,卖四价,卖五价,买一量,买二量,买三量,买四量,买五量,卖一量,卖二量,卖三量,卖四量,卖五量
SZ,002328,2017-01-03 09:25:03,10.7800,16,384846.0000,357,B,10.7500,10.7400,10.7300,10.7000,10.6900,10.7800,10.7900,10.8000,10.8100,10.8200,3,8,20,2,5,129,59,64,10,5
SZ,002328,2017-01-03 09:30:03,10.7800,6,53890.0000,50,B,10.7700,10.7500,10.7400,10.7300,10.7200,10.7800,10.7900,10.8000,10.8100,10.8200,20,109,8,24,5,190,83,53,10,15
SZ,002328,2017-01-03 09:30:06,10.7700,1,1077.0000,1,S,10.7700,10.7500,10.7400,10.7300,10.7200,10.7800,10.7900,10.8000,10.8100,10.8200,19,109,8,30,5,239,83,87,10,15
SZ,002328,2017-01-03 09:30:09,10.7700,2,90544.0000,84,S,10.7700,10.7500,10.7400,10.7300,10.7200,10.7800,10.7900,10.8000,10.8100,10.8200,11,109,8,30,5,193,83,87,10,15
SZ,002328,2017-01-03 09:30:18,10.7800,1,10780.0000,10,B,10.7700,10.7500,10.7400,10.7300,10.7200,10.7800,10.7900,10.8000,10.8100,10.8200,11,109,8,30,5,183,83,87,10,15
SZ,002328,2017-01-03 09:30:24,10.7700,1,8616.0000,8,S,10.7700,10.7600,10.7500,10.7400,10.7300,10.7800,10.7900,10.8000,10.8100,10.8200,3,25,3,8,30,183,83,87,10,15
SZ,002328,2017-01-03 09:30:27,10.7800,2,23716.0000,22,B,10.7700,10.7600,10.7500,10.7400,10.7300,10.7800,10.7900,10.8000,10.8100,10.8200,3,25,3,8,30,161,83,87,10,15
SZ,002328,2017-01-03 09:30:33,10.7700,1,3231.0000,3,S,10.7600,10.7500,10.7400,10.7300,10.7200,10.7700,10.7800,10.7900,10.8000,10.8100,25,3,28,30,5,7,171,83,87,10
SZ,002328,2017-01-03 09:30:42,10.7700,1,7539.0000,7,B,10.7700,10.7600,10.7500,10.7400,10.7300,10.7800,10.7900,10.8000,10.8100,10.8200,3,25,3,28,30,161,83,87,10,15
SZ,002328,2017-01-03 09:30:54,10.7600,4,53837.0000,50,S,10.7600,10.7500,10.7400,10.7300,10.7200,10.7800,10.7900,10.8000,10.8100,10.8200,12,3,28,30,5,161,83,87,10,15
SZ,002328,2017-01-03 09:31:00,10.7700,1,1077.0000,1,B,10.7700,10.7600,10.7500,10.7400,10.7300,10.7800,10.7900,10.8000,10.8100,10.8200,28,12,3,28,90,161,83,87,10,15
SZ,002328,2017-01-03 09:31:15,10.7700,2,31233.0000,29,S,10.7700,10.7600,10.7500,10.7400,10.7300,10.7800,10.7900,10.8000,10.8100,10.8200,7,12,23,28,90,161,83,87,10,15
SZ,002328,2017-01-03 09:31:24,10.7700,1,7539.0000,7,S,10.7600,10.7500,10.7400,10.7300,10.7200,10.7700,10.7800,10.7900,10.8000,10.8100,12,23,28,90,5,33,161,83,87,10
SZ,002328,2017-01-03 09:31:36,10.7600,1,12912.0000,12,S,10.7500,10.7400,10.7300,10.7200,10.7000,10.7600,10.7700,10.7800,10.7900,10.8000,23,28,90,5,12,38,43,161,87,87
SZ,002328,2017-01-03 09:31:39,10.7600,1,10760.0000,10,B,10.7500,10.7400,10.7300,10.7200,10.7000,10.7600,10.7700,10.7800,10.7900,10.8000,23,28,90,5,12,28,43,161,87,87
SZ,002328,2017-01-03 09:31:51,10.7600,1,21520.0000,20,B,10.7500,10.7400,10.7300,10.7200,10.7000,10.7600,10.7700,10.7800,10.7900,10.8000,23,28,90,5,12,21,43,161,87,87
SZ,002328,2017-01-03 09:31:54,10.7500,2,21500.0000,20,S,10.7500,10.7400,10.7300,10.7200,10.7100,10.7600,10.7700,10.7800,10.7900,10.8000,3,28,90,5,100,21,43,161,87,87
SZ,002328,2017-01-03 09:31:57,10.7600,2,22596.0000,21,B,10.7600,10.7500,10.7400,10.7300,10.7200,10.7700,10.7800,10.7900,10.8000,10.8100,29,3,28,90,5,43,161,87,87,10
SZ,002328,2017-01-03 09:32:00,10.7600,1,1076.0000,1,S,10.7600,10.7500,10.7400,10.7300,10.7200,10.7700,10.7800,10.7900,10.8000,10.8100,28,3,28,90,5,43,161,87,87,10
SZ,002328,2017-01-03 09:32:06,10.7700,3,41995.0000,39,B,10.7600,10.7500,10.7400,10.7300,10.7200,10.7700,10.7800,10.7900,10.8000,10.8100,20,3,28,90,5,15,161,87,87,10
SZ,002328,2017-01-03 09:32:24,10.7600,1,5380.0000,5,S,10.7600,10.7500,10.7400,10.7300,10.7200,10.7700,10.7800,10.7900,10.8000,10.8100,24,3,28,90,5,53,161,87,87,10
SZ,002328,2017-01-03 09:32:27,10.7600,3,21530.0000,20,S,10.7600,10.7500,10.7400,10.7300,10.7200,10.7700,10.7800,10.7900,10.8000,10.8100,14,3,28,90,5,43,161,87,87,10
SZ,002328,2017-01-03 09:32:36,10.7600,2,13988.0000,13,S,10.7600,10.7500,10.7400,10.7300,10.7200,10.7700,10.7800,10.7900,10.8000,10.8100,6,3,28,90,5,43,161,87,97,10
SZ,002328,2017-01-03 09:32:39,10.7600,2,6456.0000,6,S,10.7500,10.7400,10.7300,10.7200,10.7100,10.7600,10.7700,10.7800,10.7900,10.8000,3,28,90,25,100,22,66,161,87,97
SZ,002328,2017-01-03 09:32:42,10.7600,1,23672.0000,22,B,10.7600,10.7500,10.7400,10.7300,10.7200,10.7700,10.7800,10.7900,10.8000,10.8100,8,3,28,90,25,66,161,87,97,10
SZ,002328,2017-01-03 09:33:12,10.7600,2,12912.0000,12,S,10.7500,10.7400,10.7300,10.7200,10.7000,10.7600,10.7700,10.7800,10.7900,10.8000,3,28,90,45,25,8,66,161,87,73
SZ,002328,2017-01-03 09:33:24,10.7400,4,33297.0000,31,S,10.7300,10.7200,10.7000,10.6900,10.6800,10.7400,10.7600,10.7700,10.7800,10.7900,90,45,25,30,16,51,8,66,161,83
SZ,002328,2017-01-03 09:33:36,10.7300,3,32190.0000,30,S,10.7300,10.7200,10.7000,10.6900,10.6800,10.7400,10.7500,10.7600,10.7700,10.7800,60,45,25,30,16,51,100,8,32,161
SZ,002328,2017-01-03 09:33:39,10.7400,2,76254.0000,71,B,10.7400,10.7300,10.7200,10.7000,10.6900,10.7500,10.7600,10.7700,10.7800,10.7900,35,60,45,23,30,100,8,56,161,83
SZ,002328,2017-01-03 09:33:54,10.7500,1,10750.0000,10,B,10.7400,10.7300,10.7200,10.7000,10.6900,10.7500,10.7600,10.7700,10.7800,10.7900,81,60,45,23,30,140,18,56,112,83
SZ,002328,2017-01-03 09:34:03,10.7400,2,38664.0000,36,S,10.7400,10.7300,10.7200,10.7000,10.6900,10.7500,10.7600,10.7700,10.7800,10.7900,45,60,45,23,30,140,18,56,112,83
SZ,002328,2017-01-03 09:34:09,10.7500,1,53750.0000,50,B,10.7300,10.7200,10.7000,10.6900,10.6800,10.7500,10.7600,10.7700,10.7800,10.7900,60,45,23,30,16,90,18,56,112,83
SZ,002328,2017-01-03 09:34:12,10.7500,2,48375.0000,45,B,10.7300,10.7200,10.7000,10.6900,10.6800,10.7500,10.7600,10.7700,10.7800,10.7900,60,45,23,30,16,45,18,56,112,83
SZ,002328,2017-01-03 09:34:18,10.7300,1,53650.0000,50,S,10.7300,10.7200,10.7000,10.6900,10.6800,10.7400,10.7500,10.7600,10.7700,10.7800,10,45,23,30,16,18,45,18,56,112
SZ,002328,2017-01-03 09:34:21,10.7400,1,19332.0000,18,B,10.7400,10.7300,10.7200,10.7000,10.6900,10.7500,10.7600,10.7700,10.7800,10.7900,7,10,45,23,30,45,18,56,112,83
SZ,002328,2017-01-03 09:34:27,10.7500,1,5375.0000,5,B,10.7400,10.7300,10.7200,10.7000,10.6900,10.7500,10.7600,10.7700,10.7800,10.7900,7,10,45,23,30,40,18,56,112,83
SZ,002328,2017-01-03 09:34:30,10.7400,1,7518.0000,7,S,10.7300,10.7200,10.7000,10.6900,10.6800,10.7400,10.7500,10.7600,10.7700,10.7800,10,45,23,30,19,49,40,18,56,112
SZ,002328,2017-01-03 09:34:45,10.7300,2,22533.0000,21,S,10.7200,10.7000,10.6900,10.6800,10.6700,10.7300,10.7400,10.7500,10.7600,10.7700,45,23,30,19,19,79,54,40,18,56
SZ,002328,2017-01-03 09:34:48,10.7300,1,21460.0000,20,B,10.7200,10.7000,10.6900,10.6800,10.6700,10.7300,10.7400,10.7500,10.7600,10.7700,45,23,30,19,19,59,54,40,18,56
SZ,002328,2017-01-03 09:34:54,10.7200,2,10720.0000,10,S,10.7200,10.7000,10.6900,10.6800,10.6700,10.7300,10.7400,10.7500,10.7600,10.7700,35,23,30,19,19,59,49,40,18,56
SZ,002328,2017-01-03 09:35:03,10.7200,2,32160.0000,30,S,10.7200,10.7100,10.7000,10.6900,10.6800,10.7300,10.7400,10.7500,10.7600,10.7700,5,40,23,30,19,59,6,40,18,56
SZ,002328,2017-01-03 09:35:09,10.7300,1,53650.0000,50,B,10.7200,10.7100,10.7000,10.6900,10.6800,10.7300,10.7400,10.7500,10.7600,10.7700,25,40,23,30,19,9,6,40,18,56
SZ,002328,2017-01-03 09:35:15,10.7300,2,10730.0000,10,B,10.7300,10.7200,10.7100,10.7000,10.6900,10.7400,10.7500,10.7600,10.7700,10.7800,176,75,40,23,30,6,40,18,56,111
SZ,002328,2017-01-03 09:35:21,10.7400,1,6444.0000,6,B,10.7400,10.7300,10.7200,10.7100,10.7000,10.7500,10.7600,10.7700,10.7800,10.7900,4,196,75,40,23,40,18,56,111,83
SZ,002328,2017-01-03 09:35:27,10.7400,1,2148.0000,2,S,10.7400,10.7300,10.7200,10.7100,10.7000,10.7500,10.7600,10.7700,10.7800,10.7900,2,196,75,40,23,40,18,56,111,83
SZ,002328,2017-01-03 09:35:30,10.7500,2,43000.0000,40,B,10.7500,10.7400,10.7300,10.7200,10.7100,10.7600,10.7700,10.7800,10.7900,10.8000,10,2,196,75,40,18,56,111,83,73
SZ,002328,2017-01-03 09:35:48,10.7500,1,10750.0000,10,S,10.7400,10.7300,10.7200,10.7100,10.7000,10.7500,10.7600,10.7700,10.7800,10.7900,22,196,35,40,23,10,18,56,111,83
SZ,002328,2017-01-03 09:36:00,10.7500,1,10750.0000,10,B,10.7500,10.7400,10.7300,10.7200,10.7100,10.7600,10.7700,10.7800,10.7900,10.8000,5,47,196,35,40,18,56,111,83,73
SZ,002328,2017-01-03 09:36:03,10.7400,5,46187.0000,43,S,10.7400,10.7300,10.7200,10.7100,10.7000,10.7600,10.7700,10.7800,10.7900,10.8000,9,196,35,40,23,36,56,111,83,73
SZ,002328,2017-01-03 09:36:06,10.7400,1,1074.0000,1,S,10.7400,10.7300,10.7200,10.7100,10.7000,10.7600,10.7700,10.7800,10.7900,10.8000,8,196,35,40,23,36,56,111,83,73
SZ,002328,2017-01-03 09:36:39,10.7500,1,5375.0000,5,B,10.7400,10.7300,10.7200,10.7100,10.7000,10.7600,10.7700,10.7800,10.7900,10.8000,58,176,35,65,23,36,56,111,83,73
SZ,002328,2017-01-03 09:36:54,10.7400,2,53700.0000,50,S,10.7400,10.7300,10.7200,10.7100,10.7000,10.7600,10.7700,10.7800,10.7900,10.8000,8,176,35,65,23,18,56,111,83,73
SZ,002328,2017-01-03 09:37:12,10.7400,2,19332.0000,18,S,10.7300,10.7200,10.7100,10.7000,10.6900,10.7400,10.7500,10.7600,10.7700,10.7800,176,35,65,23,30,32,5,19,56,111
SZ,002328,2017-01-03 09:37:21,10.7300,2,118030.0000,110,S,10.7300,10.7200,10.7100,10.7000,10.6900,10.7400,10.7500,10.7600,10.7700,10.7800,66,35,65,23,30,32,5,19,56,111
SZ,002328,2017-01-03 09:37:24,10.7300,1,70818.0000,66,S,10.7200,10.7100,10.7000,10.6900,10.6800,10.7300,10.7400,10.7500,10.7600,10.7700,35,65,23,30,19,122,32,5,19,56
SZ,002328,2017-01-03 09:37:33,10.7300,1,3219.0000,3,B,10.7200,10.7100,10.7000,10.6900,10.6800,10.7300,10.7400,10.7500,10.7600,10.7700,35,65,23,30,19,119,32,5,19,56
SZ,002328,2017-01-03 09:37:39,10.7300,1,10730.0000,10,B,10.7200,10.7100,10.7000,10.6900,10.6800,10.7300,10.7400,10.7500,10.7600,10.7700,35,65,23,30,19,109,32,5,19,56
SZ,002328,2017-01-03 09:37:42,10.7300,4,48266.0000,45,B,10.7200,10.7100,10.7000,10.6900,10.6800,10.7300,10.7400,10.7500,10.7600,10.7700,16,65,23,30,19,83,32,5,19,56
SZ,002328,2017-01-03 09:37:48,10.7300,1,26825.0000,25,B,10.7200,10.7100,10.7000,10.6900,10.6800,10.7300,10.7400,10.7500,10.7600,10.7700,16,65,23,30,19,58,32,5,19,56
SZ,002328,2017-01-03 09:38:06,10.7300,1,32190.0000,30,B,10.7200,10.7100,10.7000,10.6900,10.6800,10.7300,10.7400,10.7500,10.7600,10.7700,36,85,23,30,19,28,55,58,19,56
SZ,002328,2017-01-03 09:38:21,10.7300,2,23606.0000,22,B,10.7200,10.7100,10.7000,10.6900,10.6800,10.7300,10.7400,10.7500,10.7600,10.7700,44,85,23,30,19,6,55,58,19,56
SZ,002328,2017-01-03 09:38:42,10.7300,2,53650.0000,50,B,10.7200,10.7100,10.7000,10.6900,10.6800,10.7300,10.7400,10.7500,10.7600,10.7700,89,85,23,30,19,9,55,5,19,56
SZ,002328,2017-01-03 09:38:54,10.7300,1,1073.0000,1,B,10.7200,10.7100,10.7000,10.6900,10.6800,10.7300,10.7400,10.7600,10.7700,10.7800,94,85,23,30,19,8,55,19,56,111
SZ,002328,2017-01-03 09:39:00,10.7300,1,8584.0000,8,B,10.7300,10.7200,10.7100,10.7000,10.6900,10.7400,10.7600,10.7700,10.7800,10.7900,4,94,85,23,30,55,19,56,111,83
SZ,002328,2017-01-03 09:39:18,10.7400,1,5370.0000,5,B,10.7300,10.7200,10.7100,10.7000,10.6900,10.7400,10.7600,10.7700,10.7800,10.7900,4,124,45,23,30,50,19,56,111,83
SZ,002328,2017-01-03 09:39:39,10.7400,4,68736.0000,64,B,10.7400,10.7300,10.7200,10.7100,10.7000,10.7600,10.7700,10.7800,10.7900,10.8000,12,152,124,45,23,9,96,111,83,73
SZ,002328,2017-01-03 09:39:54,10.7600,2,9684.0000,9,B,10.7600,10.7400,10.7300,10.7200,10.7100,10.7700,10.7800,10.7900,10.8000,10.8100,2,112,107,144,45,96,111,83,73,10
SZ,002328,2017-01-03 09:40:03,10.7600,1,2152.0000,2,S,10.7500,10.7400,10.7300,10.7200,10.7100,10.7600,10.7700,10.7800,10.7900,10.8000,63,122,107,144,25,14,96,111,83,73
SZ,002328,2017-01-03 09:40:09,10.7700,4,21526.0000,20,B,10.7500,10.7400,10.7300,10.7200,10.7100,10.7700,10.7800,10.7900,10.8000,10.8100,66,122,107,144,25,90,111,83,73,10
SZ,002328,2017-01-03 09:40:15,10.7700,1,21540.0000,20,B,10.7500,10.7400,10.7300,10.7200,10.7100,10.7600,10.7700,10.7800,10.7900,10.8000,66,122,107,144,25,30,70,111,83,73
SZ,002328,2017-01-03 09:40:21,10.7600,5,139746.0000,130,B,10.7600,10.7400,10.7300,10.7200,10.7100,10.7700,10.7800,10.7900,10.8000,10.8100,70,88,107,144,25,70,111,83,73,10
SZ,002328,2017-01-03 09:40:30,10.7700,3,32310.0000,30,B,10.7600,10.7400,10.7300,10.7200,10.7100,10.7700,10.7800,10.7900,10.8000,10.8100,70,88,107,136,25,40,111,83,73,10
SZ,002328,2017-01-03 09:40:42,10.7700,1,21540.0000,20,B,10.7600,10.7400,10.7300,10.7200,10.7100,10.7700,10.7800,10.7900,10.8000,10.8100,70,88,107,136,25,90,111,83,73,10
SZ,002328,2017-01-03 09:40:45,10.7700,1,9693.0000,9,B,10.7600,10.7400,10.7300,10.7200,10.7100,10.7700,10.7800,10.7900,10.8000,10.8100,70,50,337,136,25,81,111,83,73,10
SZ,002328,2017-01-03 09:40:48,10.7600,1,5380.0000,5,S,10.7600,10.7400,10.7300,10.7200,10.7100,10.7700,10.7800,10.7900,10.8000,10.8100,65,50,337,136,25,81,111,83,73,10
SZ,002328,2017-01-03 09:40:54,10.7700,2,53850.0000,50,B,10.7600,10.7400,10.7300,10.7200,10.7100,10.7700,10.7800,10.7900,10.8000,10.8100,65,50,337,136,25,31,111,83,73,10
SZ,002328,2017-01-03 09:40:57,10.7700,1,25848.0000,24,B,10.7600,10.7400,10.7300,10.7200,10.7100,10.7700,10.7800,10.7900,10.8000,10.8100,65,75,337,136,25,7,111,83,48,10
SZ,002328,2017-01-03 09:41:09,10.7600,1,19368.0000,18,S,10.7600,10.7400,10.7300,10.7200,10.7100,10.7700,10.7800,10.7900,10.8000,10.8100,47,75,337,136,25,7,111,83,48,10
SZ,002328,2017-01-03 09:41:18,10.7600,1,6456.0000,6,S,10.7600,10.7400,10.7300,10.7200,10.7100,10.7700,10.7800,10.7900,10.8000,10.8100,41,75,337,136,25,17,111,83,64,10
SZ,002328,2017-01-03 09:41:30,10.7600,1,6456.0000,6,S,10.7600,10.7400,10.7300,10.7200,10.7100,10.7700,10.7800,10.7900,10.8000,10.8100,35,75,340,136,25,17,111,83,64,10
SZ,002328,2017-01-03 09:41:33,10.7700,2,8616.0000,8,B,10.7600,10.7400,10.7300,10.7200,10.7100,10.7700,10.7800,10.7900,10.8000,10.8100,35,75,340,136,25,9,111,83,64,10
SZ,002328,2017-01-03 09:41:36,10.7700,1,9693.0000,9,B,10.7700,10.7600,10.7400,10.7300,10.7200,10.7800,10.7900,10.8000,10.8100,10.8200,1,35,75,340,136,111,83,64,10,16
SZ,002328,2017-01-03 09:41:39,10.7600,2,3229.0000,3,S,10.7600,10.7400,10.7300,10.7200,10.7100,10.7700,10.7800,10.7900,10.8000,10.8100,33,75,340,136,25,20,111,83,64,10
SZ,002328,2017-01-03 09:42:09,10.7600,1,3228.0000,3,S,10.7600,10.7400,10.7300,10.7200,10.7100,10.7700,10.7800,10.7900,10.8000,10.8100,40,81,332,136,25,75,111,83,64,10
SZ,002328,2017-01-03 09:42:18,10.7600,2,36603.0000,34,S,10.7600,10.7400,10.7300,10.7200,10.7100,10.7700,10.7800,10.7900,10.8000,10.8100,25,81,332,136,25,56,111,83,64,10
SZ,002328,2017-01-03 09:42:27,10.7700,2,29079.0000,27,B,10.7600,10.7400,10.7300,10.7200,10.7100,10.7700,10.7800,10.7900,10.8000,10.8100,43,81,332,136,25,29,111,83,56,10
SZ,002328,2017-01-03 09:42:30,10.7600,1,3228.0000,3,S,10.7600,10.7400,10.7300,10.7200,10.7100,10.7700,10.7800,10.7900,10.8000,10.8100,40,81,332,136,25,29,111,83,56,10
SZ,002328,2017-01-03 09:42:39,10.7600,4,43040.0000,40,S,10.7400,10.7300,10.7200,10.7100,10.7000,10.7600,10.7700,10.7800,10.7900,10.8000,81,332,136,25,23,67,15,111,83,56
SZ,002328,2017-01-03 09:42:42,10.7600,1,4304.0000,4,B,10.7400,10.7300,10.7200,10.7100,10.7000,10.7600,10.7700,10.7800,10.7900,10.8000,81,332,136,25,23,71,15,111,83,56
SZ,002328,2017-01-03 09:43:03,10.7600,1,10760.0000,10,B,10.7400,10.7300,10.7200,10.7100,10.7000,10.7600,10.7700,10.7800,10.7900,10.8000,84,332,136,25,23,65,25,121,83,56
SZ,002328,2017-01-03 09:43:27,10.7400,1,9666.0000,9,S,10.7400,10.7300,10.7200,10.7100,10.7000,10.7600,10.7700,10.7800,10.7900,10.8000,85,332,136,25,23,95,221,121,83,56
SZ,002328,2017-01-03 09:44:00,10.7500,3,31175.0000,29,S,10.7400,10.7300,10.7200,10.7100,10.7000,10.7500,10.7600,10.7700,10.7800,10.7900,170,332,136,25,23,5,125,221,121,83
SZ,002328,2017-01-03 09:44:12,10.7400,3,11829.0000,11,S,10.7400,10.7300,10.7200,10.7100,10.7000,10.7600,10.7700,10.7800,10.7900,10.8000,178,332,144,25,23,120,221,121,100,104
SZ,002328,2017-01-03 09:44:15,10.7600,2,32266.0000,30,B,10.7500,10.7400,10.7300,10.7200,10.7100,10.7600,10.7700,10.7800,10.7900,10.8000,341,178,332,144,25,104,221,121,100,104
SZ,002328,2017-01-03 09:44:24,10.7600,9,123740.0000,115,B,10.7600,10.7500,10.7400,10.7300,10.7200,10.7700,10.7800,10.7900,10.8000,10.8100,9,361,188,332,249,221,121,100,104,10
SZ,002328,2017-01-03 09:44:45,10.7700,3,20463.0000,19,B,10.7600,10.7500,10.7400,10.7300,10.7200,10.7700,10.7800,10.7900,10.8000,10.8100,209,261,188,332,249,202,121,100,104,10
SZ,002328,2017-01-03 09:44:54,10.7700,3,116316.0000,108,B,10.7600,10.7500,10.7400,10.7300,10.7200,10.7700,10.7800,10.7900,10.8000,10.8100,209,211,193,332,249,94,121,100,104,10
SZ,002328,2017-01-03 09:45:06,10.7700,1,44157.0000,41,B,10.7600,10.7500,10.7400,10.7300,10.7200,10.7700,10.7800,10.7900,10.8000,10.8100,209,206,178,332,249,73,121,100,160,10
SZ,002328,2017-01-03 09:45:09,10.7700,3,78621.0000,73,B,10.7700,10.7600,10.7500,10.7400,10.7300,10.7800,10.7900,10.8000,10.8100,10.8200,1,209,215,178,332,121,100,160,10,26
SZ,002328,2017-01-03 09:45:27,10.7800,1,28028.0000,26,B,10.7700,10.7600,10.7500,10.7400,10.7300,10.7800,10.7900,10.8000,10.8100,10.8200,310,215,215,178,332,95,100,160,10,26
SZ,002328,2017-01-03 09:45:30,10.7800,1,4312.0000,4,B,10.7700,10.7600,10.7500,10.7400,10.7300,10.7800,10.7900,10.8000,10.8100,10.8200,310,215,215,178,332,91,100,160,10,26
SZ,002328,2017-01-03 09:45:42,10.7800,3,59290.0000,55,B,10.7700,10.7600,10.7500,10.7400,10.7300,10.7800,10.7900,10.8000,10.8100,10.8200,278,215,215,178,332,46,100,160,10,26
SZ,002328,2017-01-03 09:45:45,10.7800,1,5390.0000,5,B,10.7700,10.7600,10.7500,10.7400,10.7300,10.7800,10.7900,10.8000,10.8100,10.8200,273,215,215,178,332,41,100,160,10,26
SZ,002328,2017-01-03 09:45:48,10.7800,4,43120.0000,40,B,10.7700,10.7600,10.7500,10.7400,10.7300,10.7800,10.7900,10.8000,10.8100,10.8200,241,215,215,178,332,1,100,160,10,26
SZ,002328,2017-01-03 09:45:51,10.7900,3,34526.0000,32,B,10.7800,10.7700,10.7600,10.7500,10.7400,10.7900,10.8000,10.8100,10.8200,10.8300,29,241,215,215,178,69,160,10,26,30
SZ,002328,2017-01-03 09:45:54,10.7800,1,16170.0000,15,S,10.7800,10.7700,10.7600,10.7500,10.7400,10.7900,10.8000,10.8100,10.8200,10.8300,19,241,215,215,178,69,160,10,26,30
SZ,002328,2017-01-03 09:46:09,10.7900,6,75490.0000,70,B,10.7800,10.7700,10.7600,10.7500,10.7400,10.7900,10.8000,10.8100,10.8200,10.8300,14,221,215,200,123,49,160,10,16,30
SZ,002328,2017-01-03 09:46:12,10.7800,1,5390.0000,5,S,10.7800,10.7700,10.7600,10.7500,10.7400,10.7900,10.8000,10.8100,10.8200,10.8300,9,221,215,200,123,49,160,10,16,30
SZ,002328,2017-01-03 09:46:15,10.7800,1,3234.0000,3,S,10.7800,10.7700,10.7600,10.7500,10.7400,10.7900,10.8000,10.8100,10.8200,10.8300,6,221,215,200,123,49,160,10,16,30
SZ,002328,2017-01-03 09:46:36,10.7800,2,3234.0000,3,S,10.7800,10.7700,10.7600,10.7500,10.7400,10.7900,10.8000,10.8100,10.8200,10.8300,99,266,215,195,123,149,166,10,16,30
SZ,002328,2017-01-03 09:46:39,10.7800,8,91630.0000,85,S,10.7800,10.7700,10.7600,10.7500,10.7400,10.7900,10.8000,10.8100,10.8200,10.8300,14,266,215,195,123,149,176,10,16,30
SZ,002328,2017-01-03 09:46:42,10.7900,2,41002.0000,38,B,10.7800,10.7700,10.7600,10.7500,10.7400,10.7900,10.8000,10.8100,10.8200,10.8300,14,266,215,195,123,111,176,10,16,30
SZ,002328,2017-01-03 09:46:51,10.7800,2,21560.0000,20,S,10.7800,10.7700,10.7600,10.7500,10.7400,10.7900,10.8000,10.8100,10.8200,10.8300,12,266,215,195,123,111,176,10,16,30
SZ,002328,2017-01-03 09:46:54,10.7900,6,149717.0000,139,B,10.7900,10.7800,10.7700,10.7600,10.7500,10.8000,10.8100,10.8200,10.8300,10.8400,108,85,266,215,195,166,10,16,30,29
SZ,002328,2017-01-03 09:47:00,10.8000,1,5400.0000,5,B,10.7900,10.7800,10.7700,10.7600,10.7500,10.8000,10.8100,10.8200,10.8300,10.8400,108,85,266,215,195,161,10,16,30,29
SZ,002328,2017-01-03 09:47:03,10.8000,1,6480.0000,6,B,10.7900,10.7800,10.7700,10.7600,10.7500,10.8000,10.8100,10.8200,10.8300,10.8400,108,85,266,215,195,155,10,16,30,29
SZ,002328,2017-01-03 09:47:06,10.8000,4,43200.0000,40,B,10.7900,10.7800,10.7700,10.7600,10.7500,10.8000,10.8100,10.8200,10.8300,10.8400,108,96,266,215,195,115,10,16,30,29
SZ,002328,2017-01-03 09:47:09,10.8000,6,167400.0000,155,B,10.8000,10.7900,10.7800,10.7700,10.7600,10.8100,10.8200,10.8300,10.8400,10.8500,155,108,96,266,215,10,16,30,29,245
SZ,002328,2017-01-03 09:47:12,10.8100,1,10810.0000,10,B,10.8000,10.7900,10.7800,10.7700,10.7600,10.8200,10.8300,10.8400,10.8500,10.8600,155,108,96,266,209,16,30,29,245,20
SZ,002328,2017-01-03 09:47:18,10.8000,2,32432.0000,30,S,10.8000,10.7900,10.7800,10.7700,10.7600,10.8300,10.8400,10.8500,10.8600,10.8700,141,108,96,266,209,30,29,245,20,50
SZ,002328,2017-01-03 09:47:21,10.8300,1,10830.0000,10,B,10.8100,10.8000,10.7900,10.7800,10.7700,10.8300,10.8400,10.8500,10.8600,10.8700,29,141,108,96,266,50,29,245,20,50
SZ,002328,2017-01-03 09:47:27,10.8100,4,36818.0000,34,S,10.8100,10.8000,10.7900,10.7800,10.7700,10.8300,10.8400,10.8500,10.8600,10.8700,28,141,108,96,266,18,29,255,20,50
SZ,002328,2017-01-03 09:47:30,10.8300,1,19494.0000,18,B,10.8300,10.8100,10.8000,10.7900,10.7800,10.8400,10.8500,10.8600,10.8700,10.8800,20,28,141,108,96,51,255,20,50,62
SZ,002328,2017-01-03 09:47:36,10.8300,1,11913.0000,11,S,10.8300,10.8100,10.8000,10.7900,10.7800,10.8400,10.8500,10.8600,10.8700,10.8800,13,28,141,108,96,81,255,20,50,62
SZ,002328,2017-01-03 09:47:39,10.8300,3,14079.0000,13,S,10.8200,10.8100,10.8000,10.7900,10.7800,10.8400,10.8500,10.8600,10.8700,10.8800,3,28,141,108,96,81,252,20,50,62
SZ,002328,2017-01-03 09:47:42,10.8300,5,30344.0000,28,S,10.8200,10.8100,10.8000,10.7900,10.7800,10.8300,10.8400,10.8500,10.8600,10.8700,3,28,141,108,96,37,61,252,20,50
SZ,002328,2017-01-03 09:47:54,10.8200,3,4328.0000,4,S,10.8000,10.7900,10.7800,10.7700,10.7600,10.8200,10.8300,10.8400,10.8500,10.8600,141,108,85,266,209,98,42,76,252,20
SZ,002328,2017-01-03 09:47:57,10.8200,2,70330.0000,65,B,10.8000,10.7900,10.7800,10.7700,10.7600,10.8200,10.8300,10.8400,10.8500,10.8600,141,108,85,266,209,53,42,78,252,20
SZ,002328,2017-01-03 09:48:06,10.8000,2,152280.0000,141,S,10.7900,10.7800,10.7700,10.7600,10.7500,10.8000,10.8200,10.8300,10.8400,10.8500,108,85,266,209,205,9,153,42,86,252
SZ,002328,2017-01-03 09:48:09,10.8200,2,16212.0000,15,B,10.7900,10.7800,10.7700,10.7600,10.7500,10.8200,10.8300,10.8400,10.8500,10.8600,108,85,266,209,205,157,42,86,257,20
SZ,002328,2017-01-03 09:48:12,10.7900,1,1079.0000,1,S,10.7900,10.7800,10.7700,10.7600,10.7500,10.8200,10.8300,10.8400,10.8500,10.8600,107,85,266,209,205,157,47,86,257,20
SZ,002328,2017-01-03 09:48:21,10.8200,1,3246.0000,3,B,10.8000,10.7900,10.7800,10.7700,10.7600,10.8100,10.8200,10.8300,10.8400,10.8500,9,107,85,266,209,10,154,47,90,317
SZ,002328,2017-01-03 09:48:30,10.7900,3,10799.0000,10,S,10.7900,10.7800,10.7700,10.7600,10.7500,10.8100,10.8200,10.8300,10.8400,10.8500,106,85,266,209,205,10,154,47,90,322
SZ,002328,2017-01-03 09:48:39,10.8000,1,2160.0000,2,B,10.7900,10.7800,10.7700,10.7600,10.7500,10.8000,10.8100,10.8200,10.8300,10.8400,106,85,266,209,205,18,10,184,47,90
SZ,002328,2017-01-03 09:48:42,10.8000,1,10800.0000,10,B,10.7900,10.7800,10.7700,10.7600,10.7500,10.8000,10.8100,10.8200,10.8300,10.8400,106,85,266,209,205,8,10,184,47,90
SZ,002328,2017-01-03 09:48:45,10.8000,3,10798.0000,10,B,10.8000,10.7900,10.7800,10.7700,10.7600,10.8100,10.8200,10.8300,10.8400,10.8500,42,104,85,266,209,10,184,47,90,322
SZ,002328,2017-01-03 09:48:57,10.8000,1,15120.0000,14,S,10.8000,10.7900,10.7800,10.7700,10.7600,10.8100,10.8200,10.8300,10.8400,10.8500,28,104,96,266,209,110,184,52,90,322
SZ,002328,2017-01-03 09:49:06,10.8100,1,5405.0000,5,B,10.8000,10.7900,10.7800,10.7700,10.7600,10.8100,10.8200,10.8300,10.8400,10.8500,28,104,96,266,209,105,184,52,90,352
SZ,002328,2017-01-03 09:49:09,10.8000,1,30240.0000,28,S,10.7900,10.7800,10.7700,10.7600,10.7500,10.8000,10.8100,10.8200,10.8300,10.8400,104,96,266,209,205,22,105,184,52,100
SZ,002328,2017-01-03 09:49:18,10.8000,1,4320.0000,4,B,10.7900,10.7800,10.7700,10.7600,10.7500,10.8000,10.8100,10.8200,10.8300,10.8400,104,96,266,209,205,18,105,209,52,102
SZ,002328,2017-01-03 09:49:21,10.8000,1,6480.0000,6,B,10.7900,10.7800,10.7700,10.7600,10.7500,10.8000,10.8100,10.8200,10.8300,10.8400,104,196,266,209,205,12,124,209,62,102
SZ,002328,2017-01-03 09:49:33,10.8000,1,8640.0000,8,B,10.7900,10.7800,10.7700,10.7600,10.7500,10.8000,10.8100,10.8200,10.8300,10.8400,104,196,266,209,205,14,124,214,62,102
SZ,002328,2017-01-03 09:49:39,10.8000,1,2160.0000,2,B,10.7900,10.7800,10.7700,10.7600,10.7500,10.8000,10.8100,10.8200,10.8300,10.8400,104,196,266,209,205,12,124,214,62,102
SZ,002328,2017-01-03 09:49:42,10.7900,1,32370.0000,30,S,10.7900,10.7800,10.7700,10.7600,10.7500,10.8000,10.8100,10.8200,10.8300,10.8400,74,196,266,209,205,12,124,214,62,102
SZ,002328,2017-01-03 09:49:48,10.8000,3,12960.0000,12,B,10.8000,10.7900,10.7800,10.7700,10.7600,10.8100,10.8200,10.8300,10.8400,10.8500,8,74,196,266,209,124,214,62,92,356
SZ,002328,2017-01-03 09:49:51,10.8000,1,5400.0000,5,S,10.8000,10.7900,10.7800,10.7700,10.7600,10.8100,10.8200,10.8300,10.8400,10.8500,3,74,196,266,209,124,214,62,92,356
SZ,002328,2017-01-03 09:50:03,10.8100,3,9728.0000,9,B,10.8000,10.7900,10.7800,10.7700,10.7600,10.8100,10.8200,10.8300,10.8400,10.8500,2,74,196,266,209,116,214,62,92,356
SZ,002328,2017-01-03 09:50:09,10.8000,1,2160.0000,2,S,10.7900,10.7800,10.7700,10.7600,10.7500,10.8000,10.8100,10.8200,10.8300,10.8400,74,196,266,209,205,8,129,214,62,92
SZ,002328,2017-01-03 09:50:15,10.8100,3,16207.0000,15,B,10.7900,10.7800,10.7700,10.7600,10.7500,10.8100,10.8200,10.8300,10.8400,10.8500,74,196,275,209,205,122,214,62,92,356
SZ,002328,2017-01-03 09:50:18,10.8100,1,54050.0000,50,B,10.7900,10.7800,10.7700,10.7600,10.7500,10.8100,10.8200,10.8300,10.8400,10.8500,74,196,275,209,205,72,214,62,92,356
SZ,002328,2017-01-03 09:50:21,10.8100,1,8648.0000,8,B,10.7900,10.7800,10.7700,10.7600,10.7500,10.8100,10.8200,10.8300,10.8400,10.8500,74,196,275,209,205,64,214,62,92,356
SZ,002328,2017-01-03 09:50:24,10.7900,1,9711.0000,9,S,10.7900,10.7800,10.7700,10.7600,10.7500,10.8100,10.8200,10.8300,10.8400,10.8500,65,185,275,209,205,64,214,62,92,356
SZ,002328,2017-01-03 09:50:27,10.7900,1,3237.0000,3,S,10.7900,10.7800,10.7700,10.7600,10.7500,10.8100,10.8200,10.8300,10.8400,10.8500,62,185,275,209,205,64,214,62,92,361
SZ,002328,2017-01-03 09:50:33,10.7900,1,43160.0000,40,S,10.7900,10.7800,10.7700,10.7600,10.7500,10.8100,10.8200,10.8300,10.8400,10.8500,33,185,275,209,205,64,214,62,92,361
SZ,002328,2017-01-03 09:50:51,10.7900,3,53950.0000,50,S,10.7900,10.7800,10.7700,10.7600,10.7500,10.8100,10.8200,10.8300,10.8400,10.8500,13,185,275,209,205,84,214,68,92,361
SZ,002328,2017-01-03 09:51:03,10.7900,1,14027.0000,13,S,10.7900,10.7800,10.7700,10.7600,10.7500,10.8100,10.8200,10.8300,10.8400,10.8500,1,185,275,209,205,84,114,68,102,371
SZ,002328,2017-01-03 09:51:27,10.8100,1,32430.0000,30,B,10.8000,10.7900,10.7800,10.7700,10.7600,10.8100,10.8200,10.8300,10.8400,10.8500,46,94,185,276,209,54,114,68,102,371
SZ,002328,2017-01-03 09:51:33,10.8000,1,14040.0000,13,S,10.8000,10.7900,10.7800,10.7700,10.7600,10.8100,10.8200,10.8300,10.8400,10.8500,33,94,185,276,209,54,114,68,102,371
SZ,002328,2017-01-03 09:51:48,10.8100,4,46464.0000,43,B,10.8000,10.7900,10.7800,10.7700,10.7600,10.8100,10.8200,10.8300,10.8400,10.8500,234,94,185,276,209,37,114,78,102,371
SZ,002328,2017-01-03 09:51:54,10.8000,1,10800.0000,10,S,10.8000,10.7900,10.7800,10.7700,10.7600,10.8100,10.8200,10.8300,10.8400,10.8500,224,94,185,276,209,38,114,78,102,371
SZ,002328,2017-01-03 09:51:57,10.8100,3,15134.0000,14,B,10.8000,10.7900,10.7800,10.7700,10.7600,10.8100,10.8200,10.8300,10.8400,10.8500,224,94,185,276,209,24,114,78,102,371
SZ,002328,2017-01-03 09:52:03,10.8100,1,10810.0000,10,B,10.8000,10.7900,10.7800,10.7700,10.7600,10.8100,10.8200,10.8300,10.8400,10.8500,224,94,185,276,209,6,114,78,102,371
SZ,002328,2017-01-03 09:52:06,10.8000,2,8640.0000,8,S,10.8000,10.7900,10.7800,10.7700,10.7600,10.8100,10.8200,10.8300,10.8400,10.8500,216,94,185,276,209,6,114,78,102,371
SZ,002328,2017-01-03 09:52:09,10.8100,2,17286.0000,16,B,10.8100,10.8000,10.7900,10.7800,10.7700,10.8200,10.8300,10.8400,10.8500,10.8600,31,206,94,185,276,114,78,93,371,32
SZ,002328,2017-01-03 09:52:18,10.8100,1,10810.0000,10,S,10.8100,10.8000,10.7900,10.7800,10.7700,10.8200,10.8300,10.8400,10.8500,10.8600,21,206,94,185,276,114,78,93,371,32
SZ,002328,2017-01-03 09:52:24,10.8100,1,5405.0000,5,S,10.8100,10.8000,10.7900,10.7800,10.7700,10.8200,10.8300,10.8400,10.8500,10.8600,16,206,144,185,276,114,78,93,371,32
SZ,002328,2017-01-03 09:52:27,10.8100,1,17296.0000,16,S,10.8000,10.7900,10.7800,10.7700,10.7600,10.8100,10.8200,10.8300,10.8400,10.8500,206,144,185,276,209,34,114,78,93,371
SZ,002328,2017-01-03 09:52:42,10.8000,1,5400.0000,5,S,10.8000,10.7900,10.7800,10.7700,10.7600,10.8100,10.8200,10.8300,10.8400,10.8500,201,144,185,276,209,34,114,78,93,376
SZ,002328,2017-01-03 09:52:57,10.8000,1,1080.0000,1,S,10.8000,10.7900,10.7800,10.7700,10.7600,10.8100,10.8200,10.8300,10.8400,10.8500,200,144,185,276,209,34,114,78,118,376
SZ,002328,2017-01-03 09:53:03,10.8000,2,18360.0000,17,S,10.8000,10.7900,10.7800,10.7700,10.7600,10.8100,10.8200,10.8300,10.8400,10.8500,183,144,185,276,209,34,114,78,118,376
SZ,002328,2017-01-03 09:53:06,10.8000,1,19440.0000,18,S,10.8000,10.7900,10.7800,10.7700,10.7600,10.8100,10.8200,10.8300,10.8400,10.8500,165,144,185,276,209,34,114,78,118,376
SZ,002328,2017-01-03 09:53:09,10.8000,1,4320.0000,4,S,10.8000,10.7900,10.7800,10.7700,10.7600,10.8100,10.8200,10.8300,10.8400,10.8500,161,94,185,276,209,34,114,78,118,376
SZ,002328,2017-01-03 09:53:12,10.8000,1,1080.0000,1,S,10.8000,10.7900,10.7800,10.7700,10.7600,10.8100,10.8200,10.8300,10.8400,10.8500,160,94,185,276,209,34,119,78,118,376
SZ,002328,2017-01-03 09:53:15,10.8100,1,21620.0000,20,B,10.8000,10.7900,10.7800,10.7700,10.7600,10.8100,10.8200,10.8300,10.8400,10.8500,160,1,185,276,209,14,119,78,118,378
SZ,002328,2017-01-03 09:53:24,10.8000,1,30240.0000,28,S,10.8000,10.7900,10.7800,10.7700,10.7600,10.8100,10.8200,10.8300,10.8400,10.8500,132,1,185,276,209,69,119,78,118,378
SZ,002328,2017-01-03 09:53:27,10.8000,1,32400.0000,30,S,10.8000,10.7900,10.7800,10.7700,10.7600,10.8100,10.8200,10.8300,10.8400,10.8500,102,1,185,276,209,69,119,78,118,378
SZ,002328,2017-01-03 09:53:42,10.8100,1,10810.0000,10,B,10.8000,10.7900,10.7800,10.7700,10.7600,10.8100,10.8200,10.8300,10.8400,10.8500,102,1,185,276,209,65,119,78,118,378
SZ,002328,2017-01-03 09:53:45,10.8100,2,32430.0000,30,B,10.8000,10.7900,10.7800,10.7700,10.7600,10.8100,10.8200,10.8300,10.8400,10.8500,102,1,185,276,209,35,119,78,118,378
SZ,002328,2017-01-03 09:53:48,10.8000,1,54000.0000,50,S,10.8000,10.7900,10.7800,10.7700,10.7600,10.8100,10.8200,10.8300,10.8400,10.8500,52,1,185,276,209,36,119,78,118,378
SZ,002328,2017-01-03 09:53:57,10.7900,5,115545.0000,107,S,10.7900,10.7800,10.7700,10.7600,10.7500,10.8000,10.8100,10.8200,10.8300,10.8400,163,185,276,209,225,13,36,119,78,118
SZ,002328,2017-01-03 09:54:06,10.8000,3,21600.0000,20,B,10.7900,10.7800,10.7700,10.7600,10.7500,10.8100,10.8200,10.8300,10.8400,10.8500,163,185,276,209,230,29,119,73,118,378
SZ,002328,2017-01-03 09:54:15,10.8100,1,5405.0000,5,B,10.7900,10.7800,10.7700,10.7600,10.7500,10.8100,10.8200,10.8300,10.8400,10.8500,163,185,276,209,230,24,119,73,118,378
SZ,002328,2017-01-03 09:54:45,10.8100,1,7567.0000,7,B,10.7900,10.7800,10.7700,10.7600,10.7500,10.8100,10.8200,10.8300,10.8400,10.8500,172,185,276,219,230,155,119,73,118,378
SZ,002328,2017-01-03 09:54:57,10.8000,2,72360.0000,67,S,10.8000,10.7900,10.7800,10.7700,10.7600,10.8100,10.8200,10.8300,10.8400,10.8500,159,172,185,286,219,155,119,73,118,378
SZ,002328,2017-01-03 09:55:00,10.8100,5,167555.0000,155,B,10.8100,10.8000,10.7900,10.7800,10.7700,10.8200,10.8300,10.8400,10.8500,10.8600,75,159,172,185,286,119,73,118,378,120
SZ,002328,2017-01-03 09:55:15,10.8100,1,11891.0000,11,S,10.8100,10.8000,10.7900,10.7800,10.7700,10.8200,10.8300,10.8400,10.8500,10.8600,64,133,172,185,286,123,73,193,378,120
SZ,002328,2017-01-03 09:55:18,10.8100,1,5405.0000,5,S,10.8100,10.8000,10.7900,10.7800,10.7700,10.8200,10.8300,10.8400,10.8500,10.8600,59,133,172,185,286,123,73,193,378,120
SZ,002328,2017-01-03 09:55:21,10.8100,3,35705.0000,33,S,10.8100,10.8000,10.7900,10.7800,10.7700,10.8200,10.8300,10.8400,10.8500,10.8600,58,133,172,185,286,91,73,193,378,120
SZ,002328,2017-01-03 09:55:27,10.8100,1,33511.0000,31,S,10.8100,10.8000,10.7900,10.7800,10.7700,10.8200,10.8300,10.8400,10.8500,10.8600,27,133,172,185,286,91,73,193,378,120
SZ,002328,2017-01-03 09:55:30,10.8200,1,8656.0000,8,B,10.8100,10.8000,10.7900,10.7800,10.7700,10.8200,10.8300,10.8400,10.8500,10.8600,27,133,172,185,286,89,73,193,378,120
SZ,002328,2017-01-03 09:55:42,10.8200,3,28132.0000,26,B,10.8100,10.8000,10.7900,10.7800,10.7700,10.8200,10.8300,10.8400,10.8500,10.8600,290,133,169,185,286,63,75,193,378,120
SZ,002328,2017-01-03 09:55:45,10.8200,1,10820.0000,10,B,10.8100,10.8000,10.7900,10.7800,10.7700,10.8200,10.8300,10.8400,10.8500,10.8600,290,133,169,185,286,54,75,193,378,120
SZ,002328,2017-01-03 09:55:48,10.8200,1,3246.0000,3,B,10.8100,10.8000,10.7900,10.7800,10.7700,10.8200,10.8300,10.8400,10.8500,10.8600,290,133,169,185,286,51,75,193,378,120
SZ,002328,2017-01-03 09:55:51,10.8100,1,9729.0000,9,S,10.8100,10.8000,10.7900,10.7800,10.7700,10.8200,10.8300,10.8400,10.8500,10.8600,281,133,169,185,286,51,75,193,378,120
SZ,002328,2017-01-03 09:55:54,10.8200,8,55182.0000,51,B,10.8200,10.8100,10.8000,10.7900,10.7800,10.8300,10.8400,10.8500,10.8600,10.8700,95,281,133,169,235,75,193,378,120,61
SZ,002328,2017-01-03 09:55:57,10.8300,8,81225.0000,75,B,10.8300,10.8200,10.8100,10.8000,10.7900,10.8400,10.8500,10.8600,10.8700,10.8800,30,115,281,133,169,193,378,120,61,159
SZ,002328,2017-01-03 09:56:03,10.8300,2,19494.0000,18,S,10.8300,10.8200,10.8100,10.8000,10.7900,10.8400,10.8500,10.8600,10.8700,10.8800,12,115,281,133,169,193,378,120,61,159
SZ,002328,2017-01-03 09:56:06,10.8300,1,1083.0000,1,S,10.8300,10.8200,10.8100,10.8000,10.7900,10.8400,10.8500,10.8600,10.8700,10.8800,11,95,281,133,169,193,378,120,61,159
SZ,002328,2017-01-03 09:56:12,10.8300,1,11913.0000,11,S,10.8200,10.8100,10.8000,10.7900,10.7800,10.8300,10.8400,10.8500,10.8600,10.8700,95,281,133,169,235,141,193,378,120,61
SZ,002328,2017-01-03 09:56:24,10.8300,1,27075.0000,25,B,10.8200,10.8100,10.8000,10.7900,10.7800,10.8300,10.8400,10.8500,10.8600,10.8700,95,281,133,169,235,116,195,376,120,61
SZ,002328,2017-01-03 09:56:30,10.8200,1,10820.0000,10,S,10.8200,10.8100,10.8000,10.7900,10.7800,10.8300,10.8400,10.8500,10.8600,10.8700,86,281,133,169,235,116,195,381,120,61
SZ,002328,2017-01-03 09:56:39,10.8200,1,10820.0000,10,S,10.8200,10.8100,10.8000,10.7900,10.7800,10.8300,10.8400,10.8500,10.8600,10.8700,76,281,133,169,235,116,215,381,120,61
SZ,002328,2017-01-03 09:56:45,10.8200,1,6492.0000,6,S,10.8200,10.8100,10.8000,10.7900,10.7800,10.8300,10.8400,10.8500,10.8600,10.8700,90,281,133,169,235,120,215,381,120,61
SZ,002328,2017-01-03 09:56:51,10.8300,1,5415.0000,5,B,10.8200,10.8100,10.8000,10.7900,10.7800,10.8300,10.8400,10.8500,10.8600,10.8700,21,281,133,169,235,115,215,381,120,61
SZ,002328,2017-01-03 09:57:00,10.8200,2,18394.0000,17,S,10.8200,10.8100,10.8000,10.7900,10.7800,10.8300,10.8400,10.8500,10.8600,10.8700,4,281,133,169,235,133,216,371,120,61
SZ,002328,2017-01-03 09:57:09,10.8200,2,47608.0000,44,S,10.8100,10.8000,10.7900,10.7800,10.7700,10.8200,10.8300,10.8400,10.8500,10.8600,281,133,169,235,266,11,133,216,371,120
SZ,002328,2017-01-03 09:57:24,10.8100,2,14053.0000,13,S,10.8100,10.8000,10.7900,10.7800,10.7700,10.8200,10.8300,10.8400,10.8500,10.8600,268,133,169,235,266,201,133,216,371,130
SZ,002328,2017-01-03 09:57:42,10.8100,1,4324.0000,4,S,10.8100,10.8000,10.7900,10.7800,10.7700,10.8200,10.8300,10.8400,10.8500,10.8600,264,138,169,235,266,75,153,219,371,130
SZ,002328,2017-01-03 09:57:48,10.8100,1,1081.0000,1,S,10.8100,10.8000,10.7900,10.7800,10.7700,10.8200,10.8300,10.8400,10.8500,10.8600,263,138,169,235,266,75,153,219,371,130
SZ,002328,2017-01-03 09:57:51,10.8100,1,2162.0000,2,S,10.8100,10.8000,10.7900,10.7800,10.7700,10.8200,10.8300,10.8400,10.8500,10.8600,261,138,169,235,266,75,153,219,371,130
SZ,002328,2017-01-03 09:58:03,10.8100,2,61617.0000,57,S,10.8100,10.8000,10.7900,10.7800,10.7700,10.8200,10.8300,10.8400,10.8500,10.8600,204,138,169,269,266,105,153,219,371,130
SZ,002328,2017-01-03 09:58:09,10.8200,2,207554.0000,192,B,10.8100,10.8000,10.7900,10.7800,10.7700,10.8200,10.8300,10.8400,10.8500,10.8600,14,138,169,269,266,118,153,219,371,130
SZ,002328,2017-01-03 09:58:12,10.8100,1,1081.0000,1,S,10.8100,10.8000,10.7900,10.7800,10.7700,10.8200,10.8300,10.8400,10.8500,10.8600,13,138,169,269,266,118,153,219,371,130
SZ,002328,2017-01-03 09:58:21,10.8100,1,10810.0000,10,S,10.8100,10.8000,10.7900,10.7800,10.7700,10.8200,10.8300,10.8400,10.8500,10.8600,3,138,169,269,266,118,162,219,371,130
SZ,002328,2017-01-03 09:58:24,10.8200,1,1082.0000,1,B,10.8100,10.8000,10.7900,10.7800,10.7700,10.8200,10.8300,10.8400,10.8500,10.8600,3,138,169,269,266,117,162,219,371,130
SZ,002328,2017-01-03 09:58:54,10.8100,4,14063.0000,13,S,10.8000,10.7900,10.7800,10.7700,10.7600,10.8100,10.8200,10.8300,10.8400,10.8500,138,169,269,266,219,7,122,180,219,371
SZ,002328,2017-01-03 09:59:00,10.8000,1,7560.0000,7,S,10.8000,10.7900,10.7800,10.7700,10.7600,10.8100,10.8200,10.8300,10.8400,10.8500,131,169,269,266,219,107,122,180,219,371
SZ,002328,2017-01-03 09:59:06,10.8000,1,22680.0000,21,S,10.8000,10.7900,10.7800,10.7700,10.7600,10.8100,10.8200,10.8300,10.8400,10.8500,110,169,269,266,219,107,122,180,219,371
SZ,002328,2017-01-03 09:59:18,10.8000,2,33793.0000,31,S,10.8000,10.7900,10.7800,10.7700,10.7600,10.8100,10.8200,10.8300,10.8400,10.8500,78,169,269,266,219,157,92,180,219,371
SZ,002328,2017-01-03 09:59:27,10.8000,1,10800.0000,10,S,10.8000,10.7900,10.7800,10.7700,10.7600,10.8100,10.8200,10.8300,10.8400,10.8500,68,169,269,266,219,157,92,180,219,371
SZ,002328,2017-01-03 09:59:36,10.8100,2,108100.0000,100,B,10.8000,10.7900,10.7800,10.7700,10.7600,10.8100,10.8200,10.8300,10.8400,10.8500,78,169,269,266,219,57,92,180,219,371
SZ,002328,2017-01-03 09:59:57,10.8000,1,5400.0000,5,S,10.8000,10.7900,10.7800,10.7700,10.7600,10.8100,10.8200,10.8300,10.8400,10.8500,73,169,269,266,219,62,92,171,219,371
SZ,002328,2017-01-03 10:00:03,10.8100,2,31349.0000,29,B,10.8000,10.7900,10.7800,10.7700,10.7600,10.8100,10.8200,10.8300,10.8400,10.8500,102,169,269,266,219,33,92,171,219,371
SZ,002328,2017-01-03 10:00:18,10.8100,1,2162.0000,2,B,10.8000,10.7900,10.7800,10.7700,10.7600,10.8100,10.8200,10.8300,10.8400,10.8500,102,169,269,266,219,31,92,171,219,371
SZ,002328,2017-01-03 10:00:39,10.8100,1,10810.0000,10,B,10.8000,10.7900,10.7800,10.7700,10.7600,10.8100,10.8200,10.8300,10.8400,10.8500,112,169,269,266,219,28,92,171,219,371
SZ,002328,2017-01-03 10:00:42,10.8100,4,24863.0000,23,B,10.8000,10.7900,10.7800,10.7700,10.7600,10.8100,10.8200,10.8300,10.8400,10.8500,137,169,269,266,219,5,92,171,219,371
SZ,002328,2017-01-03 10:00:57,10.8000,1,54000.0000,50,S,10.8000,10.7900,10.7800,10.7700,10.7600,10.8100,10.8200,10.8300,10.8400,10.8500,87,169,269,266,219,10,92,191,219,371
SZ,002328,2017-01-03 10:01:03,10.8000,1,5400.0000,5,S,10.8000,10.7900,10.7800,10.7700,10.7600,10.8100,10.8200,10.8300,10.8400,10.8500,82,169,269,266,219,60,92,191,219,461
SZ,002328,2017-01-03 10:01:06,10.8100,2,12972.0000,12,B,10.8000,10.7900,10.7800,10.7700,10.7600,10.8100,10.8200,10.8300,10.8400,10.8500,82,169,269,266,219,48,92,191,219,461
SZ,002328,2017-01-03 10:01:15,10.8000,5,25924.0000,24,S,10.8000,10.7900,10.7800,10.7700,10.7600,10.8100,10.8200,10.8300,10.8400,10.8500,82,169,269,66,19,44,92,191,219,461
SZ,002328,2017-01-03 10:01:30,10.8000,1,23760.0000,22,S,10.8000,10.7900,10.7800,10.7700,10.7600,10.8100,10.8200,10.8300,10.8400,10.8500,60,201,269,66,19,44,92,191,219,461
SZ,002328,2017-01-03 10:01:36,10.8000,3,35640.0000,33,S,10.8000,10.7900,10.7800,10.7700,10.7600,10.8100,10.8200,10.8300,10.8400,10.8500,27,201,269,66,19,44,92,191,219,461
SZ,002328,2017-01-03 10:01:51,10.8000,3,9720.0000,9,S,10.8000,10.7900,10.7800,10.7700,10.7600,10.8100,10.8200,10.8300,10.8400,10.8500,18,201,269,66,19,50,92,191,219,461
SZ,002328,2017-01-03 10:02:03,10.8000,2,12965.0000,12,S,10.8000,10.7900,10.7800,10.7700,10.7600,10.8100,10.8200,10.8300,10.8400,10.8500,11,201,269,66,19,39,92,191,219,461
SZ,002328,2017-01-03 10:02:12,10.8100,3,45077.0000,42,B,10.7900,10.7800,10.7700,10.7600,10.7500,10.8100,10.8200,10.8300,10.8400,10.8500,201,269,66,19,44,9,92,191,219,361
SZ,002328,2017-01-03 10:02:57,10.8100,4,68103.0000,63,B,10.8000,10.7900,10.7800,10.7700,10.7600,10.8100,10.8200,10.8300,10.8400,10.8500,5,169,269,66,19,108,242,201,219,354
SZ,002328,2017-01-03 10:03:00,10.8100,1,10810.0000,10,B,10.8000,10.7900,10.7800,10.7700,10.7600,10.8100,10.8200,10.8300,10.8400,10.8500,5,169,269,66,19,98,242,201,219,354
SZ,002328,2017-01-03 10:03:12,10.8000,2,17295.0000,16,S,10.8000,10.7900,10.7800,10.7700,10.7600,10.8100,10.8200,10.8300,10.8400,10.8500,4,169,269,66,19,88,242,201,219,355
SZ,002328,2017-01-03 10:03:27,10.8000,2,8640.0000,8,S,10.8000,10.7900,10.7800,10.7700,10.7600,10.8100,10.8200,10.8300,10.8400,10.8500,506,309,269,66,19,14,242,201,219,355
SZ,002328,2017-01-03 10:03:30,10.8100,3,24850.0000,23,B,10.8000,10.7900,10.7800,10.7700,10.7600,10.8100,10.8200,10.8300,10.8400,10.8500,493,309,269,66,19,4,242,201,219,355
SZ,002328,2017-01-03 10:03:36,10.8100,1,4324.0000,4,B,10.8100,10.8000,10.7900,10.7800,10.7700,10.8200,10.8300,10.8400,10.8500,10.8600,23,493,309,269,66,242,201,219,355,130
SZ,002328,2017-01-03 10:03:39,10.8100,1,21620.0000,20,S,10.8100,10.8000,10.7900,10.7800,10.7700,10.8200,10.8300,10.8400,10.8500,10.8600,3,493,309,269,66,242,201,219,355,130
SZ,002328,2017-01-03 10:03:45,10.8100,1,3243.0000,3,S,10.8000,10.7900,10.7800,10.7700,10.7600,10.8100,10.8200,10.8300,10.8400,10.8500,493,309,269,66,19,2,242,201,219,355
SZ,002328,2017-01-03 10:04:06,10.8000,1,7560.0000,7,S,10.8000,10.7900,10.7800,10.7700,10.7600,10.8100,10.8200,10.8300,10.8400,10.8500,486,309,269,66,19,205,276,201,219,355
SZ,002328,2017-01-03 10:04:15,10.8000,1,10800.0000,10,S,10.8000,10.7900,10.7800,10.7700,10.7600,10.8100,10.8200,10.8300,10.8400,10.8500,476,309,269,66,19,205,276,201,215,350
SZ,002328,2017-01-03 10:04:27,10.8100,2,199985.0000,185,B,10.8100,10.8000,10.7900,10.7800,10.7700,10.8200,10.8300,10.8400,10.8500,10.8600,15,476,309,269,66,276,201,215,350,130
SZ,002328,2017-01-03 10:04:36,10.8100,1,16215.0000,15,S,10.8000,10.7900,10.7800,10.7700,10.7600,10.8100,10.8200,10.8300,10.8400,10.8500,476,309,269,96,29,5,281,201,215,350
SZ,002328,2017-01-03 10:05:03,10.8000,1,7560.0000,7,S,10.8000,10.7900,10.7800,10.7700,10.7600,10.8100,10.8200,10.8300,10.8400,10.8500,469,553,269,96,29,36,267,171,215,350
SZ,002328,2017-01-03 10:05:09,10.8000,2,24844.0000,23,S,10.8000,10.7900,10.7800,10.7700,10.7600,10.8100,10.8200,10.8300,10.8400,10.8500,450,553,269,96,29,86,267,171,215,350
SZ,002328,2017-01-03 10:05:24,10.8100,3,9726.0000,9,B,10.8000,10.7900,10.7800,10.7700,10.7600,10.8100,10.8200,10.8300,10.8400,10.8500,447,544,84,96,29,132,267,171,204,350
SZ,002328,2017-01-03 10:05:33,10.8000,1,108000.0000,100,S,10.8000,10.7900,10.7800,10.7700,10.7600,10.8100,10.8200,10.8300,10.8400,10.8500,347,544,84,96,29,152,267,171,214,350
SZ,002328,2017-01-03 10:05:39,10.8000,2,18360.0000,17,S,10.8000,10.7900,10.7800,10.7700,10.7600,10.8100,10.8200,10.8300,10.8400,10.8500,330,544,84,96,29,152,272,171,214,350
SZ,002328,2017-01-03 10:05:54,10.8100,3,42159.0000,39,B,10.8000,10.7900,10.7800,10.7700,10.7600,10.8100,10.8200,10.8300,10.8400,10.8500,340,544,84,96,29,129,322,171,214,350
SZ,002328,2017-01-03 10:06:06,10.8000,1,7560.0000,7,S,10.8000,10.7900,10.7800,10.7700,10.7600,10.8100,10.8200,10.8300,10.8400,10.8500,333,544,84,96,29,123,322,181,214,350
SZ,002328,2017-01-03 10:06:12,10.8000,1,6480.0000,6,S,10.8000,10.7900,10.7800,10.7700,10.7600,10.8100,10.8200,10.8300,10.8400,10.8500,327,544,84,96,29,123,322,181,214,350
SZ,002328,2017-01-03 10:06:33,10.8100,2,8648.0000,8,B,10.8000,10.7900,10.7800,10.7700,10.7600,10.8100,10.8200,10.8300,10.8400,10.8500,327,544,84,96,29,116,327,181,214,350
SZ,002328,2017-01-03 10:06:48,10.8100,1,21620.0000,20,B,10.8000,10.7900,10.7800,10.7700,10.7600,10.8100,10.8200,10.8300,10.8400,10.8500,327,544,84,96,29,99,327,181,214,350
SZ,002328,2017-01-03 10:06:51,10.7900,7,941217.0000,872,S,10.7800,10.7700,10.7600,10.7500,10.7400,10.7900,10.8100,10.8200,10.8300,10.8400,84,96,29,44,95,129,98,327,181,214
SZ,002328,2017-01-03 10:06:57,10.7800,1,6468.0000,6,S,10.7800,10.7700,10.7600,10.7500,10.7400,10.7900,10.8100,10.8200,10.8300,10.8400,78,96,29,44,95,129,92,327,181,214
SZ,002328,2017-01-03 10:07:00,10.7800,3,54978.0000,51,S,10.7800,10.7700,10.7600,10.7500,10.7400,10.7900,10.8100,10.8200,10.8300,10.8400,27,96,29,44,95,129,92,327,181,214
SZ,002328,2017-01-03 10:07:03,10.7900,1,32370.0000,30,B,10.7800,10.7700,10.7600,10.7500,10.7400,10.7900,10.8100,10.8200,10.8300,10.8400,27,96,29,44,95,99,92,327,181,214
SZ,002328,2017-01-03 10:07:12,10.7900,1,7553.0000,7,B,10.7800,10.7700,10.7600,10.7500,10.7400,10.7900,10.8100,10.8200,10.8300,10.8400,35,96,29,44,95,92,102,327,181,214
SZ,002328,2017-01-03 10:07:30,10.7900,1,1079.0000,1,B,10.7800,10.7700,10.7600,10.7500,10.7400,10.7900,10.8100,10.8200,10.8300,10.8400,65,56,29,44,95,91,102,327,173,194
SZ,002328,2017-01-03 10:07:36,10.7900,1,63661.0000,59,B,10.7800,10.7700,10.7600,10.7500,10.7400,10.7900,10.8100,10.8200,10.8300,10.8400,38,56,29,44,95,32,102,327,193,194
SZ,002328,2017-01-03 10:07:39,10.7900,3,62574.0000,58,B,10.7800,10.7700,10.7600,10.7500,10.7400,10.7900,10.8100,10.8200,10.8300,10.8400,30,56,29,44,95,5,102,327,193,194
SZ,002328,2017-01-03 10:07:51,10.7900,1,1079.0000,1,B,10.7800,10.7700,10.7600,10.7500,10.7400,10.7900,10.8000,10.8100,10.8200,10.8300,40,56,29,44,95,4,10,102,327,193
SZ,002328,2017-01-03 10:08:00,10.7800,1,19404.0000,18,S,10.7800,10.7700,10.7600,10.7500,10.7400,10.7900,10.8000,10.8100,10.8200,10.8300,22,56,29,44,95,4,10,92,327,193
SZ,002328,2017-01-03 10:08:03,10.7800,3,18326.0000,17,S,10.7800,10.7700,10.7600,10.7500,10.7400,10.7900,10.8000,10.8100,10.8200,10.8300,5,56,29,44,95,4,10,92,327,193
SZ,002328,2017-01-03 10:08:09,10.7900,1,4316.0000,4,B,10.7900,10.7800,10.7700,10.7600,10.7500,10.8000,10.8100,10.8200,10.8300,10.8400,20,5,56,29,74,10,92,327,193,194
SZ,002328,2017-01-03 10:08:12,10.7900,4,27013.0000,25,S,10.7900,10.7800,10.7700,10.7600,10.7500,10.8100,10.8200,10.8300,10.8400,10.8500,32,5,56,29,74,78,327,193,194,350
SZ,002328,2017-01-03 10:08:24,10.8100,2,10810.0000,10,B,10.8000,10.7900,10.7800,10.7700,10.7600,10.8100,10.8200,10.8300,10.8400,10.8500,20,32,5,56,29,68,327,193,194,350
SZ,002328,2017-01-03 10:08:42,10.8100,3,54050.0000,50,B,10.8000,10.7900,10.7800,10.7700,10.7600,10.8100,10.8200,10.8300,10.8400,10.8500,35,19,5,56,29,18,327,193,194,350
SZ,002328,2017-01-03 10:08:51,10.8100,4,15134.0000,14,B,10.8000,10.7900,10.7800,10.7700,10.7600,10.8100,10.8200,10.8300,10.8400,10.8500,35,19,25,56,29,13,327,193,194,350
SZ,002328,2017-01-03 10:08:57,10.8000,1,2160.0000,2,S,10.8000,10.7900,10.7800,10.7700,10.7600,10.8100,10.8200,10.8300,10.8400,10.8500,33,19,25,56,29,13,327,193,194,350
SZ,002328,2017-01-03 10:09:03,10.8000,1,7560.0000,7,S,10.8000,10.7900,10.7800,10.7700,10.7600,10.8100,10.8200,10.8300,10.8400,10.8500,26,19,25,56,29,37,327,193,194,350
SZ,002328,2017-01-03 10:09:21,10.8100,3,34592.0000,32,B,10.8000,10.7900,10.7800,10.7700,10.7600,10.8100,10.8200,10.8300,10.8400,10.8500,26,19,45,56,29,14,327,193,194,350
SZ,002328,2017-01-03 10:09:27,10.8100,3,27014.0000,25,B,10.8100,10.8000,10.7900,10.7800,10.7700,10.8200,10.8300,10.8400,10.8500,10.8600,12,15,19,45,56,327,193,194,350,130
SZ,002328,2017-01-03 10:09:39,10.8100,1,5405.0000,5,S,10.8100,10.8000,10.7900,10.7800,10.7700,10.8200,10.8300,10.8400,10.8500,10.8600,7,15,19,45,56,327,193,194,350,130
SZ,002328,2017-01-03 10:09:48,10.8100,1,7567.0000,7,S,10.8000,10.7900,10.7800,10.7700,10.7600,10.8100,10.8200,10.8300,10.8400,10.8500,15,19,55,56,29,75,327,193,194,351
SZ,002328,2017-01-03 10:09:57,10.8100,1,5405.0000,5,B,10.8000,10.7900,10.7800,10.7700,10.7600,10.8100,10.8200,10.8300,10.8400,10.8500,15,19,55,56,29,166,327,193,194,451
SZ,002328,2017-01-03 10:10:00,10.8000,2,7560.0000,7,S,10.8000,10.7900,10.7800,10.7700,10.7600,10.8100,10.8200,10.8300,10.8400,10.8500,8,19,55,56,29,166,327,193,194,461
SZ,002328,2017-01-03 10:10:18,10.8000,2,9720.0000,9,S,10.7900,10.7800,10.7700,10.7600,10.7500,10.8000,10.8100,10.8200,10.8300,10.8400,19,55,56,29,65,91,172,366,193,194
SZ,002328,2017-01-03 10:10:33,10.7900,1,19422.0000,18,S,10.7900,10.7800,10.7700,10.7600,10.7500,10.8000,10.8100,10.8200,10.8300,10.8400,1,55,56,29,65,91,126,366,193,194
SZ,002328,2017-01-03 10:10:42,10.7900,1,1079.0000,1,S,10.7800,10.7700,10.7600,10.7500,10.7400,10.8000,10.8100,10.8200,10.8300,10.8400,62,56,29,65,95,91,126,366,193,194
SZ,002328,2017-01-03 10:10:54,10.7900,1,37765.0000,35,S,10.7800,10.7700,10.7600,10.7500,10.7400,10.7900,10.8000,10.8100,10.8200,10.8300,52,56,29,65,95,65,91,126,366,193
SZ,002328,2017-01-03 10:11:03,10.7900,1,1079.0000,1,B,10.7800,10.7700,10.7600,10.7500,10.7400,10.7900,10.8000,10.8100,10.8200,10.8300,52,56,29,65,95,70,115,106,366,193
SZ,002328,2017-01-03 10:11:06,10.7900,1,32370.0000,30,B,10.7800,10.7700,10.7600,10.7500,10.7400,10.7900,10.8000,10.8100,10.8200,10.8300,52,56,29,65,95,40,115,106,366,193
SZ,002328,2017-01-03 10:11:09,10.7800,1,10780.0000,10,S,10.7800,10.7700,10.7600,10.7500,10.7400,10.7900,10.8000,10.8100,10.8200,10.8300,42,56,29,117,95,40,115,106,366,198
SZ,002328,2017-01-03 10:11:15,10.7900,4,43160.0000,40,B,10.7900,10.7800,10.7700,10.7600,10.7500,10.8000,10.8100,10.8200,10.8300,10.8400,37,42,56,29,117,115,106,366,198,194
SZ,002328,2017-01-03 10:11:51,10.7900,1,3237.0000,3,S,10.7900,10.7800,10.7700,10.7600,10.7500,10.8000,10.8100,10.8200,10.8300,10.8400,60,42,56,41,117,121,106,366,198,194
SZ,002328,2017-01-03 10:11:54,10.7900,2,22675.0000,21,S,10.7900,10.7800,10.7700,10.7600,10.7500,10.8000,10.8100,10.8200,10.8300,10.8400,55,42,56,41,117,156,106,366,198,194
SZ,002328,2017-01-03 10:12:03,10.8000,1,21600.0000,20,B,10.7900,10.7800,10.7700,10.7600,10.7500,10.8000,10.8100,10.8200,10.8300,10.8400,56,42,56,41,117,129,32,366,198,212
SZ,002328,2017-01-03 10:12:06,10.7900,1,7553.0000,7,S,10.7900,10.7800,10.7700,10.7600,10.7500,10.8000,10.8100,10.8200,10.8300,10.8400,49,42,56,41,117,129,32,366,198,212
SZ,002328,2017-01-03 10:12:09,10.8000,1,3240.0000,3,B,10.7900,10.7800,10.7700,10.7600,10.7500,10.8000,10.8100,10.8200,10.8300,10.8400,49,42,56,41,117,226,32,366,198,212
SZ,002328,2017-01-03 10:12:12,10.7900,3,41002.0000,38,S,10.7900,10.7800,10.7700,10.7600,10.7500,10.8000,10.8100,10.8200,10.8300,10.8400,11,42,64,41,117,226,32,366,198,212
SZ,002328,2017-01-03 10:12:45,10.7900,2,11869.0000,11,S,10.7800,10.7700,10.7600,10.7500,10.7400,10.7900,10.8000,10.8100,10.8200,10.8300,133,64,51,117,10,2,226,32,366,198
SZ,002328,2017-01-03 10:13:03,10.7900,5,56108.0000,52,B,10.7800,10.7700,10.7600,10.7500,10.7400,10.7900,10.8000,10.8100,10.8200,10.8300,133,64,51,117,10,20,226,32,366,198
SZ,002328,2017-01-03 10:13:09,10.7800,4,107800.0000,100,S,10.7800,10.7700,10.7600,10.7500,10.7400,10.7900,10.8000,10.8100,10.8200,10.8300,33,64,51,117,10,20,226,32,366,198
SZ,002328,2017-01-03 10:13:12,10.7800,3,35574.0000,33,S,10.7700,10.7600,10.7500,10.7400,10.7300,10.7800,10.7900,10.8000,10.8100,10.8200,64,51,117,10,63,19,20,226,32,366
SZ,002328,2017-01-03 10:13:15,10.7900,2,42062.0000,39,B,10.7900,10.7700,10.7600,10.7500,10.7400,10.8000,10.8100,10.8200,10.8300,10.8400,2,64,51,117,10,226,32,366,198,212
SZ,002328,2017-01-03 10:13:21,10.7700,3,17236.0000,16,S,10.7700,10.7600,10.7500,10.7400,10.7300,10.8000,10.8100,10.8200,10.8300,10.8400,50,51,117,10,63,226,32,351,198,212
SZ,002328,2017-01-03 10:13:39,10.7800,1,3234.0000,3,S,10.7800,10.7700,10.7600,10.7500,10.7400,10.8000,10.8100,10.8200,10.8300,10.8400,17,70,51,117,10,226,32,351,198,212
SZ,002328,2017-01-03 10:14:30,10.7900,1,2158.0000,2,B,10.7800,10.7700,10.7600,10.7500,10.7400,10.7900,10.8000,10.8100,10.8200,10.8300,67,85,105,117,10,46,226,18,288,198
SZ,002328,2017-01-03 10:14:39,10.7800,2,26950.0000,25,S,10.7800,10.7700,10.7600,10.7500,10.7400,10.7900,10.8000,10.8100,10.8200,10.8300,42,85,105,117,10,46,226,18,288,198
SZ,002328,2017-01-03 10:14:42,10.7900,1,9711.0000,9,B,10.7800,10.7700,10.7600,10.7500,10.7400,10.7900,10.8000,10.8100,10.8200,10.8300,42,85,105,117,10,37,226,18,288,198
SZ,002328,2017-01-03 10:14:45,10.7900,1,7553.0000,7,B,10.7800,10.7700,10.7600,10.7500,10.7400,10.7900,10.8000,10.8100,10.8200,10.8300,81,85,105,117,10,30,226,18,288,198
SZ,002328,2017-01-03 10:14:54,10.7900,1,32370.0000,30,B,10.7900,10.7800,10.7700,10.7600,10.7500,10.8000,10.8100,10.8200,10.8300,10.8400,170,81,85,105,117,226,18,288,198,212
SZ,002328,2017-01-03 10:15:03,10.7900,2,55060.0000,51,S,10.7900,10.7800,10.7700,10.7600,10.7500,10.8000,10.8100,10.8200,10.8300,10.8400,243,81,85,105,117,195,18,288,198,212
SZ,002328,2017-01-03 10:15:12,10.7900,1,154297.0000,143,S,10.7900,10.7800,10.7700,10.7600,10.7500,10.8000,10.8100,10.8200,10.8300,10.8400,19,81,85,105,117,195,18,288,198,212
SZ,002328,2017-01-03 10:15:36,10.8000,1,1080.0000,1,B,10.7900,10.7800,10.7700,10.7600,10.7500,10.8000,10.8100,10.8200,10.8300,10.8400,19,111,85,105,117,194,18,288,198,212
SZ,002328,2017-01-03 10:15:57,10.7900,2,20501.0000,19,S,10.7800,10.7700,10.7600,10.7500,10.7400,10.7900,10.8000,10.8100,10.8200,10.8300,111,85,105,397,10,1,195,18,288,198
SZ,002328,2017-01-03 10:16:00,10.7900,1,1079.0000,1,B,10.7900,10.7800,10.7700,10.7600,10.7500,10.8000,10.8100,10.8200,10.8300,10.8400,80,111,85,105,397,195,18,288,198,212
SZ,002328,2017-01-03 10:16:24,10.7900,1,32370.0000,30,S,10.7900,10.7800,10.7700,10.7600,10.7500,10.8000,10.8100,10.8200,10.8300,10.8400,70,111,85,105,401,198,18,238,198,212
SZ,002328,2017-01-03 10:16:30,10.7900,1,6474.0000,6,S,10.7900,10.7800,10.7700,10.7600,10.7500,10.8000,10.8100,10.8200,10.8300,10.8400,64,111,85,105,349,198,18,238,198,212
SZ,002328,2017-01-03 10:16:33,10.7900,1,10790.0000,10,S,10.7900,10.7800,10.7700,10.7600,10.7500,10.8000,10.8100,10.8200,10.8300,10.8400,54,111,85,105,349,198,18,238,198,212
SZ,002328,2017-01-03 10:16:57,10.7900,1,33449.0000,31,S,10.7900,10.7800,10.7700,10.7600,10.7500,10.8000,10.8100,10.8200,10.8300,10.8400,23,111,85,105,349,198,29,238,198,212
SZ,002328,2017-01-03 10:17:48,10.7900,2,9711.0000,9,S,10.7900,10.7800,10.7700,10.7600,10.7500,10.8000,10.8100,10.8200,10.8300,10.8400,101,111,85,137,354,148,54,238,198,212
SZ,002328,2017-01-03 10:18:03,10.7900,3,43160.0000,40,S,10.7900,10.7800,10.7700,10.7600,10.7500,10.8000,10.8100,10.8200,10.8300,10.8400,61,111,85,137,354,163,54,238,198,212
SZ,002328,2017-01-03 10:18:06,10.8000,2,28080.0000,26,B,10.7900,10.7800,10.7700,10.7600,10.7500,10.8000,10.8100,10.8200,10.8300,10.8400,61,111,85,137,354,137,54,238,198,212
SZ,002328,2017-01-03 10:18:09,10.7900,1,6474.0000,6,S,10.7900,10.7800,10.7700,10.7600,10.7500,10.8000,10.8100,10.8200,10.8300,10.8400,105,111,85,137,354,137,54,238,198,212
SZ,002328,2017-01-03 10:18:18,10.7900,1,10790.0000,10,S,10.7900,10.7800,10.7700,10.7600,10.7500,10.8000,10.8100,10.8200,10.8300,10.8400,95,111,85,137,354,137,54,238,198,212
SZ,002328,2017-01-03 10:18:21,10.7900,1,19422.0000,18,S,10.7900,10.7800,10.7700,10.7600,10.7500,10.8000,10.8100,10.8200,10.8300,10.8400,77,111,85,137,354,137,54,238,198,212
SZ,002328,2017-01-03 10:18:30,10.7900,1,1079.0000,1,S,10.7900,10.7800,10.7700,10.7600,10.7500,10.8000,10.8100,10.8200,10.8300,10.8400,91,111,85,137,354,152,54,238,198,212
SZ,002328,2017-01-03 10:18:57,10.8000,1,10800.0000,10,B,10.7900,10.7800,10.7700,10.7600,10.7500,10.8000,10.8100,10.8200,10.8300,10.8400,96,116,85,137,354,142,54,238,198,212
SZ,002328,2017-01-03 10:19:12,10.7900,1,11869.0000,11,S,10.7900,10.7800,10.7700,10.7600,10.7500,10.8000,10.8100,10.8200,10.8300,10.8400,85,116,65,137,371,152,54,238,98,212
SZ,002328,2017-01-03 10:19:15,10.7900,1,8632.0000,8,S,10.7900,10.7800,10.7700,10.7600,10.7500,10.8000,10.8100,10.8200,10.8300,10.8400,77,116,90,128,371,152,54,238,98,212
SZ,002328,2017-01-03 10:19:42,10.8000,1,1080.0000,1,B,10.7900,10.7800,10.7700,10.7600,10.7500,10.8000,10.8100,10.8200,10.8300,10.8400,141,111,90,96,371,181,54,238,98,212
SZ,002328,2017-01-03 10:19:48,10.7900,3,64740.0000,60,S,10.7900,10.7800,10.7700,10.7600,10.7500,10.8000,10.8100,10.8200,10.8300,10.8400,81,111,90,96,371,181,54,238,98,212
SZ,002328,2017-01-03 10:20:00,10.7900,3,19422.0000,18,S,10.7900,10.7800,10.7700,10.7600,10.7500,10.8000,10.8100,10.8200,10.8300,10.8400,63,111,90,96,371,181,54,238,98,212
SZ,002328,2017-01-03 10:20:09,10.7900,1,2158.0000,2,S,10.7900,10.7800,10.7700,10.7600,10.7500,10.8000,10.8100,10.8200,10.8300,10.8400,101,111,90,96,371,181,54,238,98,212
SZ,002328,2017-01-03 10:20:27,10.8000,2,28080.0000,26,B,10.7900,10.7800,10.7700,10.7600,10.7500,10.8000,10.8100,10.8200,10.8300,10.8400,101,111,90,296,371,155,54,238,98,212
SZ,002328,2017-01-03 10:20:30,10.8000,1,9720.0000,9,B,10.7900,10.7800,10.7700,10.7600,10.7500,10.8000,10.8100,10.8200,10.8300,10.8400,101,111,90,296,371,146,54,238,98,212
SZ,002328,2017-01-03 10:20:33,10.8000,1,5400.0000,5,B,10.7900,10.7800,10.7700,10.7600,10.7500,10.8000,10.8100,10.8200,10.8300,10.8400,101,111,90,296,371,141,54,238,98,212
SZ,002328,2017-01-03 10:20:39,10.8000,8,152280.0000,141,B,10.8000,10.7900,10.7800,10.7700,10.7600,10.8100,10.8200,10.8300,10.8400,10.8500,68,101,111,90,296,54,238,98,212,462
SZ,002328,2017-01-03 10:20:42,10.8000,1,9720.0000,9,S,10.8000,10.7900,10.7800,10.7700,10.7600,10.8100,10.8200,10.8300,10.8400,10.8500,59,101,111,90,296,54,238,98,212,462
SZ,002328,2017-01-03 10:20:48,10.8000,1,30240.0000,28,S,10.8000,10.7900,10.7800,10.7700,10.7600,10.8100,10.8200,10.8300,10.8400,10.8500,31,101,111,90,296,54,238,78,212,462
SZ,002328,2017-01-03 10:20:51,10.8100,5,43240.0000,40,B,10.8000,10.7900,10.7800,10.7700,10.7600,10.8100,10.8200,10.8300,10.8400,10.8500,31,101,111,90,296,14,238,78,212,462
SZ,002328,2017-01-03 10:21:06,10.8100,3,21620.0000,20,B,10.8000,10.7900,10.7800,10.7700,10.7600,10.8100,10.8200,10.8300,10.8400,10.8500,81,201,111,90,296,14,238,78,212,462
SZ,002328,2017-01-03 10:21:18,10.8000,1,10800.0000,10,S,10.8000,10.7900,10.7800,10.7700,10.7600,10.8100,10.8200,10.8300,10.8400,10.8500,71,201,111,147,296,37,238,78,212,462
SZ,002328,2017-01-03 10:21:39,10.8000,1,8640.0000,8,S,10.8000,10.7900,10.7800,10.7700,10.7600,10.8100,10.8200,10.8300,10.8400,10.8500,33,251,111,147,296,57,238,78,232,462
SZ,002328,2017-01-03 10:22:00,10.8000,2,35640.0000,33,S,10.7900,10.7800,10.7700,10.7600,10.7500,10.8000,10.8100,10.8200,10.8300,10.8400,251,111,147,296,61,17,74,238,88,242
SZ,002328,2017-01-03 10:22:15,10.8000,1,18360.0000,17,B,10.8000,10.7900,10.7800,10.7700,10.7600,10.8100,10.8200,10.8300,10.8400,10.8500,83,251,121,147,296,74,238,98,242,462
SZ,002328,2017-01-03 10:22:24,10.8000,1,10800.0000,10,S,10.8000,10.7900,10.7800,10.7700,10.7600,10.8100,10.8200,10.8300,10.8400,10.8500,73,251,82,147,296,79,238,108,242,462
SZ,002328,2017-01-03 10:22:27,10.8000,1,12960.0000,12,S,10.8000,10.7900,10.7800,10.7700,10.7600,10.8100,10.8200,10.8300,10.8400,10.8500,61,251,82,147,296,79,238,108,242,462
SZ,002328,2017-01-03 10:22:48,10.8100,1,1081.0000,1,B,10.8000,10.7900,10.7800,10.7700,10.7600,10.8100,10.8200,10.8300,10.8400,10.8500,101,251,82,142,306,61,243,108,242,462
SZ,002328,2017-01-03 10:22:57,10.8100,2,19458.0000,18,B,10.8000,10.7900,10.7800,10.7700,10.7600,10.8100,10.8200,10.8300,10.8400,10.8500,101,251,82,142,306,43,243,108,242,462
SZ,002328,2017-01-03 10:23:12,10.8000,3,108000.0000,100,S,10.8000,10.7900,10.7800,10.7700,10.7600,10.8100,10.8200,10.8300,10.8400,10.8500,1,251,82,142,306,43,243,108,242,462
SZ,002328,2017-01-03 10:23:18,10.7900,2,8633.0000,8,S,10.7900,10.7800,10.7700,10.7600,10.7500,10.8100,10.8200,10.8300,10.8400,10.8500,244,82,142,306,61,43,243,108,242,462
SZ,002328,2017-01-03 10:23:24,10.8100,1,3243.0000,3,B,10.7900,10.7800,10.7700,10.7600,10.7500,10.8100,10.8200,10.8300,10.8400,10.8500,244,132,142,306,61,40,243,108,242,462
SZ,002328,2017-01-03 10:23:48,10.7900,1,16185.0000,15,S,10.7900,10.7800,10.7700,10.7600,10.7500,10.8100,10.8200,10.8300,10.8400,10.8500,229,132,99,294,61,203,243,108,242,462
SZ,002328,2017-01-03 10:23:51,10.8100,5,219443.0000,203,B,10.8100,10.7900,10.7800,10.7700,10.7600,10.8200,10.8300,10.8400,10.8500,10.8600,46,229,132,99,294,243,108,242,462,130
SZ,002328,2017-01-03 10:24:00,10.8100,1,10810.0000,10,S,10.8100,10.8000,10.7900,10.7800,10.7700,10.8200,10.8300,10.8400,10.8500,10.8600,36,12,234,141,99,243,108,242,462,133
SZ,002328,2017-01-03 10:24:03,10.8100,1,22701.0000,21,S,10.8100,10.8000,10.7900,10.7800,10.7700,10.8200,10.8300,10.8400,10.8500,10.8600,15,32,234,141,99,243,108,242,462,133
SZ,002328,2017-01-03 10:24:06,10.8100,1,8648.0000,8,S,10.8100,10.8000,10.7900,10.7800,10.7700,10.8200,10.8300,10.8400,10.8500,10.8600,7,32,234,141,99,252,108,242,462,133
SZ,002328,2017-01-03 10:24:18,10.8100,2,18377.0000,17,S,10.8000,10.7900,10.7800,10.7700,10.7600,10.8100,10.8200,10.8300,10.8400,10.8500,32,234,141,99,294,18,272,108,242,462
SZ,002328,2017-01-03 10:24:51,10.8000,1,1080.0000,1,S,10.8000,10.7900,10.7800,10.7700,10.7600,10.8100,10.8200,10.8300,10.8400,10.8500,61,234,141,99,294,118,272,128,242,462
SZ,002328,2017-01-03 10:25:00,10.8000,3,30240.0000,28,S,10.8000,10.7900,10.7800,10.7700,10.7600,10.8100,10.8200,10.8300,10.8400,10.8500,33,234,141,99,294,118,272,128,242,462
SZ,002328,2017-01-03 10:25:06,10.8100,1,10810.0000,10,B,10.8000,10.7900,10.7800,10.7700,10.7600,10.8100,10.8200,10.8300,10.8400,10.8500,103,234,141,99,294,108,272,128,242,462
SZ,002328,2017-01-03 10:25:24,10.8100,3,14053.0000,13,B,10.8000,10.7900,10.7800,10.7700,10.7600,10.8100,10.8200,10.8300,10.8400,10.8500,105,234,141,99,294,95,272,128,242,462
SZ,002328,2017-01-03 10:25:33,10.8100,1,14053.0000,13,B,10.8000,10.7900,10.7800,10.7700,10.7600,10.8100,10.8200,10.8300,10.8400,10.8500,105,234,141,99,294,82,272,137,242,462
SZ,002328,2017-01-03 10:25:42,10.8000,3,18360.0000,17,S,10.8000,10.7900,10.7800,10.7700,10.7600,10.8100,10.8200,10.8300,10.8400,10.8500,90,234,141,99,294,82,272,137,242,462
SZ,002328,2017-01-03 10:26:00,10.8100,1,2162.0000,2,B,10.8000,10.7900,10.7800,10.7700,10.7600,10.8100,10.8200,10.8300,10.8400,10.8500,88,234,141,99,294,80,272,137,242,462
SZ,002328,2017-01-03 10:26:12,10.8100,3,111343.0000,103,B,10.8000,10.7900,10.7800,10.7700,10.7600,10.8100,10.8200,10.8300,10.8400,10.8500,88,234,141,99,294,57,272,137,242,462
SZ,002328,2017-01-03 10:26:21,10.8000,2,32400.0000,30,S,10.8000,10.7900,10.7800,10.7700,10.7600,10.8100,10.8200,10.8300,10.8400,10.8500,58,234,141,99,294,57,272,137,242,462
SZ,002328,2017-01-03 10:26:57,10.8100,2,39997.0000,37,B,10.8000,10.7900,10.7800,10.7700,10.7600,10.8100,10.8200,10.8300,10.8400,10.8500,88,189,141,113,294,120,272,137,232,462
SZ,002328,2017-01-03 10:27:03,10.8100,3,30268.0000,28,B,10.8000,10.7900,10.7800,10.7700,10.7600,10.8100,10.8200,10.8300,10.8400,10.8500,88,189,141,113,294,92,272,142,232,462
SZ,002328,2017-01-03 10:27:06,10.8100,1,54050.0000,50,B,10.8000,10.7900,10.7800,10.7700,10.7600,10.8100,10.8200,10.8300,10.8400,10.8500,88,189,141,113,294,42,272,142,232,462
SZ,002328,2017-01-03 10:27:15,10.8100,1,34592.0000,32,B,10.8000,10.7900,10.7800,10.7700,10.7600,10.8100,10.8200,10.8300,10.8400,10.8500,88,189,141,113,284,10,272,142,232,462
SZ,002328,2017-01-03 10:27:30,10.8100,3,15134.0000,14,B,10.8000,10.7900,10.7800,10.7700,10.7600,10.8100,10.8200,10.8300,10.8400,10.8500,124,189,141,113,284,96,274,142,232,462
SZ,002328,2017-01-03 10:27:33,10.8100,2,12972.0000,12,B,10.8000,10.7900,10.7800,10.7700,10.7600,10.8100,10.8200,10.8300,10.8400,10.8500,124,189,141,113,284,84,274,142,232,462
SZ,002328,2017-01-03 10:27:51,10.8100,1,32430.0000,30,B,10.8000,10.7900,10.7800,10.7700,10.7600,10.8100,10.8200,10.8300,10.8400,10.8500,124,557,141,113,284,64,274,142,232,462
SZ,002328,2017-01-03 10:28:24,10.8100,3,69184.0000,64,B,10.8100,10.8000,10.7900,10.7800,10.7700,10.8200,10.8300,10.8400,10.8500,10.8600,49,333,557,141,113,274,142,232,462,133
SZ,002328,2017-01-03 10:28:33,10.8200,3,117938.0000,109,B,10.8100,10.8000,10.7900,10.7800,10.7700,10.8200,10.8300,10.8400,10.8500,10.8600,77,337,557,141,113,165,142,232,462,133
SZ,002328,2017-01-03 10:28:36,10.8000,9,432077.0000,400,S,10.8000,10.7900,10.7800,10.7700,10.7600,10.8200,10.8300,10.8400,10.8500,10.8600,14,557,141,113,284,169,342,232,462,133
SZ,002328,2017-01-03 10:28:42,10.8000,2,5400.0000,5,S,10.8000,10.7900,10.7800,10.7700,10.7600,10.8200,10.8300,10.8400,10.8500,10.8600,9,557,141,113,284,169,342,232,462,133
SZ,002328,2017-01-03 10:28:57,10.8200,1,9738.0000,9,B,10.8000,10.7900,10.7800,10.7700,10.7600,10.8200,10.8300,10.8400,10.8500,10.8600,39,557,141,113,284,360,342,232,462,133
SZ,002328,2017-01-03 10:29:24,10.8100,1,7567.0000,7,B,10.8000,10.7900,10.7800,10.7700,10.7600,10.8100,10.8200,10.8300,10.8400,10.8500,58,557,141,113,284,11,360,337,458,462
SZ,002328,2017-01-03 10:29:45,10.8100,1,10810.0000,10,B,10.8000,10.7900,10.7800,10.7700,10.7600,10.8100,10.8200,10.8300,10.8400,10.8500,103,557,141,113,301,54,356,337,458,462
SZ,002328,2017-01-03 10:29:48,10.8000,3,21600.0000,20,S,10.8000,10.7900,10.7800,10.7700,10.7600,10.8100,10.8200,10.8300,10.8400,10.8500,83,557,151,113,301,54,356,357,458,462
SZ,002328,2017-01-03 10:29:54,10.8000,1,4320.0000,4,S,10.8000,10.7900,10.7800,10.7700,10.7600,10.8100,10.8200,10.8300,10.8400,10.8500,79,557,151,113,301,54,356,357,458,462
SZ,002328,2017-01-03 10:30:03,10.8100,2,33511.0000,31,B,10.8000,10.7900,10.7800,10.7700,10.7600,10.8100,10.8200,10.8300,10.8400,10.8500,224,189,151,113,301,23,356,357,458,462
SZ,002328,2017-01-03 10:30:06,10.8100,1,9729.0000,9,B,10.8000,10.7900,10.7800,10.7700,10.7600,10.8100,10.8200,10.8300,10.8400,10.8500,224,189,151,113,301,14,356,357,458,462
SZ,002328,2017-01-03 10:30:09,10.8100,1,5405.0000,5,B,10.8000,10.7900,10.7800,10.7700,10.7600,10.8100,10.8200,10.8300,10.8400,10.8500,224,189,151,113,301,12,356,357,458,462
SZ,002328,2017-01-03 10:30:12,10.8000,10,216000.0000,200,S,10.8000,10.7900,10.7800,10.7700,10.7600,10.8100,10.8200,10.8300,10.8400,10.8500,24,189,151,113,301,12,356,357,458,462
SZ,002328,2017-01-03 10:30:15,10.8100,2,8645.0000,8,B,10.8000,10.7900,10.7800,10.7700,10.7600,10.8100,10.8200,10.8300,10.8400,10.8500,21,189,151,91,301,7,356,357,458,462
SZ,002328,2017-01-03 10:30:24,10.7900,11,370251.0000,343,S,10.7800,10.7700,10.7600,10.7500,10.7400,10.7900,10.8100,10.8200,10.8300,10.8400,151,91,301,49,40,57,7,356,357,458
SZ,002328,2017-01-03 10:30:30,10.7900,1,10790.0000,10,B,10.7800,10.7700,10.7600,10.7500,10.7400,10.7900,10.8100,10.8200,10.8300,10.8400,151,91,301,49,40,47,7,356,357,458
SZ,002328,2017-01-03 10:30:33,10.7900,1,50713.0000,47,B,10.7900,10.7800,10.7700,10.7600,10.7500,10.8100,10.8200,10.8300,10.8400,10.8500,26,151,91,301,49,7,356,357,458,462
SZ,002328,2017-01-03 10:30:54,10.8200,16,432751.0000,400,B,10.7900,10.7800,10.7700,10.7600,10.7500,10.8200,10.8300,10.8400,10.8500,10.8600,137,141,91,297,49,5,357,458,462,137
SZ,002328,2017-01-03 10:31:06,10.8300,14,324895.0000,300,B,10.7900,10.7800,10.7700,10.7600,10.7500,10.8300,10.8400,10.8500,10.8600,10.8700,137,141,91,307,49,62,458,462,137,61
SZ,002328,2017-01-03 10:31:12,10.8300,1,9747.0000,9,B,10.7900,10.7800,10.7700,10.7600,10.7500,10.8300,10.8400,10.8500,10.8600,10.8700,140,141,371,307,49,53,458,462,137,61
SZ,002328,2017-01-03 10:31:18,10.8200,1,46526.0000,43,S,10.8200,10.8000,10.7900,10.7800,10.7700,10.8300,10.8400,10.8500,10.8600,10.8700,157,200,241,141,371,53,458,462,137,61
SZ,002328,2017-01-03 10:31:30,10.8300,1,7581.0000,7,B,10.8200,10.8000,10.7900,10.7800,10.7700,10.8300,10.8400,10.8500,10.8600,10.8700,157,217,243,141,371,71,458,462,137,61
SZ,002328,2017-01-03 10:31:39,10.8200,5,360606.0000,333,S,10.8200,10.8000,10.7900,10.7800,10.7700,10.8300,10.8400,10.8500,10.8600,10.8700,124,217,243,141,371,689,458,462,137,61
SZ,002328,2017-01-03 10:31:48,10.8300,1,1083.0000,1,B,10.8200,10.7900,10.7800,10.7700,10.7600,10.8300,10.8400,10.8500,10.8600,10.8700,124,243,141,371,307,688,458,462,137,61
SZ,002328,2017-01-03 10:31:51,10.8200,2,66002.0000,61,S,10.8200,10.7900,10.7800,10.7700,10.7600,10.8300,10.8400,10.8500,10.8600,10.8700,63,220,141,371,307,688,458,462,137,61
SZ,002328,2017-01-03 10:32:00,10.8200,1,27050.0000,25,S,10.8200,10.8000,10.7900,10.7800,10.7700,10.8300,10.8400,10.8500,10.8600,10.8700,164,15,246,141,371,689,458,462,137,61
SZ,002328,2017-01-03 10:32:09,10.8200,1,32460.0000,30,S,10.8200,10.8000,10.7900,10.7800,10.7700,10.8300,10.8400,10.8500,10.8600,10.8700,154,38,173,151,371,689,458,462,137,61
SZ,002328,2017-01-03 10:32:21,10.8200,1,3246.0000,3,S,10.8200,10.8000,10.7900,10.7800,10.7700,10.8300,10.8400,10.8500,10.8600,10.8700,151,38,173,151,371,689,508,462,137,61
SZ,002328,2017-01-03 10:32:30,10.8200,1,30296.0000,28,S,10.8200,10.8000,10.7900,10.7800,10.7700,10.8300,10.8400,10.8500,10.8600,10.8700,123,38,173,151,371,689,508,462,137,61
SZ,002328,2017-01-03 10:32:36,10.8200,1,21640.0000,20,S,10.8200,10.8000,10.7900,10.7800,10.7700,10.8300,10.8400,10.8500,10.8600,10.8700,114,135,173,151,371,689,508,462,137,61
SZ,002328,2017-01-03 10:32:39,10.8200,1,2164.0000,2,S,10.8200,10.8000,10.7900,10.7800,10.7700,10.8300,10.8400,10.8500,10.8600,10.8700,112,135,173,151,371,689,508,462,137,61
SZ,002328,2017-01-03 10:32:51,10.8300,1,97470.0000,90,B,10.8200,10.8100,10.8000,10.7900,10.7800,10.8300,10.8400,10.8500,10.8600,10.8700,112,45,155,162,151,599,508,462,137,61
SZ,002328,2017-01-03 10:33:24,10.8200,2,332451.0000,307,S,10.8200,10.8100,10.8000,10.7900,10.7800,10.8300,10.8400,10.8500,10.8600,10.8700,51,56,165,166,161,364,262,452,137,61
SZ,002328,2017-01-03 10:33:33,10.8200,1,4328.0000,4,S,10.8200,10.8100,10.8000,10.7900,10.7800,10.8300,10.8400,10.8500,10.8600,10.8700,47,56,165,166,161,364,262,452,137,61
SZ,002328,2017-01-03 10:33:39,10.8200,1,32460.0000,30,S,10.8200,10.8100,10.8000,10.7900,10.7800,10.8300,10.8400,10.8500,10.8600,10.8700,17,56,165,166,161,364,262,457,137,61
SZ,002328,2017-01-03 10:33:45,10.8200,1,14066.0000,13,S,10.8200,10.8100,10.8000,10.7900,10.7800,10.8300,10.8400,10.8500,10.8600,10.8700,4,56,165,166,161,364,262,457,137,61
SZ,002328,2017-01-03 10:33:57,10.8200,2,16230.0000,15,S,10.8200,10.8100,10.8000,10.7900,10.7800,10.8300,10.8400,10.8500,10.8600,10.8700,5,56,165,166,161,364,262,457,137,61
SZ,002328,2017-01-03 10:34:27,10.8200,1,5410.0000,5,S,10.8100,10.8000,10.7900,10.7800,10.7700,10.8200,10.8300,10.8400,10.8500,10.8600,56,165,366,161,371,44,364,262,457,137
SZ,002328,2017-01-03 10:34:57,10.8100,1,5405.0000,5,S,10.8100,10.8000,10.7900,10.7800,10.7700,10.8200,10.8300,10.8400,10.8500,10.8600,51,165,366,161,371,95,364,264,457,142
SZ,002328,2017-01-03 10:35:12,10.8100,1,1081.0000,1,S,10.8100,10.8000,10.7900,10.7800,10.7700,10.8200,10.8300,10.8400,10.8500,10.8600,50,165,366,161,371,104,364,264,457,142
SZ,002328,2017-01-03 10:35:18,10.8100,2,54050.0000,50,S,10.8000,10.7900,10.7800,10.7700,10.7600,10.8200,10.8300,10.8400,10.8500,10.8600,165,366,161,371,307,104,364,264,458,142
SZ,002328,2017-01-03 10:35:51,10.8100,1,21620.0000,20,S,10.8100,10.8000,10.7900,10.7800,10.7700,10.8200,10.8300,10.8400,10.8500,10.8600,205,175,357,161,371,104,33,264,458,142
SZ,002328,2017-01-03 10:36:06,10.8100,2,221605.0000,205,S,10.8000,10.7900,10.7800,10.7700,10.7600,10.8100,10.8200,10.8300,10.8400,10.8500,175,357,161,371,307,112,104,43,264,458
SZ,002328,2017-01-03 10:36:27,10.8000,2,11912.0000,11,S,10.8000,10.7900,10.7800,10.7700,10.7600,10.8100,10.8200,10.8300,10.8400,10.8500,150,352,161,371,307,101,114,43,264,458
SZ,002328,2017-01-03 10:36:33,10.8100,1,63779.0000,59,B,10.8000,10.7900,10.7800,10.7700,10.7600,10.8100,10.8200,10.8300,10.8400,10.8500,150,352,161,371,307,42,114,43,264,458
SZ,002328,2017-01-03 10:36:45,10.8100,2,45402.0000,42,B,10.8100,10.8000,10.7900,10.7800,10.7700,10.8200,10.8300,10.8400,10.8500,10.8600,58,150,352,161,371,114,43,264,458,142
SZ,002328,2017-01-03 10:37:03,10.8100,1,32430.0000,30,S,10.8100,10.8000,10.7900,10.7800,10.7700,10.8200,10.8300,10.8400,10.8500,10.8600,31,150,352,161,371,114,23,269,458,142
SZ,002328,2017-01-03 10:37:18,10.8100,1,21620.0000,20,S,10.8100,10.8000,10.7900,10.7800,10.7700,10.8200,10.8300,10.8400,10.8500,10.8600,21,150,352,161,346,114,22,269,458,142
SZ,002328,2017-01-03 10:37:24,10.8100,2,10810.0000,10,S,10.8100,10.8000,10.7900,10.7800,10.7700,10.8200,10.8300,10.8400,10.8500,10.8600,11,150,352,161,346,114,22,269,458,142
SZ,002328,2017-01-03 10:37:27,10.8100,1,1081.0000,1,S,10.8100,10.8000,10.7900,10.7800,10.7700,10.8200,10.8300,10.8400,10.8500,10.8600,10,150,352,151,346,114,22,269,458,142
SZ,002328,2017-01-03 10:37:39,10.8100,1,2162.0000,2,S,10.8100,10.8000,10.7900,10.7800,10.7700,10.8200,10.8300,10.8400,10.8500,10.8600,8,150,352,151,346,114,22,269,458,142
SZ,002328,2017-01-03 10:38:03,10.8100,1,8648.0000,8,S,10.8000,10.7900,10.7800,10.7700,10.7600,10.8100,10.8200,10.8300,10.8400,10.8500,150,352,151,346,307,4,105,22,269,458
SZ,002328,2017-01-03 10:38:48,10.8000,2,82080.0000,76,S,10.8000,10.7900,10.7800,10.7700,10.7600,10.8100,10.8200,10.8300,10.8400,10.8500,56,352,151,346,307,40,105,17,269,458
SZ,002328,2017-01-03 10:38:54,10.8000,2,19440.0000,18,S,10.8000,10.7900,10.7800,10.7700,10.7600,10.8100,10.8200,10.8300,10.8400,10.8500,38,352,151,346,307,49,105,77,269,458
SZ,002328,2017-01-03 10:39:27,10.8000,4,42099.0000,39,S,10.7900,10.7800,10.7700,10.7600,10.7500,10.8000,10.8100,10.8200,10.8300,10.8400,352,142,346,307,44,111,55,105,87,269
SZ,002328,2017-01-03 10:39:42,10.7900,4,21580.0000,20,S,10.7900,10.7800,10.7700,10.7600,10.7500,10.8000,10.8100,10.8200,10.8300,10.8400,132,142,346,307,44,115,111,105,87,269
SZ,002328,2017-01-03 10:39:57,10.7900,1,10790.0000,10,S,10.7900,10.7800,10.7700,10.7600,10.7500,10.8000,10.8100,10.8200,10.8300,10.8400,121,147,346,307,44,121,111,105,87,269
SZ,002328,2017-01-03 10:40:00,10.7900,1,10790.0000,10,S,10.7900,10.7800,10.7700,10.7600,10.7500,10.8000,10.8100,10.8200,10.8300,10.8400,111,347,346,307,44,117,111,105,87,269
SZ,002328,2017-01-03 10:40:03,10.8000,1,10800.0000,10,B,10.7900,10.7800,10.7700,10.7600,10.7500,10.8000,10.8100,10.8200,10.8300,10.8400,114,347,346,307,44,107,111,105,87,269
SZ,002328,2017-01-03 10:40:09,10.7900,1,10790.0000,10,S,10.7900,10.7800,10.7700,10.7600,10.7500,10.8000,10.8100,10.8200,10.8300,10.8400,104,347,346,307,44,107,111,105,87,269
SZ,002328,2017-01-03 10:40:30,10.7900,1,4316.0000,4,S,10.7900,10.7800,10.7700,10.7600,10.7500,10.8000,10.8100,10.8200,10.8300,10.8400,170,357,346,307,47,112,106,105,87,269
SZ,002328,2017-01-03 10:40:39,10.8000,1,12960.0000,12,B,10.7900,10.7800,10.7700,10.7600,10.7500,10.8000,10.8100,10.8200,10.8300,10.8400,220,357,346,307,47,100,106,105,87,269
SZ,002328,2017-01-03 10:40:45,10.8000,1,11880.0000,11,B,10.7900,10.7800,10.7700,10.7600,10.7500,10.8000,10.8100,10.8200,10.8300,10.8400,220,357,346,307,47,98,106,105,87,269
SZ,002328,2017-01-03 10:40:51,10.7900,2,31302.0000,29,S,10.7900,10.7800,10.7700,10.7600,10.7500,10.8000,10.8100,10.8200,10.8300,10.8400,202,357,346,307,47,92,106,105,87,269
SZ,002328,2017-01-03 10:40:54,10.8000,2,17270.0000,16,B,10.7900,10.7800,10.7700,10.7600,10.7500,10.8000,10.8100,10.8200,10.8300,10.8400,192,357,346,307,47,86,106,105,87,269
SZ,002328,2017-01-03 10:41:15,10.8000,2,12960.0000,12,B,10.7900,10.7800,10.7700,10.7600,10.7500,10.8000,10.8100,10.8200,10.8300,10.8400,250,357,346,307,47,85,106,105,87,279
SZ,002328,2017-01-03 10:41:24,10.8000,1,4320.0000,4,B,10.7900,10.7800,10.7700,10.7600,10.7500,10.8000,10.8100,10.8200,10.8300,10.8400,250,357,346,307,47,86,106,105,87,279
SZ,002328,2017-01-03 10:41:30,10.8000,5,75600.0000,70,B,10.7900,10.7800,10.7700,10.7600,10.7500,10.8000,10.8100,10.8200,10.8300,10.8400,250,357,346,307,47,26,106,105,87,279
SZ,002328,2017-01-03 10:41:45,10.8000,6,85341.0000,79,B,10.8000,10.7900,10.7800,10.7700,10.7600,10.8100,10.8200,10.8300,10.8400,10.8500,120,250,357,346,307,106,105,87,279,453
SZ,002328,2017-01-03 10:41:57,10.8000,6,60526.0000,56,S,10.8000,10.7900,10.7800,10.7700,10.7600,10.8100,10.8200,10.8300,10.8400,10.8500,154,250,362,346,307,65,105,87,279,453
SZ,002328,2017-01-03 10:42:06,10.8000,1,16200.0000,15,S,10.8000,10.7900,10.7800,10.7700,10.7600,10.8100,10.8200,10.8300,10.8400,10.8500,139,192,362,346,307,65,105,87,279,453
SZ,002328,2017-01-03 10:42:15,10.8000,2,109080.0000,101,S,10.8000,10.7900,10.7800,10.7700,10.7600,10.8100,10.8200,10.8300,10.8400,10.8500,38,192,362,346,307,55,105,87,279,453
SZ,002328,2017-01-03 10:42:30,10.8000,1,6480.0000,6,S,10.8000,10.7900,10.7800,10.7700,10.7600,10.8100,10.8200,10.8300,10.8400,10.8500,32,192,362,346,307,55,105,87,279,453
SZ,002328,2017-01-03 10:43:03,10.8000,1,16200.0000,15,S,10.8000,10.7900,10.7800,10.7700,10.7600,10.8100,10.8200,10.8300,10.8400,10.8500,32,72,362,346,307,155,105,87,299,458
SZ,002328,2017-01-03 10:43:39,10.8000,2,35619.0000,33,S,10.7900,10.7800,10.7700,10.7600,10.7500,10.8000,10.8100,10.8200,10.8300,10.8400,72,362,346,307,39,17,55,109,93,299
SZ,002328,2017-01-03 10:44:33,10.7900,1,15106.0000,14,S,10.7900,10.7800,10.7700,10.7600,10.7500,10.8000,10.8100,10.8200,10.8300,10.8400,93,362,346,307,39,38,55,109,93,299
SZ,002328,2017-01-03 10:44:39,10.7900,1,8632.0000,8,S,10.7900,10.7800,10.7700,10.7600,10.7500,10.8000,10.8100,10.8200,10.8300,10.8400,85,362,346,307,39,38,55,109,93,299
SZ,002328,2017-01-03 10:45:00,10.8000,1,10800.0000,10,B,10.7900,10.7800,10.7700,10.7600,10.7500,10.8000,10.8100,10.8200,10.8300,10.8400,85,362,346,307,39,28,55,109,93,299
SZ,002328,2017-01-03 10:45:03,10.8000,2,30261.0000,28,B,10.8000,10.7900,10.7800,10.7700,10.7600,10.8100,10.8200,10.8300,10.8400,10.8500,0,60,362,346,307,55,109,93,299,458
SZ,002328,2017-01-03 10:45:09,10.8000,1,1059.0000,1,S,10.7900,10.7800,10.7700,10.7600,10.7500,10.8000,10.8100,10.8200,10.8300,10.8400,60,362,346,307,39,7,155,109,93,299
SZ,002328,2017-01-03 10:45:39,10.8000,3,10800.0000,10,B,10.7900,10.7800,10.7700,10.7600,10.7500,10.8000,10.8100,10.8200,10.8300,10.8400,59,362,346,307,39,37,155,109,93,299
SZ,002328,2017-01-03 10:45:42,10.8000,1,6480.0000,6,B,10.7900,10.7800,10.7700,10.7600,10.7500,10.8000,10.8100,10.8200,10.8300,10.8400,59,362,346,307,39,31,155,109,93,299
SZ,002328,2017-01-03 10:46:00,10.8000,1,2160.0000,2,B,10.7900,10.7800,10.7700,10.7600,10.7500,10.8000,10.8100,10.8200,10.8300,10.8400,59,362,346,307,39,29,155,109,93,299
SZ,002328,2017-01-03 10:46:03,10.8000,2,31341.0000,29,B,10.8000,10.7900,10.7800,10.7700,10.7600,10.8100,10.8200,10.8300,10.8400,10.8500,92,59,362,346,307,155,109,93,299,458
SZ,002328,2017-01-03 10:46:09,10.8000,1,4320.0000,4,S,10.8000,10.7900,10.7800,10.7700,10.7600,10.8100,10.8200,10.8300,10.8400,10.8500,90,59,362,346,307,155,109,93,299,458
SZ,002328,2017-01-03 10:46:24,10.8000,1,10800.0000,10,S,10.8000,10.7900,10.7800,10.7700,10.7600,10.8100,10.8200,10.8300,10.8400,10.8500,80,59,362,346,307,165,109,93,299,458
SZ,002328,2017-01-03 10:46:48,10.8000,1,6480.0000,6,S,10.8000,10.7900,10.7800,10.7700,10.7600,10.8100,10.8200,10.8300,10.8400,10.8500,285,155,362,346,307,65,109,103,299,458
SZ,002328,2017-01-03 10:46:57,10.8100,3,29187.0000,27,B,10.8000,10.7900,10.7800,10.7700,10.7600,10.8100,10.8200,10.8300,10.8400,10.8500,285,155,362,346,307,38,109,103,299,458
SZ,002328,2017-01-03 10:47:00,10.8100,1,2162.0000,2,B,10.8000,10.7900,10.7800,10.7700,10.7600,10.8100,10.8200,10.8300,10.8400,10.8500,283,155,362,346,307,36,109,103,299,458
SZ,002328,2017-01-03 10:47:30,10.8100,1,2162.0000,2,B,10.8000,10.7900,10.7800,10.7700,10.7600,10.8100,10.8200,10.8300,10.8400,10.8500,283,165,362,346,307,38,109,103,299,458
SZ,002328,2017-01-03 10:47:39,10.8100,4,73508.0000,68,B,10.8100,10.8000,10.7900,10.7800,10.7700,10.8200,10.8300,10.8400,10.8500,10.8600,39,283,165,362,346,109,103,299,458,137
SZ,002328,2017-01-03 10:47:45,10.8100,2,42159.0000,39,S,10.8000,10.7900,10.7800,10.7700,10.7600,10.8100,10.8200,10.8300,10.8400,10.8500,283,165,362,346,307,39,109,103,299,458
SZ,002328,2017-01-03 10:47:54,10.8100,1,5405.0000,5,B,10.8000,10.7900,10.7800,10.7700,10.7600,10.8100,10.8200,10.8300,10.8400,10.8500,283,165,352,346,307,34,109,103,299,458
SZ,002328,2017-01-03 10:48:00,10.8100,1,2162.0000,2,B,10.8000,10.7900,10.7800,10.7700,10.7600,10.8100,10.8200,10.8300,10.8400,10.8500,283,165,352,346,307,32,109,103,299,458
SZ,002328,2017-01-03 10:48:06,10.8100,1,2162.0000,2,B,10.8000,10.7900,10.7800,10.7700,10.7600,10.8100,10.8200,10.8300,10.8400,10.8500,283,165,352,346,307,30,109,103,299,458
SZ,002328,2017-01-03 10:48:30,10.8100,1,5405.0000,5,B,10.8000,10.7900,10.7800,10.7700,10.7600,10.8100,10.8200,10.8300,10.8400,10.8500,283,165,362,346,307,75,109,103,299,458
SZ,002328,2017-01-03 10:49:09,10.8100,1,16215.0000,15,B,10.8000,10.7900,10.7800,10.7700,10.7600,10.8100,10.8200,10.8300,10.8400,10.8500,283,165,392,346,307,120,109,103,299,458
SZ,002328,2017-01-03 10:49:27,10.8100,4,129720.0000,120,B,10.8100,10.8000,10.7900,10.7800,10.7700,10.8200,10.8300,10.8400,10.8500,10.8600,114,284,165,392,346,109,103,299,458,137
SZ,002328,2017-01-03 10:49:36,10.8100,1,9729.0000,9,S,10.8100,10.8000,10.7900,10.7800,10.7700,10.8200,10.8300,10.8400,10.8500,10.8600,105,284,165,392,346,109,103,299,458,137
SZ,002328,2017-01-03 10:49:39,10.8100,1,19458.0000,18,S,10.8100,10.8000,10.7900,10.7800,10.7700,10.8200,10.8300,10.8400,10.8500,10.8600,87,284,165,392,346,109,103,299,458,137
SZ,002328,2017-01-03 10:49:57,10.8100,1,21620.0000,20,S,10.8100,10.8000,10.7900,10.7800,10.7700,10.8200,10.8300,10.8400,10.8500,10.8600,67,84,165,392,346,115,103,299,458,137
SZ,002328,2017-01-03 10:50:18,10.8100,1,10810.0000,10,S,10.8100,10.8000,10.7900,10.7800,10.7700,10.8200,10.8300,10.8400,10.8500,10.8600,57,84,162,392,346,115,103,299,458,137
SZ,002328,2017-01-03 10:50:33,10.8100,1,41078.0000,38,S,10.8100,10.8000,10.7900,10.7800,10.7700,10.8200,10.8300,10.8400,10.8500,10.8600,19,89,162,392,346,115,103,299,458,137
SZ,002328,2017-01-03 10:50:36,10.8100,1,14053.0000,13,S,10.8100,10.8000,10.7900,10.7800,10.7700,10.8200,10.8300,10.8400,10.8500,10.8600,6,89,162,392,346,115,103,299,458,137
SZ,002328,2017-01-03 10:52:33,10.8100,1,6486.0000,6,S,10.8000,10.7900,10.7800,10.7700,10.7600,10.8100,10.8200,10.8300,10.8400,10.8500,94,162,392,715,107,33,175,103,299,458
SZ,002328,2017-01-03 10:53:06,10.8000,1,32400.0000,30,S,10.8000,10.7900,10.7800,10.7700,10.7600,10.8100,10.8200,10.8300,10.8400,10.8500,70,162,392,346,107,88,175,103,299,458
SZ,002328,2017-01-03 10:53:33,10.8000,9,88539.0000,82,S,10.7900,10.7800,10.7700,10.7600,10.7500,10.8000,10.8100,10.8200,10.8300,10.8400,162,392,346,107,31,50,88,175,103,299
SZ,002328,2017-01-03 10:53:39,10.8000,1,54021.0000,50,B,10.8000,10.7900,10.7800,10.7700,10.7600,10.8100,10.8200,10.8300,10.8400,10.8500,149,162,392,346,107,88,175,103,299,458
SZ,002328,2017-01-03 10:54:24,10.8000,1,161979.0000,150,S,10.7900,10.7800,10.7700,10.7600,10.7500,10.8000,10.8100,10.8200,10.8300,10.8400,162,434,346,107,31,20,88,175,103,299
SZ,002328,2017-01-03 10:54:39,10.8000,1,21600.0000,20,B,10.7900,10.7800,10.7700,10.7600,10.7500,10.8000,10.8100,10.8200,10.8300,10.8400,162,434,346,107,31,15,88,175,103,299
SZ,002328,2017-01-03 10:56:15,10.8000,2,4320.0000,4,B,10.7900,10.7800,10.7700,10.7600,10.7500,10.8000,10.8100,10.8200,10.8300,10.8400,262,434,346,107,31,61,98,175,123,299
SZ,002328,2017-01-03 10:56:36,10.7900,3,10790.0000,10,S,10.7900,10.7800,10.7700,10.7600,10.7500,10.8000,10.8100,10.8200,10.8300,10.8400,255,434,346,107,31,96,98,175,123,299
SZ,002328,2017-01-03 10:56:54,10.7900,1,22659.0000,21,S,10.7900,10.7800,10.7700,10.7600,10.7500,10.8000,10.8100,10.8200,10.8300,10.8400,234,434,346,107,31,96,98,175,113,299
SZ,002328,2017-01-03 10:57:00,10.7900,5,78767.0000,73,S,10.7900,10.7800,10.7700,10.7600,10.7500,10.8000,10.8100,10.8200,10.8300,10.8400,166,434,346,107,31,96,58,175,118,299
SZ,002328,2017-01-03 10:57:24,10.8000,3,25921.0000,24,B,10.7900,10.7800,10.7700,10.7600,10.7500,10.8000,10.8100,10.8200,10.8300,10.8400,166,392,346,107,31,122,58,175,118,301
SZ,002328,2017-01-03 10:57:36,10.8000,4,140400.0000,130,B,10.7900,10.7800,10.7700,10.7600,10.7500,10.8000,10.8100,10.8200,10.8300,10.8400,77,392,346,107,31,12,58,177,118,301
SZ,002328,2017-01-03 10:57:51,10.8500,43,785274.0000,725,B,10.7900,10.7800,10.7700,10.7600,10.7500,10.8500,10.8600,10.8700,10.8800,10.8900,82,382,346,107,31,397,127,61,177,271
SZ,002328,2017-01-03 10:58:42,10.8400,1,3252.0000,3,B,10.8100,10.8000,10.7900,10.7800,10.7700,10.8400,10.8500,10.8600,10.8700,10.8800,1,280,168,401,346,116,408,127,61,182
SZ,002328,2017-01-03 10:58:51,10.8400,1,3252.0000,3,B,10.8200,10.8100,10.8000,10.7900,10.7800,10.8400,10.8500,10.8600,10.8700,10.8800,28,1,280,168,401,124,408,127,61,182
SZ,002328,2017-01-03 10:59:24,10.8300,1,10830.0000,10,S,10.8200,10.8100,10.8000,10.7900,10.7800,10.8300,10.8400,10.8500,10.8600,10.8700,38,54,280,168,401,90,104,408,127,71
SZ,002328,2017-01-03 10:59:57,10.8200,1,5410.0000,5,S,10.8200,10.8100,10.8000,10.7900,10.7800,10.8300,10.8400,10.8500,10.8600,10.8700,33,74,181,168,452,110,179,408,127,71
SZ,002328,2017-01-03 11:00:03,10.8300,1,31406.0000,29,B,10.8200,10.8100,10.8000,10.7900,10.7800,10.8300,10.8400,10.8500,10.8600,10.8700,33,74,181,168,452,81,179,408,127,71
SZ,002328,2017-01-03 11:00:18,10.8300,3,87724.0000,81,B,10.8300,10.8200,10.8100,10.8000,10.7900,10.8400,10.8500,10.8600,10.8700,10.8800,216,33,74,107,168,179,408,127,72,179
SZ,002328,2017-01-03 11:00:42,10.8400,7,194036.0000,179,B,10.8400,10.8300,10.8200,10.8100,10.8000,10.8500,10.8600,10.8700,10.8800,10.8900,21,416,33,74,57,408,127,62,179,250
SZ,002328,2017-01-03 11:00:48,10.8400,1,10840.0000,10,S,10.8400,10.8300,10.8200,10.8100,10.8000,10.8500,10.8600,10.8700,10.8800,10.8900,16,416,33,74,57,408,127,62,179,250
SZ,002328,2017-01-03 11:00:57,10.8400,1,1084.0000,1,S,10.8400,10.8300,10.8200,10.8100,10.8000,10.8500,10.8600,10.8700,10.8800,10.8900,119,416,33,74,67,408,127,62,179,250
SZ,002328,2017-01-03 11:01:00,10.8400,1,5420.0000,5,S,10.8400,10.8300,10.8200,10.8100,10.8000,10.8500,10.8600,10.8700,10.8800,10.8900,114,216,33,74,67,408,127,62,179,250
SZ,002328,2017-01-03 11:01:09,10.8500,3,113920.0000,105,B,10.8400,10.8300,10.8200,10.8100,10.8000,10.8500,10.8600,10.8700,10.8800,10.8900,109,216,33,74,67,311,127,62,179,250
SZ,002328,2017-01-03 11:01:15,10.8500,3,7596.0000,7,B,10.8400,10.8300,10.8200,10.8100,10.8000,10.8500,10.8600,10.8700,10.8800,10.8900,109,216,33,74,67,304,127,62,179,250
SZ,002328,2017-01-03 11:01:18,10.8400,17,218084.0000,201,S,10.8400,10.8300,10.8200,10.8100,10.8000,10.8500,10.8600,10.8700,10.8800,10.8900,108,216,33,74,67,104,127,62,179,250
SZ,002328,2017-01-03 11:01:24,10.8500,1,32548.0000,30,B,10.8400,10.8300,10.8200,10.8100,10.8000,10.8500,10.8600,10.8700,10.8800,10.8900,108,216,33,74,67,74,127,62,179,250
SZ,002328,2017-01-03 11:01:27,10.8500,10,107386.0000,99,B,10.8400,10.8300,10.8200,10.8100,10.8000,10.8500,10.8600,10.8700,10.8800,10.8900,78,216,33,74,67,5,127,62,179,250
SZ,002328,2017-01-03 11:01:30,10.8500,3,5426.0000,5,B,10.8500,10.8400,10.8300,10.8200,10.8100,10.8600,10.8700,10.8800,10.8900,10.9000,2,175,216,33,74,127,62,179,250,196
SZ,002328,2017-01-03 11:01:36,10.8400,2,21680.0000,20,S,10.8400,10.8300,10.8200,10.8100,10.8000,10.8600,10.8700,10.8800,10.8900,10.9000,157,216,33,74,67,127,62,179,250,196
SZ,002328,2017-01-03 11:02:00,10.8600,1,10860.0000,10,B,10.8500,10.8400,10.8300,10.8200,10.8100,10.8600,10.8700,10.8800,10.8900,10.9000,66,163,216,33,74,119,103,177,250,196
SZ,002328,2017-01-03 11:02:03,10.8500,1,54252.0000,50,S,10.8500,10.8400,10.8300,10.8200,10.8100,10.8600,10.8700,10.8800,10.8900,10.9000,16,163,216,33,74,115,103,188,250,196
SZ,002328,2017-01-03 11:02:06,10.8500,1,10848.0000,10,S,10.8500,10.8400,10.8300,10.8200,10.8100,10.8600,10.8700,10.8800,10.8900,10.9000,6,163,216,33,74,115,103,188,250,196
SZ,002328,2017-01-03 11:02:21,10.8400,2,10848.0000,10,S,10.8400,10.8300,10.8200,10.8100,10.8000,10.8600,10.8700,10.8800,10.8900,10.9000,169,216,33,73,43,117,103,208,250,196
SZ,002328,2017-01-03 11:02:24,10.8600,1,2172.0000,2,B,10.8500,10.8400,10.8300,10.8200,10.8100,10.8600,10.8700,10.8800,10.8900,10.9000,10,169,216,33,73,115,103,208,240,196
SZ,002328,2017-01-03 11:02:30,10.8500,2,11934.0000,11,S,10.8400,10.8300,10.8200,10.8100,10.8000,10.8500,10.8600,10.8700,10.8800,10.8900,169,216,33,73,43,73,105,103,208,240
SZ,002328,2017-01-03 11:02:33,10.8500,1,54250.0000,50,B,10.8400,10.8300,10.8200,10.8100,10.8000,10.8500,10.8600,10.8700,10.8800,10.8900,169,216,33,73,43,23,105,103,218,240
SZ,002328,2017-01-03 11:02:51,10.8500,1,2170.0000,2,B,10.8400,10.8300,10.8200,10.8100,10.8000,10.8500,10.8600,10.8700,10.8800,10.8900,169,216,73,73,43,71,205,108,218,241
SZ,002328,2017-01-03 11:03:06,10.8500,1,10850.0000,10,B,10.8400,10.8300,10.8200,10.8100,10.8000,10.8500,10.8600,10.8700,10.8800,10.8900,229,216,73,73,43,71,267,108,228,241
SZ,002328,2017-01-03 11:03:15,10.8500,1,6510.0000,6,B,10.8400,10.8300,10.8200,10.8100,10.8000,10.8500,10.8600,10.8700,10.8800,10.8900,229,216,73,73,43,76,267,108,228,241
SZ,002328,2017-01-03 11:03:57,10.8400,3,13018.0000,12,S,10.8400,10.8300,10.8200,10.8100,10.8000,10.8500,10.8600,10.8700,10.8800,10.8900,225,216,73,73,43,75,267,78,228,241
SZ,002328,2017-01-03 11:04:03,10.8500,1,21700.0000,20,B,10.8400,10.8300,10.8200,10.8100,10.8000,10.8500,10.8600,10.8700,10.8800,10.8900,225,216,73,73,43,55,267,177,228,241
SZ,002328,2017-01-03 11:04:09,10.8500,1,2170.0000,2,B,10.8400,10.8300,10.8200,10.8100,10.8000,10.8500,10.8600,10.8700,10.8800,10.8900,225,216,73,73,43,53,287,177,228,241
SZ,002328,2017-01-03 11:04:12,10.8500,6,57818.0000,53,B,10.8500,10.8400,10.8300,10.8200,10.8100,10.8600,10.8700,10.8800,10.8900,10.9000,66,225,216,73,73,287,177,228,241,200
SZ,002328,2017-01-03 11:04:21,10.8500,1,10852.0000,10,S,10.8500,10.8400,10.8300,10.8200,10.8100,10.8600,10.8700,10.8800,10.8900,10.9000,56,225,216,73,73,287,177,228,241,200
SZ,002328,2017-01-03 11:04:24,10.8500,1,32548.0000,30,S,10.8500,10.8400,10.8300,10.8200,10.8100,10.8600,10.8700,10.8800,10.8900,10.9000,46,225,216,73,73,287,177,228,241,200
SZ,002328,2017-01-03 11:04:30,10.8500,2,50682.0000,47,S,10.8400,10.8300,10.8200,10.8100,10.8000,10.8500,10.8600,10.8700,10.8800,10.8900,225,216,73,73,93,3,288,177,228,241
SZ,002328,2017-01-03 11:04:39,10.8500,2,5426.0000,5,B,10.8400,10.8300,10.8200,10.8100,10.8000,10.8500,10.8600,10.8700,10.8800,10.8900,225,216,73,73,93,48,288,177,228,321
SZ,002328,2017-01-03 11:04:54,10.8500,1,4340.0000,4,B,10.8400,10.8300,10.8200,10.8100,10.8000,10.8500,10.8600,10.8700,10.8800,10.8900,225,216,73,73,93,74,288,177,228,321
SZ,002328,2017-01-03 11:04:57,10.8500,1,1084.0000,1,B,10.8400,10.8300,10.8200,10.8100,10.8000,10.8500,10.8600,10.8700,10.8800,10.8900,225,216,73,73,93,73,288,177,228,321
SZ,002328,2017-01-03 11:05:03,10.8400,1,33604.0000,31,S,10.8400,10.8300,10.8200,10.8100,10.8000,10.8500,10.8600,10.8700,10.8800,10.8900,194,216,73,73,93,73,288,177,228,321
SZ,002328,2017-01-03 11:05:24,10.8500,5,84944.0000,78,B,10.8500,10.8400,10.8200,10.8100,10.8000,10.8600,10.8700,10.8800,10.8900,10.9000,136,194,73,73,93,288,177,228,321,200
SZ,002328,2017-01-03 11:05:36,10.8600,1,5430.0000,5,B,10.8500,10.8400,10.8200,10.8100,10.8000,10.8600,10.8700,10.8800,10.8900,10.9000,137,163,73,73,93,283,177,228,321,200
SZ,002328,2017-01-03 11:05:51,10.8600,1,9774.0000,9,B,10.8500,10.8400,10.8300,10.8200,10.8100,10.8600,10.8700,10.8800,10.8900,10.9000,137,163,10,73,73,274,177,228,321,200
SZ,002328,2017-01-03 11:06:06,10.8600,1,8688.0000,8,B,10.8500,10.8400,10.8300,10.8200,10.8100,10.8600,10.8700,10.8800,10.8900,10.9000,136,163,10,73,73,266,177,228,321,200
SZ,002328,2017-01-03 11:06:15,10.8600,1,1086.0000,1,B,10.8500,10.8400,10.8300,10.8200,10.8100,10.8600,10.8700,10.8800,10.8900,10.9000,136,163,10,73,73,270,189,228,321,200
SZ,002328,2017-01-03 11:06:18,10.8500,1,2170.0000,2,S,10.8500,10.8400,10.8300,10.8200,10.8100,10.8600,10.8700,10.8800,10.8900,10.9000,134,163,10,73,73,270,189,228,321,200
SZ,002328,2017-01-03 11:06:21,10.8600,10,298650.0000,275,B,10.8600,10.8500,10.8400,10.8300,10.8200,10.8700,10.8800,10.8900,10.9000,10.9100,2,134,163,10,73,189,228,321,200,30
SZ,002328,2017-01-03 11:06:24,10.8600,1,2172.0000,2,S,10.8500,10.8400,10.8300,10.8200,10.8100,10.8600,10.8700,10.8800,10.8900,10.9000,134,163,10,73,73,8,189,228,321,200
SZ,002328,2017-01-03 11:06:30,10.8600,2,16290.0000,15,B,10.8500,10.8400,10.8300,10.8200,10.8100,10.8600,10.8700,10.8800,10.8900,10.9000,136,163,10,73,53,13,189,228,326,200
SZ,002328,2017-01-03 11:06:45,10.8600,1,8688.0000,8,B,10.8500,10.8400,10.8300,10.8200,10.8100,10.8600,10.8700,10.8800,10.8900,10.9000,136,163,10,73,53,15,189,218,332,200
SZ,002328,2017-01-03 11:06:48,10.8600,3,9774.0000,9,B,10.8500,10.8400,10.8300,10.8200,10.8100,10.8600,10.8700,10.8800,10.8900,10.9000,136,163,10,73,53,6,189,218,332,200
SZ,002328,2017-01-03 11:06:51,10.8600,1,6516.0000,6,B,10.8600,10.8500,10.8400,10.8300,10.8200,10.8700,10.8800,10.8900,10.9000,10.9100,22,136,163,10,73,189,218,332,200,30
SZ,002328,2017-01-03 11:07:00,10.8600,2,16290.0000,15,S,10.8600,10.8500,10.8400,10.8300,10.8200,10.8700,10.8800,10.8900,10.9000,10.9100,37,136,173,10,73,189,228,332,200,30
SZ,002328,2017-01-03 11:07:06,10.8700,1,3260.0000,3,B,10.8600,10.8500,10.8400,10.8300,10.8200,10.8700,10.8800,10.8900,10.9000,10.9100,37,136,173,10,73,196,228,332,200,30
SZ,002328,2017-01-03 11:07:12,10.8700,1,21740.0000,20,B,10.8600,10.8500,10.8400,10.8300,10.8200,10.8700,10.8800,10.8900,10.9000,10.9100,87,136,173,10,73,176,228,332,200,30
SZ,002328,2017-01-03 11:07:24,10.8700,1,1088.0000,1,B,10.8600,10.8500,10.8400,10.8300,10.8200,10.8700,10.8800,10.8900,10.9000,10.9100,107,136,133,10,73,175,228,332,200,30
SZ,002328,2017-01-03 11:07:27,10.8600,2,3258.0000,3,S,10.8600,10.8500,10.8400,10.8300,10.8200,10.8700,10.8800,10.8900,10.9000,10.9100,104,136,133,10,73,175,228,332,200,30
SZ,002328,2017-01-03 11:08:00,10.8700,1,9782.0000,9,B,10.8600,10.8500,10.8400,10.8300,10.8200,10.8700,10.8800,10.8900,10.9000,10.9100,104,136,133,5,73,176,228,397,210,30
SZ,002328,2017-01-03 11:08:09,10.8700,4,77112.0000,71,B,10.8600,10.8500,10.8400,10.8300,10.8200,10.8700,10.8800,10.8900,10.9000,10.9100,39,136,133,5,73,170,228,397,210,30
SZ,002328,2017-01-03 11:08:15,10.8600,1,2172.0000,2,S,10.8600,10.8500,10.8400,10.8300,10.8200,10.8700,10.8800,10.8900,10.9000,10.9100,37,136,133,5,73,170,228,397,210,30
SZ,002328,2017-01-03 11:08:21,10.8600,1,5432.0000,5,S,10.8600,10.8500,10.8400,10.8300,10.8200,10.8700,10.8800,10.8900,10.9000,10.9100,60,136,133,5,73,170,228,397,210,30
SZ,002328,2017-01-03 11:08:27,10.8700,11,184788.0000,170,B,10.8700,10.8600,10.8500,10.8400,10.8300,10.8800,10.8900,10.9000,10.9100,10.9200,73,60,136,133,5,228,397,210,30,56
SZ,002328,2017-01-03 11:08:30,10.8700,1,10872.0000,10,S,10.8700,10.8600,10.8500,10.8400,10.8300,10.8800,10.8900,10.9000,10.9100,10.9200,63,60,136,133,5,228,397,210,30,56
SZ,002328,2017-01-03 11:08:42,10.8700,1,32608.0000,30,S,10.8700,10.8600,10.8500,10.8400,10.8300,10.8800,10.8900,10.9000,10.9100,10.9200,38,60,136,133,5,237,402,210,130,56
SZ,002328,2017-01-03 11:08:51,10.8700,1,35872.0000,33,S,10.8600,10.8500,10.8400,10.8300,10.8200,10.8700,10.8800,10.8900,10.9000,10.9100,60,136,133,5,73,65,237,402,210,130
SZ,002328,2017-01-03 11:08:57,10.8700,1,4348.0000,4,B,10.8600,10.8500,10.8400,10.8300,10.8200,10.8700,10.8800,10.8900,10.9000,10.9100,60,136,133,5,73,111,237,402,210,130
SZ,002328,2017-01-03 11:09:00,10.8700,1,30436.0000,28,B,10.8600,10.8500,10.8400,10.8300,10.8200,10.8700,10.8800,10.8900,10.9000,10.9100,60,136,133,5,73,83,237,402,210,130
SZ,002328,2017-01-03 11:09:06,10.8600,1,5430.0000,5,S,10.8600,10.8500,10.8400,10.8300,10.8200,10.8700,10.8800,10.8900,10.9000,10.9100,55,136,133,5,73,118,237,452,210,130
SZ,002328,2017-01-03 11:09:18,10.8700,1,5434.0000,5,B,10.8600,10.8500,10.8400,10.8300,10.8200,10.8700,10.8800,10.8900,10.9000,10.9100,55,136,133,5,73,110,247,452,230,130
SZ,002328,2017-01-03 11:09:24,10.8600,3,27152.0000,25,S,10.8600,10.8500,10.8400,10.8300,10.8200,10.8700,10.8800,10.8900,10.9000,10.9100,30,136,133,5,73,110,236,452,230,130
SZ,002328,2017-01-03 11:09:30,10.8600,2,32580.0000,30,S,10.8500,10.8400,10.8300,10.8200,10.8100,10.8700,10.8800,10.8900,10.9000,10.9100,137,133,5,73,53,110,246,452,230,130
SZ,002328,2017-01-03 11:10:00,10.8500,1,53164.0000,49,S,10.8500,10.8400,10.8300,10.8200,10.8100,10.8600,10.8700,10.8800,10.8900,10.9000,86,123,5,73,53,25,131,256,452,230
SZ,002328,2017-01-03 11:10:06,10.8600,1,27150.0000,25,B,10.8600,10.8500,10.8400,10.8300,10.8200,10.8700,10.8800,10.8900,10.9000,10.9100,9,86,123,15,73,131,263,452,230,130
SZ,002328,2017-01-03 11:10:18,10.8600,1,9774.0000,9,S,10.8500,10.8400,10.8300,10.8200,10.8100,10.8600,10.8700,10.8800,10.8900,10.9000,86,123,15,73,53,1,131,263,452,230
SZ,002328,2017-01-03 11:10:24,10.8600,2,6516.0000,6,B,10.8600,10.8500,10.8400,10.8300,10.8200,10.8700,10.8800,10.8900,10.9000,10.9100,24,86,123,15,73,149,263,452,230,130
SZ,002328,2017-01-03 11:10:33,10.8600,1,26064.0000,24,S,10.8500,10.8400,10.8300,10.8200,10.8100,10.8600,10.8700,10.8800,10.8900,10.9000,86,123,15,73,53,1,149,263,462,230
SZ,002328,2017-01-03 11:10:45,10.8700,2,10868.0000,10,B,10.8500,10.8400,10.8300,10.8200,10.8100,10.8700,10.8800,10.8900,10.9000,10.9100,86,123,15,78,53,140,263,462,230,130
SZ,002328,2017-01-03 11:10:57,10.8600,1,4344.0000,4,B,10.8500,10.8400,10.8300,10.8200,10.8100,10.8600,10.8700,10.8800,10.8900,10.9000,86,123,15,78,53,6,140,263,462,230
SZ,002328,2017-01-03 11:11:03,10.8600,1,4344.0000,4,B,10.8500,10.8400,10.8300,10.8200,10.8100,10.8600,10.8700,10.8800,10.8900,10.9000,86,123,15,78,53,2,140,263,462,230
SZ,002328,2017-01-03 11:11:09,10.8500,1,5426.0000,5,S,10.8500,10.8400,10.8300,10.8200,10.8100,10.8600,10.8700,10.8800,10.8900,10.9000,81,123,15,78,53,2,140,263,462,230
SZ,002328,2017-01-03 11:11:15,10.8500,1,1086.0000,1,S,10.8500,10.8400,10.8300,10.8200,10.8100,10.8600,10.8700,10.8800,10.8900,10.9000,80,123,15,78,53,2,200,263,462,230
SZ,002328,2017-01-03 11:11:27,10.8600,3,45580.0000,42,B,10.8500,10.8400,10.8300,10.8200,10.8100,10.8700,10.8800,10.8900,10.9000,10.9100,50,123,15,78,53,250,263,462,230,140
SZ,002328,2017-01-03 11:11:45,10.8500,2,55022.0000,51,S,10.8400,10.8300,10.8200,10.8100,10.8000,10.8500,10.8600,10.8700,10.8800,10.8900,123,15,78,3,182,11,37,256,273,462
SZ,002328,2017-01-03 11:12:03,10.8500,1,3254.0000,3,B,10.8400,10.8300,10.8200,10.8100,10.8000,10.8500,10.8600,10.8700,10.8800,10.8900,123,15,78,53,132,113,47,256,273,462
SZ,002328,2017-01-03 11:12:30,10.8400,5,133332.0000,123,B,10.8300,10.8200,10.8100,10.8000,10.7900,10.8400,10.8500,10.8600,10.8700,10.8800,15,78,53,132,67,157,131,61,227,273
SZ,002328,2017-01-03 11:12:42,10.8400,1,1084.0000,1,B,10.8300,10.8200,10.8100,10.8000,10.7900,10.8400,10.8500,10.8600,10.8700,10.8800,15,78,53,132,67,9,131,61,222,273
SZ,002328,2017-01-03 11:12:45,10.8400,1,4336.0000,4,B,10.8300,10.8200,10.8100,10.8000,10.7900,10.8400,10.8500,10.8600,10.8700,10.8800,15,78,53,132,67,5,131,61,192,273
SZ,002328,2017-01-03 11:13:03,10.8300,2,16246.0000,15,S,10.8200,10.8100,10.8000,10.7900,10.7800,10.8400,10.8500,10.8600,10.8700,10.8800,78,128,132,67,443,18,131,61,192,273
SZ,002328,2017-01-03 11:13:24,10.8200,2,10830.0000,10,S,10.8200,10.8100,10.8000,10.7900,10.7800,10.8400,10.8500,10.8600,10.8700,10.8800,73,128,129,67,443,18,131,41,192,254
SZ,002328,2017-01-03 11:13:36,10.8200,1,14066.0000,13,S,10.8200,10.8100,10.8000,10.7900,10.7800,10.8400,10.8500,10.8600,10.8700,10.8800,70,128,129,67,448,26,131,41,192,254
SZ,002328,2017-01-03 11:13:45,10.8400,2,10840.0000,10,B,10.8200,10.8100,10.8000,10.7900,10.7800,10.8400,10.8500,10.8600,10.8700,10.8800,70,128,129,67,448,16,131,41,192,254
SZ,002328,2017-01-03 11:13:51,10.8200,4,75740.0000,70,S,10.8100,10.8000,10.7900,10.7800,10.7700,10.8400,10.8500,10.8600,10.8700,10.8800,128,129,167,448,353,16,131,41,192,254
SZ,002328,2017-01-03 11:14:06,10.8200,1,14066.0000,13,S,10.8200,10.8100,10.8000,10.7900,10.7800,10.8400,10.8500,10.8600,10.8700,10.8800,17,128,129,167,448,16,131,41,192,254
SZ,002328,2017-01-03 11:14:36,10.8200,3,24886.0000,23,S,10.8200,10.8100,10.8000,10.7900,10.7800,10.8300,10.8400,10.8500,10.8600,10.8700,99,64,139,167,448,65,16,31,41,192
SZ,002328,2017-01-03 11:14:39,10.8300,2,54150.0000,50,B,10.8200,10.8100,10.8000,10.7900,10.7800,10.8300,10.8400,10.8500,10.8600,10.8700,99,64,139,167,448,15,16,31,41,192
SZ,002328,2017-01-03 11:14:45,10.8300,1,16244.0000,15,B,10.8300,10.8200,10.8100,10.8000,10.7900,10.8400,10.8500,10.8600,10.8700,10.8800,17,99,64,139,167,16,31,41,192,284
SZ,002328,2017-01-03 11:15:03,10.8400,1,17344.0000,16,B,10.8400,10.8300,10.8200,10.8100,10.8000,10.8500,10.8600,10.8700,10.8800,10.8900,16,102,100,74,139,31,41,192,284,467
