市场代码,证券代码,时间,最新价,成交笔数,成交额,成交量,方向,买一价,买二价,买三价,买四价,买五价,卖一价,卖二价,卖三价,卖四价,卖五价,买一量,买二量,买三量,买四量,买五量,卖一量,卖二量,卖三量,卖四量,卖五量
SZ,002325,2017-01-03 09:25:03,8.0300,4,15257.0000,19,S,8.0300,8.0200,8.0100,8.0000,7.9900,8.0400,8.0500,8.0600,8.0700,8.0800,1432,44,539,74,97,10,79,26,20,77
SZ,002325,2017-01-03 09:30:03,8.0400,8,50703.0000,63,B,8.0400,8.0300,8.0200,8.0100,8.0000,8.0500,8.0600,8.0700,8.0800,8.0900,352,1564,52,535,143,27,26,75,89,228
SZ,002325,2017-01-03 09:30:06,8.0400,1,804.0000,1,S,8.0400,8.0300,8.0200,8.0100,8.0000,8.0500,8.0600,8.0700,8.0800,8.0900,392,1594,52,535,139,27,26,25,89,228
SZ,002325,2017-01-03 09:30:12,8.0500,1,805.0000,1,B,8.0400,8.0300,8.0200,8.0100,8.0000,8.0500,8.0600,8.0700,8.0800,8.0900,449,1600,52,535,139,26,26,25,99,228
SZ,002325,2017-01-03 09:30:21,8.0500,1,805.0000,1,B,8.0400,8.0300,8.0200,8.0100,8.0000,8.0500,8.0600,8.0700,8.0800,8.0900,410,1599,52,535,139,25,26,25,99,228
SZ,002325,2017-01-03 09:30:24,8.0500,1,20125.0000,25,B,8.0500,8.0400,8.0300,8.0200,8.0100,8.0600,8.0700,8.0800,8.0900,8.1000,175,410,1599,52,535,26,25,99,228,85
SZ,002325,2017-01-03 09:30:27,8.0800,5,51635.0000,64,B,8.0500,8.0400,8.0300,8.0200,8.0100,8.0800,8.0900,8.1000,8.1200,8.1300,175,410,1599,52,535,86,228,85,13,12
SZ,002325,2017-01-03 09:30:33,8.0800,1,808.0000,1,B,8.0600,8.0500,8.0400,8.0300,8.0200,8.0800,8.0900,8.1000,8.1200,8.1300,30,175,408,1599,52,85,228,85,13,12
SZ,002325,2017-01-03 09:30:36,8.0500,3,85360.0000,106,S,8.0500,8.0400,8.0300,8.0200,8.0100,8.0800,8.0900,8.1000,8.1200,8.1300,104,406,1599,52,535,85,228,85,13,12
SZ,002325,2017-01-03 09:30:39,8.0500,1,49105.0000,61,S,8.0500,8.0400,8.0300,8.0200,8.0100,8.0700,8.0800,8.0900,8.1000,8.1200,43,406,1599,52,535,25,85,228,85,13
SZ,002325,2017-01-03 09:30:42,8.0700,1,1614.0000,2,B,8.0500,8.0400,8.0300,8.0200,8.0100,8.0700,8.0800,8.0900,8.1000,8.1200,43,406,1599,52,535,23,285,238,85,13
SZ,002325,2017-01-03 09:30:45,8.0700,3,43605.0000,54,B,8.0500,8.0400,8.0300,8.0200,8.0100,8.0700,8.0800,8.0900,8.1000,8.1200,45,406,1599,52,535,29,278,238,85,13
SZ,002325,2017-01-03 09:30:48,8.0700,2,22596.0000,28,B,8.0500,8.0400,8.0300,8.0200,8.0100,8.0700,8.0800,8.0900,8.1000,8.1200,45,406,1599,52,535,2,392,238,85,13
SZ,002325,2017-01-03 09:30:51,8.0800,4,11310.0000,14,B,8.0700,8.0500,8.0400,8.0300,8.0200,8.0800,8.0900,8.1000,8.1200,8.1300,12,45,356,1599,52,550,238,85,13,18
SZ,002325,2017-01-03 09:30:57,8.0700,6,103412.0000,128,S,8.0500,8.0400,8.0300,8.0200,8.0100,8.0700,8.0800,8.0900,8.1000,8.1200,65,351,1599,52,535,338,449,238,95,13
SZ,002325,2017-01-03 09:31:12,8.0700,1,4035.0000,5,B,8.0500,8.0400,8.0300,8.0200,8.0100,8.0700,8.0800,8.0900,8.1000,8.1200,65,351,1689,52,535,439,459,238,66,13
SZ,002325,2017-01-03 09:31:15,8.0600,1,2418.0000,3,S,8.0500,8.0400,8.0300,8.0200,8.0100,8.0600,8.0700,8.0800,8.0900,8.1000,65,351,1689,52,535,27,439,459,238,66
SZ,002325,2017-01-03 09:31:24,8.0500,4,46690.0000,58,S,8.0500,8.0400,8.0300,8.0200,8.0100,8.0600,8.0700,8.0800,8.0900,8.1000,7,351,1689,52,535,71,439,459,275,66
SZ,002325,2017-01-03 09:31:39,8.0500,2,19320.0000,24,S,8.0400,8.0300,8.0200,8.0100,8.0000,8.0500,8.0600,8.0700,8.0800,8.0900,350,1689,52,535,166,26,79,439,571,275
SZ,002325,2017-01-03 09:31:57,8.0400,3,8844.0000,11,S,8.0400,8.0300,8.0200,8.0100,8.0000,8.0500,8.0600,8.0700,8.0800,8.0900,340,1694,102,535,171,181,223,466,571,275
SZ,002325,2017-01-03 09:32:00,8.0500,5,100625.0000,125,B,8.0400,8.0300,8.0200,8.0100,8.0000,8.0500,8.0600,8.0700,8.0800,8.0900,340,1694,102,535,171,56,223,466,571,275
SZ,002325,2017-01-03 09:32:18,8.0500,1,1610.0000,2,B,8.0400,8.0300,8.0200,8.0100,8.0000,8.0500,8.0600,8.0700,8.0800,8.0900,371,1695,102,535,171,114,223,466,571,184
SZ,002325,2017-01-03 09:32:27,8.0400,1,8040.0000,10,S,8.0400,8.0300,8.0200,8.0100,8.0000,8.0500,8.0600,8.0700,8.0800,8.0900,376,1695,102,519,171,114,223,466,571,184
SZ,002325,2017-01-03 09:32:33,8.0400,3,41855.0000,52,S,8.0400,8.0300,8.0200,8.0100,8.0000,8.0500,8.0600,8.0700,8.0800,8.0900,371,1695,102,519,171,67,223,466,571,184
SZ,002325,2017-01-03 09:32:39,8.0400,3,4824.0000,6,S,8.0400,8.0300,8.0200,8.0100,8.0000,8.0500,8.0600,8.0700,8.0800,8.0900,365,1695,102,519,171,67,223,466,581,184
SZ,002325,2017-01-03 09:32:45,8.0500,3,16100.0000,20,B,8.0400,8.0300,8.0200,8.0100,8.0000,8.0500,8.0600,8.0700,8.0800,8.0900,365,1695,102,519,171,47,223,466,581,184
SZ,002325,2017-01-03 09:32:48,8.0500,2,37835.0000,47,B,8.0500,8.0400,8.0300,8.0200,8.0100,8.0600,8.0700,8.0800,8.0900,8.1000,27,365,1695,102,519,223,466,581,184,131
SZ,002325,2017-01-03 09:32:54,8.0500,1,8050.0000,10,S,8.0500,8.0400,8.0300,8.0200,8.0100,8.0600,8.0700,8.0800,8.0900,8.1000,20,365,1695,102,519,323,466,581,184,131
SZ,002325,2017-01-03 09:32:57,8.0500,2,16100.0000,20,S,8.0500,8.0400,8.0300,8.0200,8.0100,8.0600,8.0700,8.0800,8.0900,8.1000,18,365,1695,102,519,323,466,581,184,131
SZ,002325,2017-01-03 09:33:09,8.0500,2,14490.0000,18,S,8.0400,8.0300,8.0200,8.0100,8.0000,8.0500,8.0600,8.0700,8.0800,8.0900,365,1695,96,519,171,102,324,466,591,184
SZ,002325,2017-01-03 09:33:12,8.0500,2,8050.0000,10,B,8.0400,8.0300,8.0200,8.0100,8.0000,8.0500,8.0600,8.0700,8.0800,8.0900,365,1695,96,519,171,92,331,466,591,184
SZ,002325,2017-01-03 09:33:15,8.0500,1,16100.0000,20,B,8.0400,8.0300,8.0200,8.0100,8.0000,8.0500,8.0600,8.0700,8.0800,8.0900,365,1695,96,519,171,72,331,466,591,184
SZ,002325,2017-01-03 09:33:30,8.0400,2,32160.0000,40,S,8.0400,8.0300,8.0200,8.0100,8.0000,8.0500,8.0600,8.0700,8.0800,8.0900,354,1695,96,519,171,72,336,133,641,184
SZ,002325,2017-01-03 09:33:33,8.0500,1,4025.0000,5,B,8.0400,8.0300,8.0200,8.0100,8.0000,8.0500,8.0600,8.0700,8.0800,8.0900,364,1695,96,519,171,67,336,133,641,232
SZ,002325,2017-01-03 09:33:36,8.0500,1,8050.0000,10,B,8.0400,8.0300,8.0200,8.0100,8.0000,8.0500,8.0600,8.0700,8.0800,8.0900,364,1695,96,519,171,57,336,146,641,232
SZ,002325,2017-01-03 09:33:45,8.0500,1,8050.0000,10,B,8.0400,8.0300,8.0200,8.0100,8.0000,8.0500,8.0600,8.0700,8.0800,8.0900,354,1695,96,519,171,47,336,146,641,232
SZ,002325,2017-01-03 09:33:57,8.0400,4,34582.0000,43,S,8.0400,8.0300,8.0200,8.0100,8.0000,8.0500,8.0600,8.0700,8.0800,8.0900,321,1698,96,519,171,58,336,146,661,232
SZ,002325,2017-01-03 09:34:00,8.0500,1,12075.0000,15,B,8.0400,8.0300,8.0200,8.0100,8.0000,8.0500,8.0600,8.0700,8.0800,8.0900,321,1698,96,519,171,43,336,167,661,232
SZ,002325,2017-01-03 09:34:21,8.0500,1,8050.0000,10,B,8.0400,8.0300,8.0200,8.0100,8.0000,8.0500,8.0600,8.0700,8.0800,8.0900,346,1698,96,519,197,40,336,304,661,240
SZ,002325,2017-01-03 09:34:39,8.0500,2,22540.0000,28,B,8.0400,8.0300,8.0200,8.0100,8.0000,8.0500,8.0600,8.0700,8.0800,8.0900,377,1987,101,519,221,32,336,343,661,240
SZ,002325,2017-01-03 09:34:48,8.0500,6,33005.0000,41,B,8.0400,8.0300,8.0200,8.0100,8.0000,8.0500,8.0600,8.0700,8.0800,8.0900,377,1994,101,519,221,91,336,343,661,240
SZ,002325,2017-01-03 09:34:51,8.0500,1,2415.0000,3,B,8.0400,8.0300,8.0200,8.0100,8.0000,8.0500,8.0600,8.0700,8.0800,8.0900,377,1994,101,519,221,88,336,343,661,240
SZ,002325,2017-01-03 09:34:57,8.0500,1,53935.0000,67,B,8.0400,8.0300,8.0200,8.0100,8.0000,8.0500,8.0600,8.0700,8.0800,8.0900,394,1994,101,519,221,21,336,343,661,240
SZ,002325,2017-01-03 09:35:03,8.0400,1,4020.0000,5,S,8.0400,8.0300,8.0200,8.0100,8.0000,8.0500,8.0600,8.0700,8.0800,8.0900,389,1994,101,519,241,48,336,343,661,240
SZ,002325,2017-01-03 09:35:06,8.0500,1,8050.0000,10,B,8.0400,8.0300,8.0200,8.0100,8.0000,8.0500,8.0600,8.0700,8.0800,8.0900,389,1994,101,519,241,38,336,343,661,240
SZ,002325,2017-01-03 09:35:12,8.0500,3,30590.0000,38,B,8.0500,8.0400,8.0300,8.0200,8.0100,8.0600,8.0700,8.0800,8.0900,8.1000,25,390,1994,101,519,336,343,661,240,187
SZ,002325,2017-01-03 09:35:15,8.0500,1,20125.0000,25,S,8.0400,8.0300,8.0200,8.0100,8.0000,8.0500,8.0600,8.0700,8.0800,8.0900,395,1994,101,519,291,15,336,343,661,240
SZ,002325,2017-01-03 09:35:21,8.0500,1,12075.0000,15,B,8.0500,8.0400,8.0300,8.0200,8.0100,8.0600,8.0700,8.0800,8.0900,8.1000,15,395,1994,101,538,336,343,661,240,187
SZ,002325,2017-01-03 09:35:24,8.0600,1,1612.0000,2,B,8.0500,8.0400,8.0300,8.0200,8.0100,8.0600,8.0700,8.0800,8.0900,8.1000,15,395,1994,101,538,334,343,661,240,187
SZ,002325,2017-01-03 09:35:27,8.0500,2,12075.0000,15,S,8.0400,8.0300,8.0200,8.0100,8.0000,8.0600,8.0700,8.0800,8.0900,8.1000,395,1994,101,538,291,334,343,666,240,187
SZ,002325,2017-01-03 09:35:39,8.0400,6,80400.0000,100,S,8.0400,8.0300,8.0200,8.0100,8.0000,8.0500,8.0600,8.0700,8.0800,8.0900,298,1994,101,538,312,130,334,343,666,240
SZ,002325,2017-01-03 09:35:51,8.0500,1,15295.0000,19,B,8.0400,8.0300,8.0200,8.0100,8.0000,8.0500,8.0600,8.0700,8.0800,8.0900,298,1994,101,38,326,111,345,343,683,240
SZ,002325,2017-01-03 09:36:06,8.0500,1,4025.0000,5,B,8.0400,8.0300,8.0200,8.0100,8.0000,8.0500,8.0600,8.0700,8.0800,8.0900,327,2001,101,38,326,111,345,316,683,240
SZ,002325,2017-01-03 09:36:12,8.0500,1,58765.0000,73,B,8.0400,8.0300,8.0200,8.0100,8.0000,8.0500,8.0600,8.0700,8.0800,8.0900,337,2001,101,38,326,40,345,316,683,240
SZ,002325,2017-01-03 09:36:21,8.0500,4,27370.0000,34,B,8.0400,8.0300,8.0200,8.0100,8.0000,8.0500,8.0600,8.0700,8.0800,8.0900,337,2001,101,38,326,33,345,316,683,240
SZ,002325,2017-01-03 09:36:42,8.0500,2,4830.0000,6,B,8.0400,8.0300,8.0200,8.0100,8.0000,8.0500,8.0600,8.0700,8.0800,8.0900,337,2001,101,73,336,182,345,316,693,240
SZ,002325,2017-01-03 09:37:06,8.0500,2,32200.0000,40,B,8.0400,8.0300,8.0200,8.0100,8.0000,8.0500,8.0600,8.0700,8.0800,8.0900,408,2001,101,73,333,175,357,316,693,190
SZ,002325,2017-01-03 09:37:09,8.0500,2,15295.0000,19,B,8.0400,8.0300,8.0200,8.0100,8.0000,8.0500,8.0600,8.0700,8.0800,8.0900,408,2001,101,69,333,156,357,316,693,190
SZ,002325,2017-01-03 09:37:18,8.0500,1,9660.0000,12,B,8.0400,8.0300,8.0200,8.0100,8.0000,8.0500,8.0600,8.0700,8.0800,8.0900,428,1712,101,69,383,147,357,316,693,190
SZ,002325,2017-01-03 09:37:24,8.0500,1,8050.0000,10,B,8.0400,8.0300,8.0200,8.0100,8.0000,8.0500,8.0600,8.0700,8.0800,8.0900,418,1712,101,69,383,141,357,316,693,190
SZ,002325,2017-01-03 09:37:27,8.0500,3,20125.0000,25,B,8.0400,8.0300,8.0200,8.0100,8.0000,8.0500,8.0600,8.0700,8.0800,8.0900,418,1712,101,69,383,116,357,316,693,190
SZ,002325,2017-01-03 09:37:30,8.0500,7,86130.0000,107,B,8.0400,8.0300,8.0200,8.0100,8.0000,8.0500,8.0600,8.0700,8.0800,8.0900,413,1712,101,69,383,14,357,316,693,190
SZ,002325,2017-01-03 09:37:33,8.0500,3,32170.0000,40,B,8.0400,8.0300,8.0200,8.0100,8.0000,8.0500,8.0600,8.0700,8.0800,8.0900,383,1712,101,69,383,114,357,316,693,190
SZ,002325,2017-01-03 09:37:48,8.0500,3,40250.0000,50,B,8.0400,8.0300,8.0200,8.0100,8.0000,8.0500,8.0600,8.0700,8.0800,8.0900,405,1712,101,127,383,89,357,316,563,190
SZ,002325,2017-01-03 09:37:51,8.0500,1,8855.0000,11,B,8.0400,8.0300,8.0200,8.0100,8.0000,8.0500,8.0600,8.0700,8.0800,8.0900,405,1712,101,127,583,78,357,316,563,190
SZ,002325,2017-01-03 09:38:00,8.0500,1,16100.0000,20,B,8.0400,8.0300,8.0200,8.0100,8.0000,8.0500,8.0600,8.0700,8.0800,8.0900,400,1712,101,147,583,61,357,316,563,190
SZ,002325,2017-01-03 09:38:09,8.0500,1,8050.0000,10,B,8.0400,8.0300,8.0200,8.0100,8.0000,8.0500,8.0600,8.0700,8.0800,8.0900,400,1715,101,147,583,197,357,316,563,190
SZ,002325,2017-01-03 09:38:12,8.0500,2,12075.0000,15,B,8.0400,8.0300,8.0200,8.0100,8.0000,8.0500,8.0600,8.0700,8.0800,8.0900,400,1715,101,147,588,182,357,316,563,190
SZ,002325,2017-01-03 09:38:15,8.0500,5,45080.0000,56,B,8.0400,8.0300,8.0200,8.0100,8.0000,8.0500,8.0600,8.0700,8.0800,8.0900,420,1715,101,147,588,126,357,316,563,190
SZ,002325,2017-01-03 09:38:30,8.0500,1,2415.0000,3,B,8.0400,8.0300,8.0200,8.0100,8.0000,8.0500,8.0600,8.0700,8.0800,8.0900,420,1715,101,147,588,201,357,316,563,290
SZ,002325,2017-01-03 09:38:33,8.0400,1,5628.0000,7,S,8.0400,8.0300,8.0200,8.0100,8.0000,8.0500,8.0600,8.0700,8.0800,8.0900,413,1715,101,147,588,201,357,316,563,290
SZ,002325,2017-01-03 09:38:39,8.0500,1,63595.0000,79,B,8.0400,8.0300,8.0200,8.0100,8.0000,8.0500,8.0600,8.0700,8.0800,8.0900,413,1715,101,147,588,172,357,189,563,290
SZ,002325,2017-01-03 09:38:45,8.0500,1,10465.0000,13,B,8.0400,8.0300,8.0200,8.0100,8.0000,8.0500,8.0600,8.0700,8.0800,8.0900,413,1715,101,147,591,219,357,150,653,290
SZ,002325,2017-01-03 09:38:48,8.0500,1,9660.0000,12,B,8.0400,8.0300,8.0200,8.0100,8.0000,8.0500,8.0600,8.0700,8.0800,8.0900,416,1715,101,147,591,334,357,150,653,290
SZ,002325,2017-01-03 09:38:57,8.0500,2,17710.0000,22,B,8.0400,8.0300,8.0200,8.0100,8.0000,8.0500,8.0600,8.0700,8.0800,8.0900,416,1725,105,147,591,367,357,150,653,290
SZ,002325,2017-01-03 09:39:15,8.0500,9,295435.0000,367,B,8.0500,8.0400,8.0300,8.0200,8.0100,8.0600,8.0700,8.0800,8.0900,8.1000,259,399,1725,105,147,357,150,653,290,308
SZ,002325,2017-01-03 09:39:21,8.0500,1,2415.0000,3,S,8.0500,8.0400,8.0300,8.0200,8.0100,8.0600,8.0700,8.0800,8.0900,8.1000,266,466,1737,108,147,357,150,653,290,308
SZ,002325,2017-01-03 09:39:45,8.0600,2,13702.0000,17,B,8.0500,8.0400,8.0300,8.0200,8.0100,8.0600,8.0700,8.0800,8.0900,8.1000,296,466,1743,108,147,430,180,636,290,308
SZ,002325,2017-01-03 09:39:48,8.0500,1,127995.0000,159,S,8.0500,8.0400,8.0300,8.0200,8.0100,8.0600,8.0700,8.0800,8.0900,8.1000,137,466,1743,108,147,430,180,636,290,308
SZ,002325,2017-01-03 09:39:54,8.0600,4,45106.0000,56,B,8.0500,8.0400,8.0300,8.0200,8.0100,8.0600,8.0700,8.0800,8.0900,8.1000,108,466,1743,108,147,404,180,636,290,308
SZ,002325,2017-01-03 09:39:57,8.0800,36,984772.0000,1220,B,8.0800,8.0500,8.0400,8.0300,8.0200,8.0900,8.1000,8.1100,8.1200,8.1300,780,108,466,1743,108,290,308,50,119,44
SZ,002325,2017-01-03 09:40:03,8.0800,1,32320.0000,40,S,8.0800,8.0600,8.0500,8.0400,8.0300,8.0900,8.1000,8.1100,8.1200,8.1300,740,1,208,471,1743,190,308,50,119,44
SZ,002325,2017-01-03 09:40:15,8.0800,1,242400.0000,300,S,8.0800,8.0600,8.0500,8.0400,8.0300,8.0900,8.1000,8.1100,8.1200,8.1300,440,39,208,471,416,342,308,50,119,44
SZ,002325,2017-01-03 09:40:18,8.0800,1,40400.0000,50,S,8.0800,8.0600,8.0500,8.0400,8.0300,8.0900,8.1000,8.1100,8.1200,8.1300,390,39,208,471,416,342,308,50,119,64
SZ,002325,2017-01-03 09:40:24,8.0800,14,182804.0000,226,S,8.0800,8.0600,8.0500,8.0400,8.0300,8.0900,8.1000,8.1100,8.1200,8.1300,360,47,209,471,416,146,308,50,119,64
SZ,002325,2017-01-03 09:40:27,8.0800,1,242400.0000,300,S,8.0800,8.0600,8.0500,8.0400,8.0300,8.0900,8.1000,8.1100,8.1200,8.1300,60,47,199,471,416,146,308,50,133,64
SZ,002325,2017-01-03 09:40:30,8.0900,2,20203.0000,25,B,8.0800,8.0600,8.0500,8.0400,8.0300,8.0900,8.1000,8.1100,8.1200,8.1300,38,47,249,471,416,143,308,50,133,64
SZ,002325,2017-01-03 09:40:33,8.0800,1,8080.0000,10,S,8.0800,8.0600,8.0500,8.0400,8.0300,8.0900,8.1000,8.1100,8.1200,8.1300,28,47,249,471,416,143,308,50,133,64
SZ,002325,2017-01-03 09:40:42,8.0900,3,137480.0000,170,B,8.0600,8.0500,8.0400,8.0300,8.0200,8.0900,8.1000,8.1100,8.1200,8.1300,9,249,471,488,108,23,308,50,133,64
SZ,002325,2017-01-03 09:40:48,8.0800,1,16160.0000,20,B,8.0800,8.0600,8.0500,8.0400,8.0300,8.0900,8.1000,8.1100,8.1200,8.1300,12,9,249,471,488,23,308,80,133,64
SZ,002325,2017-01-03 09:41:03,8.0900,1,7281.0000,9,B,8.0800,8.0600,8.0500,8.0400,8.0300,8.0900,8.1000,8.1100,8.1200,8.1300,22,89,239,466,478,42,320,80,128,64
SZ,002325,2017-01-03 09:41:09,8.0800,2,17776.0000,22,S,8.0600,8.0500,8.0400,8.0300,8.0200,8.0800,8.0900,8.1000,8.1100,8.1200,81,245,466,486,130,71,462,316,80,128
SZ,002325,2017-01-03 09:41:15,8.0800,2,3232.0000,4,B,8.0600,8.0500,8.0400,8.0300,8.0200,8.0800,8.0900,8.1000,8.1100,8.1200,81,245,466,480,130,67,708,316,92,228
SZ,002325,2017-01-03 09:41:24,8.0800,1,7272.0000,9,B,8.0600,8.0500,8.0400,8.0300,8.0200,8.0800,8.0900,8.1000,8.1100,8.1200,106,250,461,480,130,78,522,316,92,228
SZ,002325,2017-01-03 09:41:51,8.0700,2,8877.0000,11,S,8.0700,8.0600,8.0500,8.0400,8.0300,8.0800,8.0900,8.1000,8.1100,8.1200,12,115,401,461,490,598,319,346,250,232
SZ,002325,2017-01-03 09:41:57,8.0600,4,33920.0000,42,S,8.0600,8.0500,8.0400,8.0300,8.0200,8.0800,8.0900,8.1000,8.1100,8.1200,84,401,481,490,130,628,331,346,250,232
SZ,002325,2017-01-03 09:42:00,8.0800,1,14544.0000,18,B,8.0600,8.0500,8.0400,8.0300,8.0200,8.0800,8.0900,8.1000,8.1100,8.1200,84,401,481,490,130,610,331,346,250,232
SZ,002325,2017-01-03 09:42:15,8.0700,1,11298.0000,14,B,8.0600,8.0500,8.0400,8.0300,8.0200,8.0700,8.0800,8.0900,8.1000,8.1100,108,406,481,490,130,186,710,341,346,250
SZ,002325,2017-01-03 09:42:18,8.0700,3,40350.0000,50,B,8.0600,8.0500,8.0400,8.0300,8.0200,8.0700,8.0800,8.0900,8.1000,8.1100,108,406,481,495,130,136,810,341,346,250
SZ,002325,2017-01-03 09:42:24,8.0700,1,1614.0000,2,B,8.0600,8.0500,8.0400,8.0300,8.0200,8.0700,8.0800,8.0900,8.1000,8.1100,108,406,481,495,130,134,842,341,346,250
SZ,002325,2017-01-03 09:42:27,8.0700,1,70209.0000,87,B,8.0600,8.0500,8.0400,8.0300,8.0200,8.0700,8.0800,8.0900,8.1000,8.1100,108,406,481,495,130,72,822,341,346,250
SZ,002325,2017-01-03 09:42:30,8.0700,1,8070.0000,10,B,8.0600,8.0500,8.0400,8.0300,8.0200,8.0700,8.0800,8.0900,8.1000,8.1100,108,406,481,495,130,62,822,341,346,250
SZ,002325,2017-01-03 09:42:36,8.0700,2,17754.0000,22,B,8.0600,8.0500,8.0400,8.0300,8.0200,8.0700,8.0800,8.0900,8.1000,8.1100,107,426,464,495,130,40,732,341,346,250
SZ,002325,2017-01-03 09:42:39,8.0700,2,16140.0000,20,B,8.0600,8.0500,8.0400,8.0300,8.0200,8.0700,8.0800,8.0900,8.1000,8.1100,83,426,464,495,130,20,632,358,346,250
SZ,002325,2017-01-03 09:42:42,8.0700,3,7262.0000,9,B,8.0600,8.0500,8.0400,8.0300,8.0200,8.0700,8.0800,8.0900,8.1000,8.1100,82,426,464,495,130,12,632,358,346,250
SZ,002325,2017-01-03 09:42:45,8.0700,1,9684.0000,12,B,8.0700,8.0600,8.0500,8.0400,8.0300,8.0800,8.0900,8.1000,8.1100,8.1200,47,82,426,464,495,632,358,346,250,232
SZ,002325,2017-01-03 09:42:51,8.0700,3,64512.0000,80,S,8.0700,8.0600,8.0500,8.0400,8.0300,8.0800,8.0900,8.1000,8.1100,8.1200,8,82,431,437,495,632,358,396,250,232
SZ,002325,2017-01-03 09:42:57,8.0800,1,20200.0000,25,B,8.0700,8.0600,8.0500,8.0400,8.0300,8.0800,8.0900,8.1000,8.1100,8.1200,8,93,431,437,585,607,358,396,250,232
SZ,002325,2017-01-03 09:43:00,8.0800,2,19392.0000,24,B,8.0700,8.0600,8.0500,8.0400,8.0300,8.0800,8.0900,8.1000,8.1100,8.1200,164,118,431,437,585,583,358,396,250,232
SZ,002325,2017-01-03 09:43:09,8.0800,3,32285.0000,40,B,8.0700,8.0600,8.0500,8.0400,8.0300,8.0800,8.0900,8.1000,8.1100,8.1200,172,171,431,433,585,568,339,396,250,232
SZ,002325,2017-01-03 09:43:12,8.0800,1,1616.0000,2,B,8.0700,8.0600,8.0500,8.0400,8.0300,8.0800,8.0900,8.1000,8.1100,8.1200,172,171,431,433,585,566,339,396,250,232
SZ,002325,2017-01-03 09:43:18,8.0700,5,140466.0000,174,S,8.0600,8.0500,8.0400,8.0300,8.0200,8.0700,8.0800,8.0900,8.1000,8.1100,171,431,433,585,130,107,571,339,396,250
SZ,002325,2017-01-03 09:43:33,8.0700,1,8070.0000,10,B,8.0600,8.0500,8.0400,8.0300,8.0200,8.0700,8.0800,8.0900,8.1000,8.1100,191,431,433,585,130,97,506,339,396,250
SZ,002325,2017-01-03 09:43:36,8.0800,6,242303.0000,300,B,8.0700,8.0600,8.0500,8.0400,8.0300,8.0800,8.0900,8.1000,8.1100,8.1200,1,201,451,433,585,304,339,396,250,232
SZ,002325,2017-01-03 09:43:42,8.0600,10,80762.0000,100,S,8.0600,8.0500,8.0400,8.0300,8.0200,8.0800,8.0900,8.1000,8.1100,8.1200,102,451,433,590,140,304,319,396,250,232
SZ,002325,2017-01-03 09:43:51,8.0700,1,807.0000,1,S,8.0600,8.0500,8.0400,8.0300,8.0200,8.0700,8.0800,8.0900,8.1000,8.1100,213,451,433,590,140,66,454,302,416,250
SZ,002325,2017-01-03 09:44:03,8.0700,2,15333.0000,19,B,8.0600,8.0500,8.0400,8.0300,8.0200,8.0700,8.0800,8.0900,8.1000,8.1100,216,451,433,610,140,371,456,302,416,250
SZ,002325,2017-01-03 09:44:06,8.0700,2,5649.0000,7,B,8.0600,8.0500,8.0400,8.0300,8.0200,8.0700,8.0800,8.0900,8.1000,8.1100,216,451,433,610,90,364,456,302,416,250
SZ,002325,2017-01-03 09:44:09,8.0600,1,4030.0000,5,S,8.0600,8.0500,8.0400,8.0300,8.0200,8.0700,8.0800,8.0900,8.1000,8.1100,261,451,433,610,90,364,456,302,416,250
SZ,002325,2017-01-03 09:44:12,8.0700,3,45999.0000,57,B,8.0600,8.0500,8.0400,8.0300,8.0200,8.0700,8.0800,8.0900,8.1000,8.1100,261,451,483,610,90,317,456,302,416,250
SZ,002325,2017-01-03 09:44:21,8.0700,4,33062.0000,41,B,8.0600,8.0500,8.0400,8.0300,8.0200,8.0700,8.0800,8.0900,8.1000,8.1100,274,446,433,615,90,301,496,302,416,250
SZ,002325,2017-01-03 09:44:24,8.0600,1,24180.0000,30,S,8.0600,8.0500,8.0400,8.0300,8.0200,8.0700,8.0800,8.0900,8.1000,8.1100,244,446,433,615,90,317,496,302,416,250
SZ,002325,2017-01-03 09:44:51,8.0700,2,80700.0000,100,B,8.0600,8.0500,8.0400,8.0300,8.0200,8.0700,8.0800,8.0900,8.1000,8.1100,426,583,443,615,90,249,511,302,424,250
SZ,002325,2017-01-03 09:44:57,8.0700,2,17754.0000,22,B,8.0600,8.0500,8.0400,8.0300,8.0200,8.0700,8.0800,8.0900,8.1000,8.1100,426,583,443,615,90,227,511,302,424,250
SZ,002325,2017-01-03 09:45:00,8.0700,3,150102.0000,186,B,8.0600,8.0500,8.0400,8.0300,8.0200,8.0700,8.0800,8.0900,8.1000,8.1100,426,583,443,615,90,41,511,302,424,250
SZ,002325,2017-01-03 09:45:03,8.0600,7,44072.0000,55,S,8.0600,8.0500,8.0400,8.0300,8.0200,8.0700,8.0800,8.0900,8.1000,8.1100,372,583,443,615,90,63,511,302,424,250
SZ,002325,2017-01-03 09:45:06,8.0700,2,6456.0000,8,B,8.0600,8.0500,8.0400,8.0300,8.0200,8.0700,8.0800,8.0900,8.1000,8.1100,372,583,443,615,90,55,511,302,424,250
SZ,002325,2017-01-03 09:45:12,8.0600,1,4030.0000,5,S,8.0600,8.0500,8.0400,8.0300,8.0200,8.0700,8.0800,8.0900,8.1000,8.1100,367,583,443,615,90,75,511,302,424,250
SZ,002325,2017-01-03 09:45:21,8.0700,2,8070.0000,10,B,8.0600,8.0500,8.0400,8.0300,8.0200,8.0700,8.0800,8.0900,8.1000,8.1100,301,583,443,615,90,384,361,302,424,250
SZ,002325,2017-01-03 09:45:27,8.0700,3,24210.0000,30,B,8.0600,8.0500,8.0400,8.0300,8.0200,8.0700,8.0800,8.0900,8.1000,8.1100,301,583,443,615,90,454,363,302,439,250
SZ,002325,2017-01-03 09:45:33,8.0700,1,807.0000,1,B,8.0600,8.0500,8.0400,8.0300,8.0200,8.0700,8.0800,8.0900,8.1000,8.1100,301,583,443,615,90,463,363,302,439,250
SZ,002325,2017-01-03 09:45:36,8.0700,5,48420.0000,60,B,8.0600,8.0500,8.0400,8.0300,8.0200,8.0700,8.0800,8.0900,8.1000,8.1100,335,583,443,615,90,403,363,302,439,250
SZ,002325,2017-01-03 09:45:39,8.0700,1,39543.0000,49,B,8.0600,8.0500,8.0400,8.0300,8.0200,8.0700,8.0800,8.0900,8.1000,8.1100,347,583,443,615,90,354,363,302,439,250
SZ,002325,2017-01-03 09:45:45,8.0700,1,807.0000,1,B,8.0600,8.0500,8.0400,8.0300,8.0200,8.0700,8.0800,8.0900,8.1000,8.1100,347,583,443,615,90,353,363,302,439,250
SZ,002325,2017-01-03 09:45:48,8.0600,15,279682.0000,347,S,8.0500,8.0400,8.0300,8.0200,8.0100,8.0600,8.0700,8.0800,8.0900,8.1000,583,443,615,90,242,22,353,363,302,439
SZ,002325,2017-01-03 09:45:54,8.0600,1,806.0000,1,B,8.0500,8.0400,8.0300,8.0200,8.0100,8.0600,8.0700,8.0800,8.0900,8.1000,583,443,615,90,242,21,353,363,302,448
SZ,002325,2017-01-03 09:45:57,8.0600,2,16926.0000,21,B,8.0600,8.0500,8.0400,8.0300,8.0200,8.0700,8.0800,8.0900,8.1000,8.1100,47,583,443,615,90,353,363,302,452,250
SZ,002325,2017-01-03 09:46:00,8.0700,1,25824.0000,32,B,8.0600,8.0500,8.0400,8.0300,8.0200,8.0700,8.0800,8.0900,8.1000,8.1100,109,583,443,615,90,321,363,302,452,250
SZ,002325,2017-01-03 09:46:03,8.0700,4,172698.0000,214,B,8.0600,8.0500,8.0400,8.0300,8.0200,8.0700,8.0800,8.0900,8.1000,8.1100,109,583,443,615,90,107,363,302,452,250
SZ,002325,2017-01-03 09:46:15,8.0600,1,32240.0000,40,S,8.0600,8.0500,8.0400,8.0300,8.0200,8.0700,8.0800,8.0900,8.1000,8.1100,70,591,443,615,85,107,363,302,550,250
SZ,002325,2017-01-03 09:46:21,8.0600,4,56420.0000,70,S,8.0500,8.0400,8.0300,8.0200,8.0100,8.0700,8.0800,8.0900,8.1000,8.1100,611,443,615,85,174,107,363,302,550,250
SZ,002325,2017-01-03 09:46:24,8.0800,4,201892.0000,250,B,8.0500,8.0400,8.0300,8.0200,8.0100,8.0800,8.0900,8.1000,8.1100,8.1200,621,443,615,85,174,221,302,550,250,251
SZ,002325,2017-01-03 09:46:36,8.0700,1,807.0000,1,S,8.0600,8.0500,8.0400,8.0300,8.0200,8.0700,8.0800,8.0900,8.1000,8.1100,36,622,493,615,85,124,226,307,550,250
SZ,002325,2017-01-03 09:46:42,8.0700,1,80700.0000,100,B,8.0600,8.0500,8.0400,8.0300,8.0200,8.0700,8.0800,8.0900,8.1000,8.1100,36,822,493,615,85,24,226,307,550,250
SZ,002325,2017-01-03 09:46:54,8.0700,4,28245.0000,35,B,8.0600,8.0500,8.0400,8.0300,8.0200,8.0700,8.0800,8.0900,8.1000,8.1100,172,873,493,615,86,265,226,307,550,250
SZ,002325,2017-01-03 09:46:57,8.0700,2,214468.0000,266,B,8.0700,8.0600,8.0500,8.0400,8.0300,8.0800,8.0900,8.1000,8.1100,8.1200,234,172,873,494,615,226,307,550,250,251
SZ,002325,2017-01-03 09:47:00,8.0800,1,1616.0000,2,B,8.0700,8.0600,8.0500,8.0400,8.0300,8.0800,8.0900,8.1000,8.1100,8.1200,234,2240,873,494,615,224,307,550,250,251
SZ,002325,2017-01-03 09:47:30,8.0700,1,807.0000,1,S,8.0700,8.0600,8.0500,8.0400,8.0300,8.0800,8.0900,8.1000,8.1100,8.1200,305,2241,904,488,591,219,337,550,250,251
SZ,002325,2017-01-03 09:47:33,8.0800,1,19392.0000,24,B,8.0700,8.0600,8.0500,8.0400,8.0300,8.0800,8.0900,8.1000,8.1100,8.1200,305,2241,904,483,561,195,337,550,250,251
SZ,002325,2017-01-03 09:47:36,8.0800,2,16160.0000,20,B,8.0700,8.0600,8.0500,8.0400,8.0300,8.0800,8.0900,8.1000,8.1100,8.1200,305,2241,904,483,561,225,337,550,250,251
SZ,002325,2017-01-03 09:47:39,8.0800,1,3232.0000,4,B,8.0700,8.0600,8.0500,8.0400,8.0300,8.0800,8.0900,8.1000,8.1100,8.1200,305,2241,904,483,561,221,337,550,250,251
SZ,002325,2017-01-03 09:47:45,8.0800,3,56560.0000,70,B,8.0700,8.0600,8.0500,8.0400,8.0300,8.0800,8.0900,8.1000,8.1100,8.1200,311,2241,904,483,561,153,337,550,250,251
SZ,002325,2017-01-03 09:47:48,8.0700,6,251171.0000,311,S,8.0600,8.0500,8.0400,8.0300,8.0200,8.0700,8.0800,8.0900,8.1000,8.1100,2241,904,483,561,78,56,153,337,550,250
SZ,002325,2017-01-03 09:47:51,8.0700,1,807.0000,1,B,8.0600,8.0500,8.0400,8.0300,8.0200,8.0700,8.0800,8.0900,8.1000,8.1100,2241,914,483,561,78,55,153,397,550,260
SZ,002325,2017-01-03 09:47:54,8.0700,2,34701.0000,43,B,8.0600,8.0500,8.0400,8.0300,8.0200,8.0700,8.0800,8.0900,8.1000,8.1100,2241,914,483,561,83,12,197,397,550,260
SZ,002325,2017-01-03 09:48:00,8.0600,1,1612.0000,2,S,8.0600,8.0500,8.0400,8.0300,8.0200,8.0700,8.0800,8.0900,8.1000,8.1100,2239,914,483,561,83,12,197,397,550,260
SZ,002325,2017-01-03 09:48:03,8.0600,2,11284.0000,14,S,8.0600,8.0500,8.0400,8.0300,8.0200,8.0700,8.0800,8.0900,8.1000,8.1100,2225,914,483,561,83,12,197,405,550,260
SZ,002325,2017-01-03 09:48:09,8.0700,1,10297.0000,13,B,8.0700,8.0600,8.0500,8.0400,8.0300,8.0800,8.0900,8.1000,8.1100,8.1200,87,2225,914,483,561,197,405,550,260,251
SZ,002325,2017-01-03 09:48:12,8.0700,1,1614.0000,2,S,8.0700,8.0600,8.0500,8.0400,8.0300,8.0800,8.0900,8.1000,8.1100,8.1200,95,2225,914,483,561,197,405,550,260,251
SZ,002325,2017-01-03 09:48:18,8.0800,1,808.0000,1,B,8.0700,8.0600,8.0500,8.0400,8.0300,8.0800,8.0900,8.1000,8.1100,8.1200,130,2225,914,483,561,196,400,550,260,251
SZ,002325,2017-01-03 09:48:21,8.0700,1,4035.0000,5,S,8.0700,8.0600,8.0500,8.0400,8.0300,8.0800,8.0900,8.1000,8.1100,8.1200,125,2225,914,483,561,226,400,550,260,251
SZ,002325,2017-01-03 09:48:36,8.0800,1,1616.0000,2,B,8.0700,8.0600,8.0500,8.0400,8.0300,8.0800,8.0900,8.1000,8.1100,8.1200,195,2247,948,483,561,230,400,550,260,251
SZ,002325,2017-01-03 09:48:42,8.0700,1,36533.0000,45,S,8.0700,8.0600,8.0500,8.0400,8.0300,8.0800,8.0900,8.1000,8.1100,8.1200,149,2247,948,483,561,244,400,550,260,251
SZ,002325,2017-01-03 09:48:48,8.0700,4,54876.0000,68,S,8.0700,8.0600,8.0500,8.0400,8.0300,8.0800,8.0900,8.1000,8.1100,8.1200,31,2247,968,483,561,244,400,550,260,251
SZ,002325,2017-01-03 09:48:54,8.0700,2,11298.0000,14,S,8.0700,8.0600,8.0500,8.0400,8.0300,8.0800,8.0900,8.1000,8.1100,8.1200,17,2247,968,483,561,244,400,550,260,251
SZ,002325,2017-01-03 09:49:06,8.0800,2,2424.0000,3,B,8.0700,8.0600,8.0500,8.0400,8.0300,8.0800,8.0900,8.1000,8.1100,8.1200,17,2247,968,483,561,308,400,535,260,251
SZ,002325,2017-01-03 09:49:15,8.0800,1,808.0000,1,B,8.0700,8.0600,8.0500,8.0400,8.0300,8.0800,8.0900,8.1000,8.1100,8.1200,26,2247,968,483,571,317,400,535,260,251
SZ,002325,2017-01-03 09:49:27,8.0700,3,23379.0000,29,S,8.0600,8.0500,8.0400,8.0300,8.0200,8.0700,8.0800,8.0900,8.1000,8.1100,2247,968,483,571,83,19,327,400,535,260
SZ,002325,2017-01-03 09:49:36,8.0700,1,16083.0000,20,B,8.0700,8.0600,8.0500,8.0400,8.0300,8.0800,8.0900,8.1000,8.1100,8.1200,8,2243,968,483,571,327,380,535,260,253
SZ,002325,2017-01-03 09:49:39,8.0800,2,8080.0000,10,B,8.0700,8.0600,8.0500,8.0400,8.0300,8.0800,8.0900,8.1000,8.1100,8.1200,112,2273,968,483,575,337,380,535,260,253
SZ,002325,2017-01-03 09:49:42,8.0800,1,808.0000,1,B,8.0700,8.0600,8.0500,8.0400,8.0300,8.0800,8.0900,8.1000,8.1100,8.1200,162,2273,968,483,575,336,380,535,260,253
SZ,002325,2017-01-03 09:49:57,8.0800,2,12120.0000,15,B,8.0700,8.0600,8.0500,8.0400,8.0300,8.0800,8.0900,8.1000,8.1100,8.1200,221,2268,944,483,575,375,380,536,260,253
SZ,002325,2017-01-03 09:50:00,8.0700,1,2421.0000,3,S,8.0700,8.0600,8.0500,8.0400,8.0300,8.0800,8.0900,8.1000,8.1100,8.1200,220,2238,944,483,575,395,400,536,260,253
SZ,002325,2017-01-03 09:50:06,8.0700,1,3228.0000,4,S,8.0700,8.0600,8.0500,8.0400,8.0300,8.0800,8.0900,8.1000,8.1100,8.1200,216,2238,994,483,575,395,400,536,260,253
SZ,002325,2017-01-03 09:50:09,8.0800,1,4848.0000,6,B,8.0700,8.0600,8.0500,8.0400,8.0300,8.0800,8.0900,8.1000,8.1100,8.1200,216,2238,994,483,575,389,400,536,260,253
SZ,002325,2017-01-03 09:50:12,8.0700,5,65958.0000,82,S,8.0700,8.0600,8.0500,8.0400,8.0300,8.0800,8.0900,8.1000,8.1100,8.1200,144,2238,994,483,575,379,400,536,260,253
SZ,002325,2017-01-03 09:50:18,8.0800,1,4040.0000,5,B,8.0700,8.0600,8.0500,8.0400,8.0300,8.0800,8.0900,8.1000,8.1100,8.1200,149,2238,994,483,575,374,400,536,260,253
SZ,002325,2017-01-03 09:50:21,8.0800,5,40400.0000,50,B,8.0700,8.0600,8.0500,8.0400,8.0300,8.0800,8.0900,8.1000,8.1100,8.1200,149,2238,994,483,575,324,400,536,260,253
SZ,002325,2017-01-03 09:50:27,8.0800,2,25048.0000,31,B,8.0700,8.0600,8.0500,8.0400,8.0300,8.0800,8.0900,8.1000,8.1100,8.1200,523,2238,994,483,575,293,370,536,260,253
SZ,002325,2017-01-03 09:50:36,8.0800,4,18581.0000,23,B,8.0700,8.0600,8.0500,8.0400,8.0300,8.0800,8.0900,8.1000,8.1100,8.1200,520,2117,997,483,575,253,370,536,260,253
SZ,002325,2017-01-03 09:50:45,8.0800,7,97768.0000,121,B,8.0700,8.0600,8.0500,8.0400,8.0300,8.0800,8.0900,8.1000,8.1100,8.1200,544,2117,997,483,513,132,370,536,260,253
SZ,002325,2017-01-03 09:50:48,8.0800,1,16160.0000,20,B,8.0700,8.0600,8.0500,8.0400,8.0300,8.0800,8.0900,8.1000,8.1100,8.1200,661,2117,997,483,513,112,370,536,260,253
SZ,002325,2017-01-03 09:50:57,8.0800,1,13736.0000,17,B,8.0700,8.0600,8.0500,8.0400,8.0300,8.0800,8.0900,8.1000,8.1100,8.1200,751,2117,987,483,501,95,370,536,260,263
SZ,002325,2017-01-03 09:51:00,8.0900,9,164132.0000,203,B,8.0700,8.0600,8.0500,8.0400,8.0300,8.0900,8.1000,8.1100,8.1200,8.1300,772,2120,987,468,501,262,536,260,263,219
SZ,002325,2017-01-03 09:51:15,8.0800,1,46355.0000,57,S,8.0800,8.0700,8.0600,8.0500,8.0400,8.0900,8.1000,8.1100,8.1200,8.1300,301,792,2215,992,468,325,536,260,263,219
SZ,002325,2017-01-03 09:51:36,8.0900,1,4045.0000,5,B,8.0800,8.0700,8.0600,8.0500,8.0400,8.0900,8.1000,8.1100,8.1200,8.1300,301,419,2255,1042,437,320,541,260,263,219
SZ,002325,2017-01-03 09:51:45,8.0800,1,7272.0000,9,S,8.0800,8.0700,8.0600,8.0500,8.0400,8.0900,8.1000,8.1100,8.1200,8.1300,398,419,2215,1042,437,390,541,260,263,219
SZ,002325,2017-01-03 09:51:54,8.0900,7,347959.0000,431,B,8.0800,8.0700,8.0600,8.0500,8.0400,8.0900,8.1000,8.1100,8.1200,8.1300,2,469,2215,1051,437,444,528,260,263,219
SZ,002325,2017-01-03 09:51:57,8.0900,10,242700.0000,300,B,8.0800,8.0700,8.0600,8.0500,8.0400,8.0900,8.1000,8.1100,8.1200,8.1300,27,469,2215,1051,437,564,528,290,263,219
SZ,002325,2017-01-03 09:52:03,8.0900,7,493895.0000,610,B,8.0900,8.0800,8.0700,8.0600,8.0500,8.1000,8.1100,8.1200,8.1300,8.1400,389,27,479,2225,1051,519,290,263,219,218
SZ,002325,2017-01-03 09:52:12,8.1000,1,2430.0000,3,B,8.0900,8.0800,8.0700,8.0600,8.0500,8.1000,8.1100,8.1200,8.1300,8.1400,399,27,424,2225,1061,516,290,263,219,218
SZ,002325,2017-01-03 09:52:21,8.0900,2,323195.0000,400,S,8.0800,8.0700,8.0600,8.0500,8.0400,8.0900,8.1000,8.1100,8.1200,8.1300,27,287,2242,1027,512,150,637,180,263,219
SZ,002325,2017-01-03 09:52:27,8.0900,1,16180.0000,20,B,8.0800,8.0700,8.0600,8.0500,8.0400,8.0900,8.1000,8.1100,8.1200,8.1300,29,263,2242,1027,512,165,621,180,263,225
SZ,002325,2017-01-03 09:52:30,8.0900,3,79282.0000,98,B,8.0800,8.0700,8.0600,8.0500,8.0400,8.0900,8.1000,8.1100,8.1200,8.1300,29,263,2242,1027,495,67,621,180,263,225
SZ,002325,2017-01-03 09:52:36,8.0900,1,20225.0000,25,B,8.0800,8.0700,8.0600,8.0500,8.0400,8.0900,8.1000,8.1100,8.1200,8.1300,34,173,2242,1027,489,42,622,180,263,225
SZ,002325,2017-01-03 09:52:39,8.0900,1,809.0000,1,B,8.0800,8.0700,8.0600,8.0500,8.0400,8.0900,8.1000,8.1100,8.1200,8.1300,34,173,2242,1027,489,141,622,180,263,225
SZ,002325,2017-01-03 09:52:42,8.0900,2,16180.0000,20,B,8.0800,8.0700,8.0600,8.0500,8.0400,8.0900,8.1000,8.1100,8.1200,8.1300,39,173,2242,1027,489,121,622,180,263,225
SZ,002325,2017-01-03 09:52:45,8.0900,4,72810.0000,90,B,8.0800,8.0700,8.0600,8.0500,8.0400,8.0900,8.1000,8.1100,8.1200,8.1300,39,173,2242,1027,489,61,652,180,263,225
SZ,002325,2017-01-03 09:52:51,8.0900,1,809.0000,1,B,8.0800,8.0700,8.0600,8.0500,8.0400,8.0900,8.1000,8.1100,8.1200,8.1300,65,179,2242,1027,489,85,652,180,263,225
SZ,002325,2017-01-03 09:52:54,8.0900,1,8090.0000,10,B,8.0800,8.0700,8.0600,8.0500,8.0400,8.0900,8.1000,8.1100,8.1200,8.1300,65,179,2242,1027,489,75,652,180,341,225
SZ,002325,2017-01-03 09:53:03,8.0800,3,4040.0000,5,S,8.0800,8.0700,8.0600,8.0500,8.0400,8.0900,8.1000,8.1100,8.1200,8.1300,61,336,2242,1027,494,75,647,180,341,225
SZ,002325,2017-01-03 09:53:06,8.0900,3,5658.0000,7,B,8.0800,8.0700,8.0600,8.0500,8.0400,8.0900,8.1000,8.1100,8.1200,8.1300,56,336,2242,1027,494,73,647,180,341,325
SZ,002325,2017-01-03 09:53:09,8.0800,1,13736.0000,17,S,8.0800,8.0700,8.0600,8.0500,8.0400,8.0900,8.1000,8.1100,8.1200,8.1300,39,345,2247,1027,494,73,677,180,341,325
SZ,002325,2017-01-03 09:53:15,8.0900,5,125395.0000,155,B,8.0800,8.0700,8.0600,8.0500,8.0400,8.0900,8.1000,8.1100,8.1200,8.1300,39,353,2247,1027,494,468,676,180,341,325
SZ,002325,2017-01-03 09:53:21,8.0900,2,14562.0000,18,B,8.0800,8.0700,8.0600,8.0500,8.0400,8.0900,8.1000,8.1100,8.1200,8.1300,45,353,2247,1027,494,650,684,180,341,329
SZ,002325,2017-01-03 09:53:24,8.0800,5,36360.0000,45,S,8.0700,8.0600,8.0500,8.0400,8.0300,8.0800,8.0900,8.1000,8.1100,8.1200,353,2247,1027,494,506,4,650,684,180,341
SZ,002325,2017-01-03 09:53:30,8.0800,2,3232.0000,4,B,8.0700,8.0600,8.0500,8.0400,8.0300,8.0900,8.1000,8.1100,8.1200,8.1300,353,2247,1027,494,506,696,684,180,341,329
SZ,002325,2017-01-03 09:53:36,8.0900,1,14562.0000,18,B,8.0800,8.0700,8.0600,8.0500,8.0400,8.0900,8.1000,8.1100,8.1200,8.1300,32,353,2247,1027,494,689,684,191,341,329
SZ,002325,2017-01-03 09:53:45,8.0800,4,33128.0000,41,S,8.0800,8.0700,8.0600,8.0500,8.0400,8.0900,8.1000,8.1100,8.1200,8.1300,50,470,2247,1021,494,804,764,191,341,329
SZ,002325,2017-01-03 09:53:48,8.0900,1,2427.0000,3,B,8.0800,8.0700,8.0600,8.0500,8.0400,8.0900,8.1000,8.1100,8.1200,8.1300,50,472,2247,1021,578,887,764,191,341,343
SZ,002325,2017-01-03 09:53:51,8.0800,2,8080.0000,10,S,8.0800,8.0700,8.0600,8.0500,8.0400,8.0900,8.1000,8.1100,8.1200,8.1300,40,472,2247,1021,578,887,764,191,341,343
SZ,002325,2017-01-03 09:53:54,8.0900,2,46113.0000,57,B,8.0800,8.0700,8.0600,8.0500,8.0400,8.0900,8.1000,8.1100,8.1200,8.1300,52,472,2247,1021,578,830,764,201,341,343
SZ,002325,2017-01-03 09:54:00,8.0800,4,25048.0000,31,S,8.0800,8.0700,8.0600,8.0500,8.0400,8.0900,8.1000,8.1100,8.1200,8.1300,64,482,2247,1021,578,834,769,201,341,343
SZ,002325,2017-01-03 09:54:09,8.0900,1,8090.0000,10,B,8.0800,8.0700,8.0600,8.0500,8.0400,8.0900,8.1000,8.1100,8.1200,8.1300,64,482,2247,1021,578,824,813,201,341,343
SZ,002325,2017-01-03 09:54:12,8.0900,1,2427.0000,3,B,8.0800,8.0700,8.0600,8.0500,8.0400,8.0900,8.1000,8.1100,8.1200,8.1300,64,482,2247,1021,578,836,813,201,341,343
SZ,002325,2017-01-03 09:54:18,8.0900,3,13739.0000,17,B,8.0800,8.0700,8.0600,8.0500,8.0400,8.0900,8.1000,8.1100,8.1200,8.1300,86,482,2247,1021,578,833,813,201,341,343
SZ,002325,2017-01-03 09:54:27,8.0800,6,69488.0000,86,S,8.0700,8.0600,8.0500,8.0400,8.0300,8.0800,8.0900,8.1000,8.1100,8.1200,502,2247,1021,578,569,214,731,818,251,341
SZ,002325,2017-01-03 09:54:30,8.0800,1,1616.0000,2,B,8.0700,8.0600,8.0500,8.0400,8.0300,8.0800,8.0900,8.1000,8.1100,8.1200,502,2247,1021,578,569,277,731,818,251,341
SZ,002325,2017-01-03 09:54:39,8.0800,1,16160.0000,20,B,8.0700,8.0600,8.0500,8.0400,8.0300,8.0800,8.0900,8.1000,8.1100,8.1200,502,2247,1021,578,569,359,731,818,251,341
SZ,002325,2017-01-03 09:54:45,8.0800,1,1616.0000,2,B,8.0700,8.0600,8.0500,8.0400,8.0300,8.0800,8.0900,8.1000,8.1100,8.1200,602,2262,1021,578,569,357,731,818,251,341
SZ,002325,2017-01-03 09:54:57,8.0800,1,19392.0000,24,B,8.0700,8.0600,8.0500,8.0400,8.0300,8.0800,8.0900,8.1000,8.1100,8.1200,1084,2262,1021,578,569,333,731,838,251,341
SZ,002325,2017-01-03 09:55:00,8.0800,1,8080.0000,10,B,8.0700,8.0600,8.0500,8.0400,8.0300,8.0800,8.0900,8.1000,8.1100,8.1200,1084,2262,1041,578,569,323,731,850,251,341
SZ,002325,2017-01-03 09:55:03,8.0800,1,1616.0000,2,B,8.0700,8.0600,8.0500,8.0400,8.0300,8.0800,8.0900,8.1000,8.1100,8.1200,626,2262,1041,578,569,321,931,850,251,341
SZ,002325,2017-01-03 09:55:09,8.0800,3,88270.0000,109,B,8.0700,8.0600,8.0500,8.0400,8.0300,8.0800,8.0900,8.1000,8.1100,8.1200,589,2272,1041,578,569,248,931,850,251,341
SZ,002325,2017-01-03 09:55:12,8.0800,3,200384.0000,248,B,8.0800,8.0700,8.0600,8.0500,8.0400,8.0900,8.1000,8.1100,8.1200,8.1300,143,589,2272,1041,578,931,850,251,341,343
SZ,002325,2017-01-03 09:55:30,8.0900,1,1618.0000,2,B,8.0800,8.0700,8.0600,8.0500,8.0400,8.0900,8.1000,8.1100,8.1200,8.1300,178,589,2272,1041,578,929,850,271,841,343
SZ,002325,2017-01-03 09:55:39,8.0800,4,121200.0000,150,S,8.0800,8.0700,8.0600,8.0500,8.0400,8.0900,8.1000,8.1100,8.1200,8.1300,29,589,2272,1041,578,959,850,271,841,343
SZ,002325,2017-01-03 09:55:45,8.0800,1,16160.0000,20,S,8.0800,8.0700,8.0600,8.0500,8.0400,8.0900,8.1000,8.1100,8.1200,8.1300,9,589,2255,1041,578,972,850,271,841,343
SZ,002325,2017-01-03 09:55:48,8.0800,3,7272.0000,9,S,8.0700,8.0600,8.0500,8.0400,8.0300,8.0800,8.0900,8.1000,8.1100,8.1200,589,2255,1041,578,569,141,972,850,271,841
SZ,002325,2017-01-03 09:55:54,8.0800,2,21816.0000,27,B,8.0700,8.0600,8.0500,8.0400,8.0300,8.0800,8.0900,8.1000,8.1100,8.1200,589,2255,1041,578,569,658,1002,850,271,841
SZ,002325,2017-01-03 09:56:00,8.0800,1,808.0000,1,B,8.0700,8.0600,8.0500,8.0400,8.0300,8.0800,8.0900,8.1000,8.1100,8.1200,589,2255,1041,578,569,677,1002,850,291,841
SZ,002325,2017-01-03 09:56:03,8.0800,1,808.0000,1,B,8.0700,8.0600,8.0500,8.0400,8.0300,8.0800,8.0900,8.1000,8.1100,8.1200,600,2255,1041,578,569,676,1002,850,291,841
SZ,002325,2017-01-03 09:56:09,8.0800,1,13736.0000,17,B,8.0700,8.0600,8.0500,8.0400,8.0300,8.0800,8.0900,8.1000,8.1100,8.1200,600,2255,1021,578,569,695,1002,850,291,853
SZ,002325,2017-01-03 09:56:12,8.0700,1,8070.0000,10,S,8.0700,8.0600,8.0500,8.0400,8.0300,8.0800,8.0900,8.1000,8.1100,8.1200,590,2255,1021,578,569,695,1002,850,291,853
SZ,002325,2017-01-03 09:56:15,8.0800,3,8887.0000,11,B,8.0700,8.0600,8.0500,8.0400,8.0300,8.0800,8.0900,8.1000,8.1100,8.1200,589,2255,1021,578,569,715,1002,850,341,853
SZ,002325,2017-01-03 09:56:24,8.0800,1,8888.0000,11,B,8.0700,8.0600,8.0500,8.0400,8.0300,8.0800,8.0900,8.1000,8.1100,8.1200,847,2255,1021,578,569,816,1018,979,341,853
SZ,002325,2017-01-03 09:56:27,8.0700,1,807.0000,1,S,8.0700,8.0600,8.0500,8.0400,8.0300,8.0800,8.0900,8.1000,8.1100,8.1200,1408,2255,1021,578,569,816,1023,979,341,853
SZ,002325,2017-01-03 09:56:30,8.0800,1,12120.0000,15,B,8.0700,8.0600,8.0500,8.0400,8.0300,8.0800,8.0900,8.1000,8.1100,8.1200,1413,2255,1021,578,569,801,823,979,341,853
SZ,002325,2017-01-03 09:56:36,8.0800,5,177760.0000,220,B,8.0700,8.0600,8.0500,8.0400,8.0300,8.0800,8.0900,8.1000,8.1100,8.1200,1413,2255,1021,578,569,581,823,979,341,853
SZ,002325,2017-01-03 09:56:45,8.0800,2,4848.0000,6,B,8.0700,8.0600,8.0500,8.0400,8.0300,8.0800,8.0900,8.1000,8.1100,8.1200,1413,2255,1036,578,569,675,823,966,341,853
SZ,002325,2017-01-03 09:56:51,8.0800,1,8080.0000,10,B,8.0700,8.0600,8.0500,8.0400,8.0300,8.0800,8.0900,8.1000,8.1100,8.1200,1418,2255,1036,578,569,677,823,966,341,853
SZ,002325,2017-01-03 09:57:00,8.0800,2,17776.0000,22,B,8.0700,8.0600,8.0500,8.0400,8.0300,8.0800,8.0900,8.1000,8.1100,8.1200,1417,2255,1036,578,569,675,823,966,341,853
SZ,002325,2017-01-03 09:57:03,8.0800,1,40400.0000,50,B,8.0700,8.0600,8.0500,8.0400,8.0300,8.0800,8.0900,8.1000,8.1100,8.1200,1417,2255,1036,578,569,625,823,966,341,853
SZ,002325,2017-01-03 09:57:06,8.0800,1,1616.0000,2,B,8.0700,8.0600,8.0500,8.0400,8.0300,8.0800,8.0900,8.1000,8.1100,8.1200,1417,2257,1036,578,569,623,823,966,341,853
SZ,002325,2017-01-03 09:57:09,8.0700,1,1614.0000,2,S,8.0700,8.0600,8.0500,8.0400,8.0300,8.0800,8.0900,8.1000,8.1100,8.1200,1415,2257,1036,578,569,623,823,966,341,853
SZ,002325,2017-01-03 09:57:15,8.0800,1,24240.0000,30,B,8.0700,8.0600,8.0500,8.0400,8.0300,8.0800,8.0900,8.1000,8.1100,8.1200,1420,2257,1036,578,569,593,823,966,341,853
SZ,002325,2017-01-03 09:57:18,8.0800,1,808.0000,1,B,8.0700,8.0600,8.0500,8.0400,8.0300,8.0800,8.0900,8.1000,8.1100,8.1200,1420,2257,1036,578,569,592,823,966,341,853
SZ,002325,2017-01-03 09:57:24,8.0800,2,8888.0000,11,B,8.0700,8.0600,8.0500,8.0400,8.0300,8.0800,8.0900,8.1000,8.1100,8.1200,1162,2257,1036,578,569,479,835,966,341,853
SZ,002325,2017-01-03 09:57:36,8.0800,7,371107.0000,459,B,8.0800,8.0700,8.0600,8.0500,8.0400,8.0900,8.1000,8.1100,8.1200,8.1300,40,1162,2257,998,578,835,966,311,853,343
SZ,002325,2017-01-03 09:57:39,8.0800,1,16160.0000,20,S,8.0800,8.0700,8.0600,8.0500,8.0400,8.0900,8.1000,8.1100,8.1200,8.1300,278,1162,2257,998,578,835,922,311,853,343
SZ,002325,2017-01-03 09:57:42,8.0900,1,2427.0000,3,B,8.0800,8.0700,8.0600,8.0500,8.0400,8.0900,8.1000,8.1100,8.1200,8.1300,278,1162,2257,998,494,832,917,311,775,343
SZ,002325,2017-01-03 09:57:54,8.0800,8,320541.0000,397,S,8.0700,8.0600,8.0500,8.0400,8.0300,8.0800,8.0900,8.1000,8.1100,8.1200,1172,2257,998,494,579,59,832,917,311,775
SZ,002325,2017-01-03 09:58:06,8.0800,1,47907.0000,59,B,8.0800,8.0700,8.0600,8.0500,8.0400,8.0900,8.1000,8.1100,8.1200,8.1300,351,1172,2257,998,494,842,920,311,775,343
SZ,002325,2017-01-03 09:58:12,8.0800,1,49498.0000,61,S,8.0800,8.0700,8.0600,8.0500,8.0400,8.0900,8.1000,8.1100,8.1200,8.1300,292,1172,2257,998,494,842,920,311,775,343
SZ,002325,2017-01-03 09:58:15,8.0800,1,80800.0000,100,S,8.0800,8.0700,8.0600,8.0500,8.0400,8.0900,8.1000,8.1100,8.1200,8.1300,192,1172,2257,998,494,896,920,311,775,343
SZ,002325,2017-01-03 09:58:21,8.0800,1,12120.0000,15,S,8.0800,8.0700,8.0600,8.0500,8.0400,8.0900,8.1000,8.1100,8.1200,8.1300,204,1172,2257,998,494,906,920,311,775,343
SZ,002325,2017-01-03 09:58:24,8.0800,2,90496.0000,112,S,8.0800,8.0700,8.0600,8.0500,8.0400,8.0900,8.1000,8.1100,8.1200,8.1300,92,1172,2262,998,494,906,920,311,775,343
SZ,002325,2017-01-03 09:58:30,8.0800,2,15369.0000,19,S,8.0800,8.0700,8.0600,8.0500,8.0400,8.0900,8.1000,8.1100,8.1200,8.1300,190,1167,2267,998,494,896,894,321,775,343
SZ,002325,2017-01-03 09:58:36,8.0800,1,8080.0000,10,S,8.0800,8.0700,8.0600,8.0500,8.0400,8.0900,8.1000,8.1100,8.1200,8.1300,196,1167,2267,998,494,896,894,321,775,343
SZ,002325,2017-01-03 09:58:51,8.0800,5,49498.0000,62,S,8.0800,8.0700,8.0600,8.0500,8.0400,8.0900,8.1000,8.1100,8.1200,8.1300,135,555,2267,998,494,908,894,321,775,343
SZ,002325,2017-01-03 09:59:15,8.0800,1,11312.0000,14,S,8.0800,8.0700,8.0600,8.0500,8.0400,8.0900,8.1000,8.1100,8.1200,8.1300,819,547,2262,998,494,908,934,321,775,353
SZ,002325,2017-01-03 09:59:18,8.0900,1,809.0000,1,B,8.0800,8.0700,8.0600,8.0500,8.0400,8.0900,8.1000,8.1100,8.1200,8.1300,819,547,2262,1028,494,907,934,321,775,353
SZ,002325,2017-01-03 09:59:21,8.0800,3,10504.0000,13,S,8.0800,8.0700,8.0600,8.0500,8.0400,8.0900,8.1000,8.1100,8.1200,8.1300,806,547,2262,1031,494,907,934,321,775,353
SZ,002325,2017-01-03 09:59:36,8.0900,1,4854.0000,6,B,8.0800,8.0700,8.0600,8.0500,8.0400,8.0900,8.1000,8.1100,8.1200,8.1300,859,560,2262,1031,494,961,947,321,775,353
SZ,002325,2017-01-03 09:59:45,8.0900,2,25079.0000,31,B,8.0800,8.0700,8.0600,8.0500,8.0400,8.0900,8.1000,8.1100,8.1200,8.1300,811,644,2262,1031,494,940,927,321,775,353
SZ,002325,2017-01-03 09:59:48,8.0900,1,8090.0000,10,B,8.0800,8.0700,8.0600,8.0500,8.0400,8.0900,8.1000,8.1100,8.1200,8.1300,811,644,2262,831,494,930,927,321,775,353
SZ,002325,2017-01-03 10:00:03,8.0900,9,520996.0000,644,B,8.0800,8.0700,8.0600,8.0500,8.0400,8.0900,8.1000,8.1100,8.1200,8.1300,729,644,2260,831,494,273,923,321,775,353
SZ,002325,2017-01-03 10:00:12,8.0900,2,23461.0000,29,B,8.0800,8.0700,8.0600,8.0500,8.0400,8.0900,8.1000,8.1100,8.1200,8.1300,729,644,2260,811,494,242,923,341,775,353
SZ,002325,2017-01-03 10:00:15,8.0800,1,4040.0000,5,S,8.0800,8.0700,8.0600,8.0500,8.0400,8.0900,8.1000,8.1100,8.1200,8.1300,734,644,2260,811,494,456,923,341,775,353
SZ,002325,2017-01-03 10:00:21,8.0800,3,31541.0000,39,S,8.0800,8.0700,8.0600,8.0500,8.0400,8.0900,8.1000,8.1100,8.1200,8.1300,704,620,2260,805,494,427,923,341,775,353
SZ,002325,2017-01-03 10:00:27,8.0900,1,809.0000,1,B,8.0800,8.0700,8.0600,8.0500,8.0400,8.0900,8.1000,8.1100,8.1200,8.1300,704,620,2260,808,494,526,923,341,775,353
SZ,002325,2017-01-03 10:00:30,8.0900,3,24270.0000,30,B,8.0800,8.0700,8.0600,8.0500,8.0400,8.0900,8.1000,8.1100,8.1200,8.1300,704,620,2265,798,494,500,923,341,775,353
SZ,002325,2017-01-03 10:00:33,8.0900,12,150474.0000,186,B,8.0800,8.0700,8.0600,8.0500,8.0400,8.0900,8.1000,8.1100,8.1200,8.1300,704,620,2265,798,494,372,923,341,775,353
SZ,002325,2017-01-03 10:00:36,8.0800,5,83240.0000,103,S,8.0800,8.0700,8.0600,8.0500,8.0400,8.0900,8.1000,8.1100,8.1200,8.1300,617,620,2265,798,494,472,923,341,775,353
SZ,002325,2017-01-03 10:00:39,8.0900,1,23461.0000,29,B,8.0800,8.0700,8.0600,8.0500,8.0400,8.0900,8.1000,8.1100,8.1200,8.1300,617,620,2265,798,494,443,933,341,775,353
SZ,002325,2017-01-03 10:00:57,8.0900,1,8090.0000,10,B,8.0800,8.0700,8.0600,8.0500,8.0400,8.0900,8.1000,8.1100,8.1200,8.1300,619,620,2296,798,494,569,804,341,775,353
SZ,002325,2017-01-03 10:01:00,8.0800,1,4848.0000,6,S,8.0800,8.0700,8.0600,8.0500,8.0400,8.0900,8.1000,8.1100,8.1200,8.1300,613,620,2296,798,494,569,804,341,775,353
SZ,002325,2017-01-03 10:01:12,8.0800,5,80800.0000,100,S,8.0800,8.0700,8.0600,8.0500,8.0400,8.0900,8.1000,8.1100,8.1200,8.1300,513,620,2296,798,494,606,805,341,904,353
SZ,002325,2017-01-03 10:01:15,8.0900,1,16180.0000,20,B,8.0800,8.0700,8.0600,8.0500,8.0400,8.0900,8.1000,8.1100,8.1200,8.1300,513,620,2296,798,494,586,820,341,904,353
SZ,002325,2017-01-03 10:01:18,8.0800,2,404000.0000,500,S,8.0800,8.0700,8.0600,8.0500,8.0400,8.0900,8.1000,8.1100,8.1200,8.1300,89,620,2296,798,494,586,820,341,904,353
SZ,002325,2017-01-03 10:01:27,8.0900,1,1618.0000,2,B,8.0800,8.0700,8.0600,8.0500,8.0400,8.0900,8.1000,8.1100,8.1200,8.1300,89,600,2296,798,494,645,824,341,904,353
SZ,002325,2017-01-03 10:01:30,8.0900,1,809.0000,1,B,8.0800,8.0700,8.0600,8.0500,8.0400,8.0900,8.1000,8.1100,8.1200,8.1300,89,600,2296,798,494,656,824,341,775,353
SZ,002325,2017-01-03 10:01:39,8.0800,3,71104.0000,88,S,8.0700,8.0600,8.0500,8.0400,8.0300,8.0800,8.0900,8.1000,8.1100,8.1200,600,2296,798,494,559,1597,766,824,351,275
SZ,002325,2017-01-03 10:01:45,8.0800,1,8080.0000,10,B,8.0700,8.0600,8.0500,8.0400,8.0300,8.0800,8.0900,8.1000,8.1100,8.1200,600,2296,798,494,559,1587,771,824,351,275
SZ,002325,2017-01-03 10:02:18,8.0800,1,20200.0000,25,B,8.0700,8.0600,8.0500,8.0400,8.0300,8.0800,8.0900,8.1000,8.1100,8.1200,1073,2316,800,494,559,1562,715,969,351,311
SZ,002325,2017-01-03 10:02:24,8.0800,2,46056.0000,57,B,8.0700,8.0600,8.0500,8.0400,8.0300,8.0800,8.0900,8.1000,8.1100,8.1200,1073,2316,800,494,559,1505,715,970,351,311
SZ,002325,2017-01-03 10:02:30,8.0700,5,29859.0000,37,S,8.0700,8.0600,8.0500,8.0400,8.0300,8.0800,8.0900,8.1000,8.1100,8.1200,1046,2316,802,494,559,1505,715,970,351,311
SZ,002325,2017-01-03 10:02:33,8.0800,1,40400.0000,50,B,8.0700,8.0600,8.0500,8.0400,8.0300,8.0800,8.0900,8.1000,8.1100,8.1200,1046,2316,802,494,559,1455,715,970,351,311
SZ,002325,2017-01-03 10:02:45,8.0800,1,2424.0000,3,B,8.0700,8.0600,8.0500,8.0400,8.0300,8.0800,8.0900,8.1000,8.1100,8.1200,1072,2316,841,494,559,1542,625,970,351,311
SZ,002325,2017-01-03 10:02:51,8.0700,5,23406.0000,29,S,8.0700,8.0600,8.0500,8.0400,8.0300,8.0800,8.0900,8.1000,8.1100,8.1200,1047,2316,841,494,559,1545,509,965,351,311
SZ,002325,2017-01-03 10:02:57,8.0800,5,120276.0000,149,B,8.0700,8.0600,8.0500,8.0400,8.0300,8.0800,8.0900,8.1000,8.1100,8.1200,931,2296,841,494,559,1512,509,965,351,311
SZ,002325,2017-01-03 10:03:00,8.0800,1,1616.0000,2,B,8.0700,8.0600,8.0500,8.0400,8.0300,8.0800,8.0900,8.1000,8.1100,8.1200,931,2296,841,494,559,1510,509,965,351,311
SZ,002325,2017-01-03 10:03:09,8.0700,20,638337.0000,791,S,8.0700,8.0600,8.0500,8.0400,8.0300,8.0800,8.0900,8.1000,8.1100,8.1200,125,2296,841,494,559,2010,531,975,351,311
SZ,002325,2017-01-03 10:03:15,8.0700,4,80700.0000,100,S,8.0700,8.0600,8.0500,8.0400,8.0300,8.0800,8.0900,8.1000,8.1100,8.1200,25,2296,841,494,559,2010,536,975,351,311
SZ,002325,2017-01-03 10:03:18,8.0700,2,16140.0000,20,S,8.0700,8.0600,8.0500,8.0400,8.0300,8.0800,8.0900,8.1000,8.1100,8.1200,5,2296,841,494,559,2010,536,975,351,311
SZ,002325,2017-01-03 10:03:24,8.0700,2,4608.0000,5,S,8.0600,8.0500,8.0400,8.0300,8.0200,8.0700,8.0800,8.0900,8.1000,8.1100,2296,841,494,559,132,58,2010,536,975,351
SZ,002325,2017-01-03 10:03:30,8.0800,2,117101.0000,145,B,8.0600,8.0500,8.0400,8.0300,8.0200,8.0800,8.0900,8.1000,8.1100,8.1200,2296,841,494,559,132,1923,536,970,351,311
SZ,002325,2017-01-03 10:03:45,8.0700,2,8070.0000,10,S,8.0700,8.0600,8.0500,8.0400,8.0300,8.0800,8.0900,8.1000,8.1100,8.1200,495,2296,831,444,559,1923,536,937,364,311
SZ,002325,2017-01-03 10:03:54,8.0700,1,4035.0000,5,S,8.0700,8.0600,8.0500,8.0400,8.0300,8.0800,8.0900,8.1000,8.1100,8.1200,490,2296,831,444,559,1976,536,937,364,311
SZ,002325,2017-01-03 10:03:57,8.0700,1,72630.0000,90,S,8.0700,8.0600,8.0500,8.0400,8.0300,8.0800,8.0900,8.1000,8.1100,8.1200,400,2296,831,444,559,1976,535,937,364,311
SZ,002325,2017-01-03 10:04:09,8.0700,2,72630.0000,90,S,8.0700,8.0600,8.0500,8.0400,8.0300,8.0800,8.0900,8.1000,8.1100,8.1200,338,2316,841,444,559,2007,635,937,353,311
SZ,002325,2017-01-03 10:04:21,8.0700,5,272766.0000,338,S,8.0600,8.0500,8.0400,8.0300,8.0200,8.0800,8.0900,8.1000,8.1100,8.1200,2316,846,444,564,132,2007,589,937,353,325
SZ,002325,2017-01-03 10:04:27,8.0700,1,8070.0000,10,S,8.0700,8.0600,8.0500,8.0400,8.0300,8.0800,8.0900,8.1000,8.1100,8.1200,118,2316,846,444,564,2007,589,937,353,325
SZ,002325,2017-01-03 10:04:30,8.0700,1,17754.0000,22,S,8.0700,8.0600,8.0500,8.0400,8.0300,8.0800,8.0900,8.1000,8.1100,8.1200,96,2316,846,444,564,2007,589,937,353,325
SZ,002325,2017-01-03 10:04:39,8.0700,2,85542.0000,106,S,8.0600,8.0500,8.0400,8.0300,8.0200,8.0700,8.0800,8.0900,8.1000,8.1100,2316,846,444,544,132,10,2007,589,937,353
SZ,002325,2017-01-03 10:04:57,8.0700,1,4035.0000,5,B,8.0600,8.0500,8.0400,8.0300,8.0200,8.0700,8.0800,8.0900,8.1000,8.1100,2570,841,424,544,132,28,2007,538,937,353
SZ,002325,2017-01-03 10:05:09,8.0700,3,22596.0000,28,B,8.0700,8.0600,8.0500,8.0400,8.0300,8.0800,8.0900,8.1000,8.1100,8.1200,216,2347,841,424,544,2007,538,937,353,375
SZ,002325,2017-01-03 10:05:15,8.0700,1,4035.0000,5,S,8.0700,8.0600,8.0500,8.0400,8.0300,8.0800,8.0900,8.1000,8.1100,8.1200,211,2347,841,424,544,2007,538,937,353,375
SZ,002325,2017-01-03 10:05:21,8.0700,1,56490.0000,70,S,8.0700,8.0600,8.0500,8.0400,8.0300,8.0800,8.0900,8.1000,8.1100,8.1200,141,2347,841,423,544,2007,508,937,353,375
SZ,002325,2017-01-03 10:05:27,8.0700,1,13719.0000,17,S,8.0700,8.0600,8.0500,8.0400,8.0300,8.0800,8.0900,8.1000,8.1100,8.1200,224,2347,841,423,544,1917,508,947,353,375
SZ,002325,2017-01-03 10:05:39,8.0800,1,80800.0000,100,B,8.0700,8.0600,8.0500,8.0400,8.0300,8.0800,8.0900,8.1000,8.1100,8.1200,236,2397,831,423,544,1829,508,947,353,375
SZ,002325,2017-01-03 10:06:09,8.0800,1,808.0000,1,B,8.0700,8.0600,8.0500,8.0400,8.0300,8.0800,8.0900,8.1000,8.1100,8.1200,300,2397,831,423,543,1863,508,947,353,375
SZ,002325,2017-01-03 10:06:12,8.0800,1,13736.0000,17,B,8.0700,8.0600,8.0500,8.0400,8.0300,8.0800,8.0900,8.1000,8.1100,8.1200,300,2417,831,423,543,1831,508,947,353,405
SZ,002325,2017-01-03 10:06:21,8.0700,6,234523.0000,291,S,8.0700,8.0600,8.0500,8.0400,8.0300,8.0800,8.0900,8.1000,8.1100,8.1200,9,2423,831,423,543,1831,508,947,353,405
SZ,002325,2017-01-03 10:06:39,8.0800,1,9696.0000,12,B,8.0700,8.0600,8.0500,8.0400,8.0300,8.0800,8.0900,8.1000,8.1100,8.1200,1013,2423,836,423,543,1829,508,932,353,417
SZ,002325,2017-01-03 10:06:51,8.0700,3,56490.0000,70,S,8.0700,8.0600,8.0500,8.0400,8.0300,8.0800,8.0900,8.1000,8.1100,8.1200,974,2402,836,423,543,1893,508,962,353,417
SZ,002325,2017-01-03 10:07:09,8.0800,1,2424.0000,3,B,8.0700,8.0600,8.0500,8.0400,8.0300,8.0800,8.0900,8.1000,8.1100,8.1200,974,2403,836,423,543,1966,508,962,353,417
SZ,002325,2017-01-03 10:07:15,8.0700,2,81507.0000,101,S,8.0700,8.0600,8.0500,8.0400,8.0300,8.0800,8.0900,8.1000,8.1100,8.1200,873,2403,836,423,543,1966,513,962,353,417
SZ,002325,2017-01-03 10:07:18,8.0700,1,16140.0000,20,S,8.0700,8.0600,8.0500,8.0400,8.0300,8.0800,8.0900,8.1000,8.1100,8.1200,853,2403,836,423,543,2013,513,962,353,417
SZ,002325,2017-01-03 10:07:27,8.0700,1,4842.0000,6,S,8.0700,8.0600,8.0500,8.0400,8.0300,8.0800,8.0900,8.1000,8.1100,8.1200,847,2403,836,423,543,2013,513,962,353,417
SZ,002325,2017-01-03 10:07:30,8.0800,3,19392.0000,24,B,8.0700,8.0600,8.0500,8.0400,8.0300,8.0800,8.0900,8.1000,8.1100,8.1200,847,2403,836,423,543,1989,513,962,353,417
SZ,002325,2017-01-03 10:07:48,8.0700,1,74244.0000,92,S,8.0700,8.0600,8.0500,8.0400,8.0300,8.0800,8.0900,8.1000,8.1100,8.1200,760,2403,836,423,543,2002,513,962,353,417
SZ,002325,2017-01-03 10:07:57,8.0700,2,123471.0000,153,S,8.0700,8.0600,8.0500,8.0400,8.0300,8.0800,8.0900,8.1000,8.1100,8.1200,610,2403,836,423,543,2011,513,962,353,417
SZ,002325,2017-01-03 10:08:00,8.0800,1,4040.0000,5,B,8.0700,8.0600,8.0500,8.0400,8.0300,8.0800,8.0900,8.1000,8.1100,8.1200,1610,2403,836,423,543,2006,513,962,353,417
SZ,002325,2017-01-03 10:08:09,8.0800,1,808.0000,1,B,8.0700,8.0600,8.0500,8.0400,8.0300,8.0800,8.0900,8.1000,8.1100,8.1200,1722,2403,826,423,543,2005,513,962,353,417
SZ,002325,2017-01-03 10:08:30,8.0800,1,4040.0000,5,B,8.0700,8.0600,8.0500,8.0400,8.0300,8.0800,8.0900,8.1000,8.1100,8.1200,1755,2403,826,418,551,2056,513,962,353,417
SZ,002325,2017-01-03 10:08:33,8.0800,1,8080.0000,10,B,8.0700,8.0600,8.0500,8.0400,8.0300,8.0800,8.0900,8.1000,8.1100,8.1200,1755,2403,826,418,551,2046,513,962,353,417
SZ,002325,2017-01-03 10:08:36,8.0800,1,808.0000,1,B,8.0700,8.0600,8.0500,8.0400,8.0300,8.0800,8.0900,8.1000,8.1100,8.1200,1755,2403,826,418,551,2045,513,962,353,417
SZ,002325,2017-01-03 10:08:51,8.0800,1,404000.0000,500,B,8.0700,8.0600,8.0500,8.0400,8.0300,8.0800,8.0900,8.1000,8.1100,8.1200,1755,2403,826,418,551,1540,508,962,353,417
SZ,002325,2017-01-03 10:08:57,8.0800,1,16160.0000,20,B,8.0700,8.0600,8.0500,8.0400,8.0300,8.0800,8.0900,8.1000,8.1100,8.1200,1755,2403,726,418,551,1520,508,962,353,417
SZ,002325,2017-01-03 10:09:00,8.0800,2,5656.0000,7,B,8.0700,8.0600,8.0500,8.0400,8.0300,8.0800,8.0900,8.1000,8.1100,8.1200,1755,2403,726,418,551,1513,508,962,353,417
SZ,002325,2017-01-03 10:09:03,8.0800,2,10501.0000,13,B,8.0700,8.0600,8.0500,8.0400,8.0300,8.0800,8.0900,8.1000,8.1100,8.1200,1752,2403,726,418,551,1503,508,962,353,417
SZ,002325,2017-01-03 10:09:15,8.0800,1,24240.0000,30,B,8.0700,8.0600,8.0500,8.0400,8.0300,8.0800,8.0900,8.1000,8.1100,8.1200,1753,2403,741,418,551,1473,508,962,353,417
SZ,002325,2017-01-03 10:09:18,8.0800,1,34744.0000,43,B,8.0700,8.0600,8.0500,8.0400,8.0300,8.0800,8.0900,8.1000,8.1100,8.1200,1753,2403,741,418,551,1430,508,962,353,417
SZ,002325,2017-01-03 10:09:24,8.0800,1,1616.0000,2,B,8.0700,8.0600,8.0500,8.0400,8.0300,8.0800,8.0900,8.1000,8.1100,8.1200,1753,2403,751,418,551,1408,508,962,353,417
SZ,002325,2017-01-03 10:09:30,8.0800,2,8080.0000,10,B,8.0700,8.0600,8.0500,8.0400,8.0300,8.0800,8.0900,8.1000,8.1100,8.1200,1750,2403,751,418,551,1398,488,932,353,417
SZ,002325,2017-01-03 10:09:33,8.0800,1,28280.0000,35,B,8.0700,8.0600,8.0500,8.0400,8.0300,8.0800,8.0900,8.1000,8.1100,8.1200,1800,2421,751,418,551,1363,488,932,353,417
SZ,002325,2017-01-03 10:09:39,8.0800,1,80800.0000,100,B,8.0700,8.0600,8.0500,8.0400,8.0300,8.0800,8.0900,8.1000,8.1100,8.1200,1800,2421,751,418,551,1297,488,932,353,417
SZ,002325,2017-01-03 10:09:42,8.0800,1,2424.0000,3,B,8.0700,8.0600,8.0500,8.0400,8.0300,8.0800,8.0900,8.1000,8.1100,8.1200,1688,2421,751,425,551,1294,488,907,353,417
SZ,002325,2017-01-03 10:09:45,8.0800,17,1046029.0000,1295,B,8.0800,8.0700,8.0600,8.0500,8.0400,8.0900,8.1000,8.1100,8.1200,8.1300,5,1688,2421,751,425,488,907,353,417,345
SZ,002325,2017-01-03 10:09:51,8.0900,2,16988.0000,21,B,8.0800,8.0700,8.0600,8.0500,8.0400,8.0900,8.1000,8.1100,8.1200,8.1300,105,1688,2421,751,425,467,907,353,417,345
SZ,002325,2017-01-03 10:10:03,8.0800,2,20220.0000,25,S,8.0800,8.0700,8.0600,8.0500,8.0400,8.0900,8.1000,8.1100,8.1200,8.1300,145,1689,2421,751,425,447,907,353,417,345
SZ,002325,2017-01-03 10:10:12,8.0800,2,808.0000,1,S,8.0800,8.0700,8.0600,8.0500,8.0400,8.0900,8.1000,8.1100,8.1200,8.1300,394,1689,2421,751,415,417,907,353,417,345
SZ,002325,2017-01-03 10:10:15,8.0900,3,84136.0000,104,B,8.0800,8.0700,8.0600,8.0500,8.0400,8.0900,8.1000,8.1100,8.1200,8.1300,394,1689,2421,751,415,313,907,353,417,345
SZ,002325,2017-01-03 10:10:24,8.0900,15,246744.0000,305,B,8.0800,8.0700,8.0600,8.0500,8.0400,8.0900,8.1000,8.1100,8.1200,8.1300,894,1726,2421,751,415,21,916,353,417,345
SZ,002325,2017-01-03 10:10:27,8.0900,2,16180.0000,20,B,8.0800,8.0700,8.0600,8.0500,8.0400,8.0900,8.1000,8.1100,8.1200,8.1300,894,1726,2421,751,415,1,916,353,417,345
SZ,002325,2017-01-03 10:10:30,8.0800,2,36692.0000,45,S,8.0800,8.0700,8.0600,8.0500,8.0400,8.0900,8.1000,8.1100,8.1200,8.1300,849,1726,2421,751,415,1,916,353,417,345
SZ,002325,2017-01-03 10:10:33,8.0900,2,1620.0000,2,B,8.0800,8.0700,8.0600,8.0500,8.0400,8.0900,8.1000,8.1100,8.1200,8.1300,849,1726,2421,751,415,9,916,353,417,345
SZ,002325,2017-01-03 10:10:45,8.0900,3,19820.0000,25,B,8.0900,8.0800,8.0700,8.0600,8.0500,8.1000,8.1100,8.1200,8.1300,8.1400,17,849,1726,2421,751,916,353,441,345,390
SZ,002325,2017-01-03 10:11:00,8.0900,1,14156.0000,17,S,8.0800,8.0700,8.0600,8.0500,8.0400,8.0900,8.1000,8.1100,8.1200,8.1300,866,1733,2421,751,415,22,941,353,441,345
SZ,002325,2017-01-03 10:11:36,8.0900,7,64720.0000,80,B,8.0800,8.0700,8.0600,8.0500,8.0400,8.0900,8.1000,8.1100,8.1200,8.1300,869,1735,2421,751,445,174,1034,353,441,364
SZ,002325,2017-01-03 10:11:54,8.0900,3,21844.0000,27,B,8.0800,8.0700,8.0600,8.0500,8.0400,8.0900,8.1000,8.1100,8.1200,8.1300,869,1745,2421,751,445,367,1031,365,441,364
SZ,002325,2017-01-03 10:11:57,8.0900,1,808.0000,1,B,8.0800,8.0700,8.0600,8.0500,8.0400,8.0900,8.1000,8.1100,8.1200,8.1300,819,1745,2421,751,445,366,1031,365,441,364
SZ,002325,2017-01-03 10:12:00,8.0900,1,4856.0000,6,B,8.0800,8.0700,8.0600,8.0500,8.0400,8.0900,8.1000,8.1100,8.1200,8.1300,819,1745,2421,751,445,360,1016,365,441,364
SZ,002325,2017-01-03 10:12:06,8.0900,1,1616.0000,2,B,8.0800,8.0700,8.0600,8.0500,8.0400,8.0900,8.1000,8.1100,8.1200,8.1300,839,1708,2421,751,445,367,1001,365,441,364
SZ,002325,2017-01-03 10:12:09,8.0900,1,16990.0000,21,B,8.0800,8.0700,8.0600,8.0500,8.0400,8.0900,8.1000,8.1100,8.1200,8.1300,904,1708,2421,751,445,426,1001,365,441,364
SZ,002325,2017-01-03 10:12:15,8.0900,2,29934.0000,37,B,8.0800,8.0700,8.0600,8.0500,8.0400,8.0900,8.1000,8.1100,8.1200,8.1300,904,1708,2421,830,445,289,1001,365,441,364
SZ,002325,2017-01-03 10:12:30,8.0900,2,8088.0000,10,B,8.0800,8.0700,8.0600,8.0500,8.0400,8.0900,8.1000,8.1100,8.1200,8.1300,890,1708,2441,830,445,349,1001,365,444,364
SZ,002325,2017-01-03 10:12:45,8.0800,4,61924.0000,77,S,8.0800,8.0700,8.0600,8.0500,8.0400,8.0900,8.1000,8.1100,8.1200,8.1300,324,1908,2441,830,445,393,1001,345,444,364
SZ,002325,2017-01-03 10:12:57,8.0800,2,4852.0000,6,S,8.0800,8.0700,8.0600,8.0500,8.0400,8.0900,8.1000,8.1100,8.1200,8.1300,323,1911,2441,830,445,388,991,345,444,364
SZ,002325,2017-01-03 10:13:09,8.0900,2,16180.0000,20,B,8.0800,8.0700,8.0600,8.0500,8.0400,8.0900,8.1000,8.1100,8.1200,8.1300,966,1921,2441,830,475,376,991,345,444,364
SZ,002325,2017-01-03 10:13:21,8.0900,3,26698.0000,33,B,8.0800,8.0700,8.0600,8.0500,8.0400,8.0900,8.1000,8.1100,8.1200,8.1300,900,1926,2441,830,475,354,991,345,444,364
SZ,002325,2017-01-03 10:13:27,8.0900,1,2426.0000,3,B,8.0800,8.0700,8.0600,8.0500,8.0400,8.0900,8.1000,8.1100,8.1200,8.1300,904,1926,2441,830,475,351,1001,364,444,364
SZ,002325,2017-01-03 10:13:30,8.0900,1,2428.0000,3,B,8.0800,8.0700,8.0600,8.0500,8.0400,8.0900,8.1000,8.1100,8.1200,8.1300,904,1926,2441,830,475,348,1001,364,444,364
SZ,002325,2017-01-03 10:13:36,8.0900,2,9708.0000,12,B,8.0800,8.0700,8.0600,8.0500,8.0400,8.0900,8.1000,8.1100,8.1200,8.1300,858,1916,2441,830,475,347,1001,364,444,364
SZ,002325,2017-01-03 10:14:09,8.0800,1,2424.0000,3,S,8.0800,8.0700,8.0600,8.0500,8.0400,8.0900,8.1000,8.1100,8.1200,8.1300,882,1926,2441,830,475,555,1001,364,444,365
SZ,002325,2017-01-03 10:14:12,8.0900,1,16180.0000,20,B,8.0800,8.0700,8.0600,8.0500,8.0400,8.0900,8.1000,8.1100,8.1200,8.1300,882,1926,2446,830,475,535,1001,364,444,365
SZ,002325,2017-01-03 10:14:18,8.0900,1,808.0000,1,B,8.0800,8.0700,8.0600,8.0500,8.0400,8.0900,8.1000,8.1100,8.1200,8.1300,882,1926,2447,873,475,534,1001,364,444,365
SZ,002325,2017-01-03 10:14:21,8.0900,1,3236.0000,4,B,8.0800,8.0700,8.0600,8.0500,8.0400,8.0900,8.1000,8.1100,8.1200,8.1300,276,1926,2447,873,475,526,1001,364,444,365
SZ,002325,2017-01-03 10:14:33,8.0900,33,892164.0000,1103,B,8.0900,8.0800,8.0700,8.0600,8.0500,8.1000,8.1100,8.1200,8.1300,8.1400,76,36,1876,2447,873,996,364,444,365,390
SZ,002325,2017-01-03 10:14:36,8.0900,1,8900.0000,11,S,8.0900,8.0800,8.0700,8.0600,8.0500,8.1000,8.1100,8.1200,8.1300,8.1400,65,36,1876,2447,873,996,364,441,365,390
SZ,002325,2017-01-03 10:14:39,8.0900,1,2426.0000,3,S,8.0900,8.0800,8.0700,8.0600,8.0500,8.1000,8.1100,8.1200,8.1300,8.1400,62,36,1881,2447,873,996,364,441,365,390
SZ,002325,2017-01-03 10:14:45,8.0900,1,19416.0000,24,S,8.0900,8.0800,8.0700,8.0600,8.0500,8.1000,8.1100,8.1200,8.1300,8.1400,38,36,1881,2447,873,996,364,422,365,390
SZ,002325,2017-01-03 10:14:48,8.1000,1,4860.0000,6,B,8.0900,8.0800,8.0700,8.0600,8.0500,8.1000,8.1100,8.1200,8.1300,8.1400,38,68,1881,2447,873,990,364,422,365,390
SZ,002325,2017-01-03 10:14:51,8.0900,1,31146.0000,39,S,8.0800,8.0700,8.0600,8.0500,8.0400,8.0900,8.1000,8.1100,8.1200,8.1300,68,1881,2447,873,475,109,990,364,422,365
SZ,002325,2017-01-03 10:15:21,8.0900,1,810.0000,1,B,8.0800,8.0700,8.0600,8.0500,8.0400,8.0900,8.1000,8.1100,8.1200,8.1300,95,1881,2447,873,475,152,1010,344,422,365
SZ,002325,2017-01-03 10:15:24,8.0800,1,16160.0000,20,S,8.0800,8.0700,8.0600,8.0500,8.0400,8.0900,8.1000,8.1100,8.1200,8.1300,80,1881,2447,873,475,252,1010,344,422,365
SZ,002325,2017-01-03 10:15:27,8.0900,2,8090.0000,10,B,8.0800,8.0700,8.0600,8.0500,8.0400,8.0900,8.1000,8.1100,8.1200,8.1300,80,1881,2447,873,475,242,1010,344,422,365
SZ,002325,2017-01-03 10:15:48,8.0900,1,29124.0000,36,B,8.0800,8.0700,8.0600,8.0500,8.0400,8.0900,8.1000,8.1100,8.1200,8.1300,80,1912,2467,873,475,216,1010,346,432,377
SZ,002325,2017-01-03 10:15:57,8.0900,10,201952.0000,250,B,8.0700,8.0600,8.0500,8.0400,8.0300,8.0900,8.1000,8.1100,8.1200,8.1300,1834,2467,893,475,573,186,1010,346,432,377
SZ,002325,2017-01-03 10:16:03,8.0900,1,4044.0000,5,B,8.0700,8.0600,8.0500,8.0400,8.0300,8.0900,8.1000,8.1100,8.1200,8.1300,1834,2467,893,475,573,181,1010,346,432,377
SZ,002325,2017-01-03 10:16:09,8.0900,4,48540.0000,60,B,8.0800,8.0700,8.0600,8.0500,8.0400,8.0900,8.1000,8.1100,8.1200,8.1300,37,1839,2467,893,475,142,1029,346,432,387
SZ,002325,2017-01-03 10:16:15,8.0800,2,29896.0000,37,S,8.0700,8.0600,8.0500,8.0400,8.0300,8.0800,8.0900,8.1000,8.1100,8.1200,1839,2467,893,475,573,15,142,1044,346,432
SZ,002325,2017-01-03 10:16:18,8.0800,1,4040.0000,5,B,8.0700,8.0600,8.0500,8.0400,8.0300,8.0800,8.0900,8.1000,8.1100,8.1200,1839,2467,893,475,573,10,142,1044,346,432
SZ,002325,2017-01-03 10:16:21,8.0800,1,8236.0000,10,B,8.0800,8.0700,8.0600,8.0500,8.0400,8.0900,8.1000,8.1100,8.1200,8.1300,9,1839,2467,893,475,152,1044,346,432,387
SZ,002325,2017-01-03 10:16:39,8.0800,1,808.0000,1,S,8.0800,8.0700,8.0600,8.0500,8.0400,8.0900,8.1000,8.1100,8.1200,8.1300,14,1839,2441,893,475,202,1044,346,432,387
SZ,002325,2017-01-03 10:16:45,8.0800,1,3232.0000,4,S,8.0800,8.0700,8.0600,8.0500,8.0400,8.0900,8.1000,8.1100,8.1200,8.1300,10,1839,2441,893,475,202,1044,346,432,387
SZ,002325,2017-01-03 10:16:48,8.0900,1,1616.0000,2,B,8.0800,8.0700,8.0600,8.0500,8.0400,8.0900,8.1000,8.1100,8.1200,8.1300,10,1839,2441,1293,475,200,1044,346,432,387
SZ,002325,2017-01-03 10:17:06,8.0700,6,159826.0000,198,S,8.0700,8.0600,8.0500,8.0400,8.0300,8.0900,8.1000,8.1100,8.1200,8.1300,1684,2441,1293,475,597,250,1044,346,432,387
SZ,002325,2017-01-03 10:17:18,8.0900,2,8898.0000,11,B,8.0800,8.0700,8.0600,8.0500,8.0400,8.0900,8.1000,8.1100,8.1200,8.1300,21,1684,2441,1293,475,310,1049,346,432,387
SZ,002325,2017-01-03 10:17:33,8.0800,1,808.0000,1,S,8.0800,8.0700,8.0600,8.0500,8.0400,8.0900,8.1000,8.1100,8.1200,8.1300,55,684,2635,1293,475,581,920,346,432,367
SZ,002325,2017-01-03 10:17:39,8.0800,6,54154.0000,67,S,8.0800,8.0700,8.0600,8.0500,8.0400,8.0900,8.1000,8.1100,8.1200,8.1300,8,694,2585,1293,475,564,925,346,432,367
SZ,002325,2017-01-03 10:17:45,8.0800,2,6464.0000,8,S,8.0700,8.0600,8.0500,8.0400,8.0300,8.0800,8.0900,8.1000,8.1100,8.1200,744,2585,1293,475,597,7,571,925,346,432
SZ,002325,2017-01-03 10:17:54,8.0800,1,808.0000,1,B,8.0700,8.0600,8.0500,8.0400,8.0300,8.0800,8.0900,8.1000,8.1100,8.1200,754,2585,1293,475,597,16,581,925,346,432
SZ,002325,2017-01-03 10:18:00,8.0800,1,4040.0000,5,B,8.0700,8.0600,8.0500,8.0400,8.0300,8.0800,8.0900,8.1000,8.1100,8.1200,754,2585,1293,475,597,11,587,925,346,432
SZ,002325,2017-01-03 10:18:12,8.0800,2,4040.0000,5,B,8.0700,8.0600,8.0500,8.0400,8.0300,8.0900,8.1000,8.1100,8.1200,8.1300,754,2585,1293,475,597,827,925,346,432,367
SZ,002325,2017-01-03 10:18:48,8.0900,1,65530.0000,81,B,8.0800,8.0700,8.0600,8.0500,8.0400,8.0900,8.1000,8.1100,8.1200,8.1300,762,795,2585,1303,475,860,920,346,432,367
SZ,002325,2017-01-03 10:18:51,8.0800,2,161600.0000,200,S,8.0800,8.0700,8.0600,8.0500,8.0400,8.0900,8.1000,8.1100,8.1200,8.1300,562,795,2585,1303,475,860,920,346,432,367
SZ,002325,2017-01-03 10:19:09,8.0900,3,10516.0000,13,B,8.0800,8.0700,8.0600,8.0500,8.0400,8.0900,8.1000,8.1100,8.1200,8.1300,562,795,2585,1303,475,837,920,346,432,367
SZ,002325,2017-01-03 10:19:12,8.0900,2,10516.0000,13,B,8.0800,8.0700,8.0600,8.0500,8.0400,8.0900,8.1000,8.1100,8.1200,8.1300,562,795,2585,1303,475,824,920,346,432,367
SZ,002325,2017-01-03 10:19:21,8.0800,1,8080.0000,10,S,8.0800,8.0700,8.0600,8.0500,8.0400,8.0900,8.1000,8.1100,8.1200,8.1300,552,822,2491,1303,475,834,959,346,432,367
SZ,002325,2017-01-03 10:19:24,8.0900,4,76048.0000,94,B,8.0800,8.0700,8.0600,8.0500,8.0400,8.0900,8.1000,8.1100,8.1200,8.1300,552,822,2491,1303,475,740,959,346,432,367
SZ,002325,2017-01-03 10:19:27,8.0900,5,55820.0000,69,B,8.0800,8.0700,8.0600,8.0500,8.0400,8.0900,8.1000,8.1100,8.1200,8.1300,552,822,2491,1303,475,671,959,346,432,361
SZ,002325,2017-01-03 10:19:39,8.0900,2,11326.0000,14,B,8.0800,8.0700,8.0600,8.0500,8.0400,8.0900,8.1000,8.1100,8.1200,8.1300,562,822,2491,1293,475,656,959,346,432,361
SZ,002325,2017-01-03 10:19:45,8.0800,1,5656.0000,7,S,8.0800,8.0700,8.0600,8.0500,8.0400,8.0900,8.1000,8.1100,8.1200,8.1300,555,822,2391,1293,475,637,959,346,432,361
SZ,002325,2017-01-03 10:19:48,8.0900,4,46114.0000,57,B,8.0800,8.0700,8.0600,8.0500,8.0400,8.0900,8.1000,8.1100,8.1200,8.1300,555,822,2391,1293,475,580,959,346,432,361
SZ,002325,2017-01-03 10:19:51,8.0900,3,83326.0000,103,B,8.0800,8.0700,8.0600,8.0500,8.0400,8.0900,8.1000,8.1100,8.1200,8.1300,555,822,2391,1293,475,477,959,359,420,361
SZ,002325,2017-01-03 10:19:54,8.0800,1,36474.0000,45,S,8.0800,8.0700,8.0600,8.0500,8.0400,8.0900,8.1000,8.1100,8.1200,8.1300,509,822,2391,1293,475,477,959,359,420,361
SZ,002325,2017-01-03 10:19:57,8.0800,1,242400.0000,300,S,8.0800,8.0700,8.0600,8.0500,8.0400,8.0900,8.1000,8.1100,8.1200,8.1300,209,822,2391,1293,475,477,959,359,420,361
SZ,002325,2017-01-03 10:20:09,8.0900,2,10516.0000,13,B,8.0800,8.0700,8.0600,8.0500,8.0400,8.0900,8.1000,8.1100,8.1200,8.1300,209,823,2391,1293,475,363,959,359,420,461
SZ,002325,2017-01-03 10:20:12,8.0900,2,101124.0000,125,B,8.0800,8.0700,8.0600,8.0500,8.0400,8.0900,8.1000,8.1100,8.1200,8.1300,209,823,2391,1293,475,243,959,359,420,461
SZ,002325,2017-01-03 10:20:21,8.0900,1,7282.0000,9,B,8.0800,8.0700,8.0600,8.0500,8.0400,8.0900,8.1000,8.1100,8.1200,8.1300,209,823,2411,1313,475,234,959,359,420,461
SZ,002325,2017-01-03 10:20:24,8.0900,2,17798.0000,22,B,8.0800,8.0700,8.0600,8.0500,8.0400,8.0900,8.1000,8.1100,8.1200,8.1300,239,875,2411,1313,475,214,959,359,420,461
SZ,002325,2017-01-03 10:20:27,8.0900,1,16988.0000,21,B,8.0800,8.0700,8.0600,8.0500,8.0400,8.0900,8.1000,8.1100,8.1200,8.1300,239,875,2411,1313,475,213,959,359,420,461
SZ,002325,2017-01-03 10:20:39,8.0900,4,25070.0000,31,B,8.0800,8.0700,8.0600,8.0500,8.0400,8.0900,8.1000,8.1100,8.1200,8.1300,229,875,2411,1313,475,285,959,359,420,461
SZ,002325,2017-01-03 10:20:42,8.0800,1,1616.0000,2,S,8.0800,8.0700,8.0600,8.0500,8.0400,8.0900,8.1000,8.1100,8.1200,8.1300,227,875,2411,1313,475,285,959,359,420,461
SZ,002325,2017-01-03 10:20:45,8.0900,1,20226.0000,25,B,8.0800,8.0700,8.0600,8.0500,8.0400,8.0900,8.1000,8.1100,8.1200,8.1300,227,855,2411,1313,475,360,959,364,420,461
SZ,002325,2017-01-03 10:20:48,8.0900,1,13752.0000,17,B,8.0800,8.0700,8.0600,8.0500,8.0400,8.0900,8.1000,8.1100,8.1200,8.1300,227,855,2411,1313,475,343,959,364,420,461
SZ,002325,2017-01-03 10:21:09,8.0900,2,10516.0000,13,B,8.0800,8.0700,8.0600,8.0500,8.0400,8.0900,8.1000,8.1100,8.1200,8.1300,250,855,2413,1313,475,343,969,364,444,461
SZ,002325,2017-01-03 10:21:18,8.0900,2,33170.0000,41,B,8.0800,8.0700,8.0600,8.0500,8.0400,8.0900,8.1000,8.1100,8.1200,8.1300,250,875,2413,1313,475,323,969,364,444,461
SZ,002325,2017-01-03 10:21:21,8.0900,5,33978.0000,42,B,8.0800,8.0700,8.0600,8.0500,8.0400,8.0900,8.1000,8.1100,8.1200,8.1300,250,875,2413,1313,475,281,969,364,444,461
SZ,002325,2017-01-03 10:21:24,8.0900,2,6472.0000,8,B,8.0800,8.0700,8.0600,8.0500,8.0400,8.0900,8.1000,8.1100,8.1200,8.1300,320,875,2413,1313,475,273,969,364,444,461
SZ,002325,2017-01-03 10:21:33,8.0900,5,40450.0000,50,B,8.0800,8.0700,8.0600,8.0500,8.0400,8.0900,8.1000,8.1100,8.1200,8.1300,331,875,2413,1313,475,276,969,364,444,461
SZ,002325,2017-01-03 10:21:39,8.0900,1,11326.0000,14,B,8.0800,8.0700,8.0600,8.0500,8.0400,8.0900,8.1000,8.1100,8.1200,8.1300,331,875,2413,1313,475,269,969,364,430,461
SZ,002325,2017-01-03 10:21:54,8.0900,2,13752.0000,17,B,8.0800,8.0700,8.0600,8.0500,8.0400,8.0900,8.1000,8.1100,8.1200,8.1300,331,975,2413,1313,475,300,979,364,430,461
SZ,002325,2017-01-03 10:21:57,8.0900,1,810.0000,1,B,8.0800,8.0700,8.0600,8.0500,8.0400,8.0900,8.1000,8.1100,8.1200,8.1300,331,990,2413,1313,475,299,979,364,430,461
SZ,002325,2017-01-03 10:22:06,8.0900,2,80900.0000,100,B,8.0800,8.0700,8.0600,8.0500,8.0400,8.0900,8.1000,8.1100,8.1200,8.1300,388,1010,2413,1313,475,190,984,351,450,461
SZ,002325,2017-01-03 10:22:09,8.0900,1,10518.0000,13,B,8.0800,8.0700,8.0600,8.0500,8.0400,8.0900,8.1000,8.1100,8.1200,8.1300,388,1010,2413,1313,475,267,984,351,450,461
SZ,002325,2017-01-03 10:22:12,8.0900,1,808.0000,1,B,8.0800,8.0700,8.0600,8.0500,8.0400,8.0900,8.1000,8.1100,8.1200,8.1300,388,1010,2413,1313,475,266,984,351,450,461
SZ,002325,2017-01-03 10:22:33,8.0800,1,12120.0000,15,S,8.0800,8.0700,8.0600,8.0500,8.0400,8.0900,8.1000,8.1100,8.1200,8.1300,467,998,2413,1313,475,299,984,351,450,461
SZ,002325,2017-01-03 10:22:42,8.0900,12,229756.0000,284,B,8.0800,8.0700,8.0600,8.0500,8.0400,8.0900,8.1000,8.1100,8.1200,8.1300,467,998,2413,1313,475,15,984,351,450,461
SZ,002325,2017-01-03 10:22:48,8.0900,1,5664.0000,7,B,8.0800,8.0700,8.0600,8.0500,8.0400,8.0900,8.1000,8.1100,8.1200,8.1300,467,998,2413,1313,475,122,984,351,450,461
SZ,002325,2017-01-03 10:23:00,8.0900,5,118648.0000,147,B,8.0900,8.0800,8.0700,8.0600,8.0500,8.1000,8.1100,8.1200,8.1300,8.1400,29,467,998,2413,1313,984,351,450,461,390
SZ,002325,2017-01-03 10:23:09,8.1000,7,43984.0000,54,B,8.0800,8.0700,8.0600,8.0500,8.0400,8.1000,8.1100,8.1200,8.1300,8.1400,467,998,2413,1313,475,959,351,450,461,390
SZ,002325,2017-01-03 10:23:12,8.0900,2,11340.0000,14,S,8.0800,8.0700,8.0600,8.0500,8.0400,8.0900,8.1000,8.1100,8.1200,8.1300,467,998,2413,1313,475,2,946,351,450,461
SZ,002325,2017-01-03 10:23:21,8.0900,1,21032.0000,26,B,8.0800,8.0700,8.0600,8.0500,8.0400,8.0900,8.1000,8.1100,8.1200,8.1300,467,998,2413,1313,475,182,956,355,450,461
SZ,002325,2017-01-03 10:23:24,8.0800,1,1616.0000,2,S,8.0800,8.0700,8.0600,8.0500,8.0400,8.0900,8.1000,8.1100,8.1200,8.1300,465,998,2413,1313,475,182,956,355,450,461
SZ,002325,2017-01-03 10:23:36,8.0800,1,7272.0000,9,S,8.0800,8.0700,8.0600,8.0500,8.0400,8.0900,8.1000,8.1100,8.1200,8.1300,407,998,2413,1310,475,202,1030,355,440,461
SZ,002325,2017-01-03 10:23:42,8.0900,1,11328.0000,14,B,8.0800,8.0700,8.0600,8.0500,8.0400,8.0900,8.1000,8.1100,8.1200,8.1300,407,998,2413,1280,475,283,1030,355,440,461
SZ,002325,2017-01-03 10:23:45,8.0900,1,21842.0000,27,B,8.0800,8.0700,8.0600,8.0500,8.0400,8.0900,8.1000,8.1100,8.1200,8.1300,411,998,2413,1280,475,265,1030,355,440,461
SZ,002325,2017-01-03 10:23:51,8.0900,1,23462.0000,29,B,8.0800,8.0700,8.0600,8.0500,8.0400,8.0900,8.1000,8.1100,8.1200,8.1300,411,998,2413,1280,475,236,1030,355,440,461
SZ,002325,2017-01-03 10:24:12,8.0900,1,10516.0000,13,B,8.0800,8.0700,8.0600,8.0500,8.0400,8.0900,8.1000,8.1100,8.1200,8.1300,416,981,2413,1280,475,288,1030,355,440,461
SZ,002325,2017-01-03 10:24:18,8.0900,6,228948.0000,283,B,8.0800,8.0700,8.0600,8.0500,8.0400,8.0900,8.1000,8.1100,8.1200,8.1300,416,981,2413,1280,475,105,1030,355,440,455
SZ,002325,2017-01-03 10:24:36,8.0800,1,808.0000,1,S,8.0800,8.0700,8.0600,8.0500,8.0400,8.0900,8.1000,8.1100,8.1200,8.1300,416,981,2413,1280,475,111,1050,355,440,455
SZ,002325,2017-01-03 10:24:42,8.0900,2,10516.0000,13,B,8.0800,8.0700,8.0600,8.0500,8.0400,8.0900,8.1000,8.1100,8.1200,8.1300,416,981,2413,1280,466,98,1050,355,440,455
SZ,002325,2017-01-03 10:24:45,8.0900,1,40450.0000,50,B,8.0800,8.0700,8.0600,8.0500,8.0400,8.0900,8.1000,8.1100,8.1200,8.1300,416,981,2413,1280,466,48,1050,355,470,455
SZ,002325,2017-01-03 10:24:48,8.0900,1,16180.0000,20,B,8.0800,8.0700,8.0600,8.0500,8.0400,8.0900,8.1000,8.1100,8.1200,8.1300,416,981,2413,1280,466,28,976,355,470,455
SZ,002325,2017-01-03 10:24:54,8.0900,4,40190.0000,50,B,8.0900,8.0800,8.0700,8.0600,8.0500,8.1000,8.1100,8.1200,8.1300,8.1400,328,416,981,2413,1280,976,355,470,455,390
SZ,002325,2017-01-03 10:24:57,8.0900,1,134296.0000,166,S,8.0900,8.0800,8.0700,8.0600,8.0500,8.1000,8.1100,8.1200,8.1300,8.1400,162,416,981,2413,1280,976,355,470,455,390
SZ,002325,2017-01-03 10:25:12,8.1000,2,10528.0000,13,B,8.0900,8.0800,8.0700,8.0600,8.0500,8.1000,8.1100,8.1200,8.1300,8.1400,176,412,981,2413,1280,973,355,470,455,390
SZ,002325,2017-01-03 10:25:21,8.0900,1,2428.0000,3,S,8.0900,8.0800,8.0700,8.0600,8.0500,8.1000,8.1100,8.1200,8.1300,8.1400,203,412,981,2413,1280,973,355,470,455,390
SZ,002325,2017-01-03 10:25:42,8.1000,2,11340.0000,14,B,8.0900,8.0800,8.0700,8.0600,8.0500,8.1000,8.1100,8.1200,8.1300,8.1400,273,430,1001,2413,1280,1018,355,470,455,390
SZ,002325,2017-01-03 10:26:09,8.1000,1,1620.0000,2,B,8.0900,8.0800,8.0700,8.0600,8.0500,8.1000,8.1100,8.1200,8.1300,8.1400,273,460,1063,2413,1280,1095,355,470,455,390
SZ,002325,2017-01-03 10:26:12,8.1000,1,10530.0000,13,B,8.0900,8.0800,8.0700,8.0600,8.0500,8.1000,8.1100,8.1200,8.1300,8.1400,273,460,1063,2413,1280,1082,355,470,455,390
SZ,002325,2017-01-03 10:26:15,8.1000,1,17010.0000,21,B,8.0900,8.0800,8.0700,8.0600,8.0500,8.1000,8.1100,8.1200,8.1300,8.1400,273,460,1063,2413,1280,1061,355,470,455,390
SZ,002325,2017-01-03 10:26:18,8.0900,1,9708.0000,12,S,8.0900,8.0800,8.0700,8.0600,8.0500,8.1000,8.1100,8.1200,8.1300,8.1400,261,464,1063,2413,1280,1061,355,470,455,390
SZ,002325,2017-01-03 10:26:21,8.1000,1,17010.0000,21,B,8.0900,8.0800,8.0700,8.0600,8.0500,8.1000,8.1100,8.1200,8.1300,8.1400,261,464,1063,2413,1280,1062,355,470,455,390
SZ,002325,2017-01-03 10:26:27,8.1000,1,19440.0000,24,B,8.0900,8.0800,8.0700,8.0600,8.0500,8.1000,8.1100,8.1200,8.1300,8.1400,266,464,1059,2413,1280,1038,355,470,455,390
SZ,002325,2017-01-03 10:26:33,8.1000,4,35640.0000,44,B,8.0900,8.0800,8.0700,8.0600,8.0500,8.1000,8.1100,8.1200,8.1300,8.1400,266,464,997,2413,1280,1004,355,470,455,390
SZ,002325,2017-01-03 10:26:36,8.1000,2,74446.0000,92,B,8.0900,8.0800,8.0700,8.0600,8.0500,8.1000,8.1100,8.1200,8.1300,8.1400,192,525,997,2413,1280,986,355,470,455,390
SZ,002325,2017-01-03 10:26:42,8.1000,1,10530.0000,13,B,8.0900,8.0800,8.0700,8.0600,8.0500,8.1000,8.1100,8.1200,8.1300,8.1400,192,525,997,2413,1280,973,355,470,455,390
SZ,002325,2017-01-03 10:26:54,8.1000,2,22680.0000,28,B,8.0900,8.0800,8.0700,8.0600,8.0500,8.1000,8.1100,8.1200,8.1300,8.1400,192,525,997,2413,1280,923,355,470,455,390
SZ,002325,2017-01-03 10:27:09,8.1000,1,810.0000,1,B,8.0900,8.0800,8.0700,8.0600,8.0500,8.1000,8.1100,8.1200,8.1300,8.1400,192,525,997,2413,1280,1105,360,470,455,390
SZ,002325,2017-01-03 10:27:12,8.1000,3,10530.0000,13,B,8.0900,8.0800,8.0700,8.0600,8.0500,8.1000,8.1100,8.1200,8.1300,8.1400,192,525,997,2413,1280,1096,360,470,455,390
SZ,002325,2017-01-03 10:27:15,8.1000,2,20250.0000,25,B,8.0900,8.0800,8.0700,8.0600,8.0500,8.1000,8.1100,8.1200,8.1300,8.1400,192,525,997,2413,1280,1071,360,470,455,390
SZ,002325,2017-01-03 10:27:18,8.1000,45,867696.0000,1071,B,8.1000,8.0900,8.0800,8.0700,8.0600,8.1100,8.1200,8.1300,8.1400,8.1500,454,203,525,997,2413,360,470,455,390,967
SZ,002325,2017-01-03 10:27:27,8.1100,1,4866.0000,6,B,8.1000,8.0900,8.0800,8.0700,8.0600,8.1100,8.1200,8.1300,8.1400,8.1500,456,193,525,1009,2413,354,470,455,390,967
SZ,002325,2017-01-03 10:27:33,8.1100,1,20274.0000,25,B,8.1000,8.0900,8.0800,8.0700,8.0600,8.1100,8.1200,8.1300,8.1400,8.1500,456,193,525,1009,2413,329,470,455,410,967
SZ,002325,2017-01-03 10:27:36,8.1100,1,4868.0000,6,B,8.1000,8.0900,8.0800,8.0700,8.0600,8.1100,8.1200,8.1300,8.1400,8.1500,456,193,525,1009,2413,323,470,455,410,967
SZ,002325,2017-01-03 10:27:42,8.1100,2,11352.0000,14,B,8.1000,8.0900,8.0800,8.0700,8.0600,8.1100,8.1200,8.1300,8.1400,8.1500,497,193,525,1009,2413,320,440,455,410,1019
SZ,002325,2017-01-03 10:27:45,8.1100,8,162200.0000,200,B,8.1000,8.0900,8.0800,8.0700,8.0600,8.1100,8.1200,8.1300,8.1400,8.1500,497,193,525,1009,2413,120,440,455,410,1019
SZ,002325,2017-01-03 10:27:48,8.1100,5,40552.0000,50,B,8.1000,8.0900,8.0800,8.0700,8.0600,8.1100,8.1200,8.1300,8.1400,8.1500,497,193,525,1009,2413,70,420,455,410,1019
SZ,002325,2017-01-03 10:27:51,8.1100,9,56768.0000,70,B,8.1100,8.1000,8.0900,8.0800,8.0700,8.1200,8.1300,8.1400,8.1500,8.1600,217,497,213,525,1009,420,455,410,1019,395
SZ,002325,2017-01-03 10:28:06,8.1200,2,4060.0000,5,B,8.1100,8.1000,8.0900,8.0800,8.0700,8.1200,8.1300,8.1400,8.1500,8.1600,299,531,213,531,1009,445,455,419,1019,395
SZ,002325,2017-01-03 10:28:12,8.1200,8,45464.0000,56,B,8.1100,8.1000,8.0900,8.0800,8.0700,8.1200,8.1300,8.1400,8.1500,8.1600,240,531,143,519,959,387,455,419,1019,395
SZ,002325,2017-01-03 10:28:15,8.1200,3,30044.0000,37,B,8.1100,8.1000,8.0900,8.0800,8.0700,8.1200,8.1300,8.1400,8.1500,8.1600,240,531,143,519,959,350,455,419,967,395
SZ,002325,2017-01-03 10:28:18,8.1100,3,9742.0000,12,S,8.1100,8.1000,8.0900,8.0800,8.0700,8.1200,8.1300,8.1400,8.1500,8.1600,246,531,123,506,959,339,455,419,967,395
SZ,002325,2017-01-03 10:28:21,8.1100,5,48710.0000,60,S,8.1100,8.1000,8.0900,8.0800,8.0700,8.1200,8.1300,8.1400,8.1500,8.1600,236,531,123,506,959,289,455,419,967,395
SZ,002325,2017-01-03 10:28:24,8.1200,2,1624.0000,2,B,8.1100,8.1000,8.0900,8.0800,8.0700,8.1200,8.1300,8.1400,8.1500,8.1600,236,531,123,496,969,297,455,419,917,395
SZ,002325,2017-01-03 10:28:27,8.1200,1,4872.0000,6,B,8.1100,8.1000,8.0900,8.0800,8.0700,8.1200,8.1300,8.1400,8.1500,8.1600,236,551,123,496,969,291,477,419,917,395
SZ,002325,2017-01-03 10:28:30,8.1200,2,51968.0000,64,B,8.1100,8.1000,8.0900,8.0800,8.0700,8.1200,8.1300,8.1400,8.1500,8.1600,236,551,123,543,969,227,477,469,917,395
SZ,002325,2017-01-03 10:28:33,8.1100,1,24330.0000,30,S,8.1100,8.1000,8.0900,8.0800,8.0700,8.1200,8.1300,8.1400,8.1500,8.1600,210,551,93,543,969,230,477,522,917,395
SZ,002325,2017-01-03 10:28:36,8.1200,7,64950.0000,80,B,8.1100,8.1000,8.0900,8.0800,8.0700,8.1200,8.1300,8.1400,8.1500,8.1600,200,551,93,543,969,161,480,522,937,395
SZ,002325,2017-01-03 10:28:42,8.1200,3,33292.0000,41,B,8.1100,8.1000,8.0900,8.0800,8.0700,8.1200,8.1300,8.1400,8.1500,8.1600,200,551,98,555,969,120,480,522,937,402
SZ,002325,2017-01-03 10:28:45,8.1200,4,30044.0000,37,B,8.1100,8.1000,8.0900,8.0800,8.0700,8.1200,8.1300,8.1400,8.1500,8.1600,991,551,98,555,969,96,480,522,937,402
SZ,002325,2017-01-03 10:28:48,8.1200,1,1624.0000,2,B,8.1100,8.1000,8.0900,8.0800,8.0700,8.1200,8.1300,8.1400,8.1500,8.1600,1105,551,98,555,969,91,480,522,927,454
SZ,002325,2017-01-03 10:28:51,8.1200,7,73892.0000,91,B,8.1200,8.1100,8.1000,8.0900,8.0800,8.1300,8.1400,8.1500,8.1600,8.1700,24,1105,551,98,555,480,522,927,454,198
SZ,002325,2017-01-03 10:29:06,8.1300,4,20324.0000,25,B,8.1200,8.1100,8.1000,8.0900,8.0800,8.1300,8.1400,8.1500,8.1600,8.1700,155,1102,551,98,613,1225,521,927,454,198
SZ,002325,2017-01-03 10:29:09,8.1200,4,40600.0000,50,S,8.1200,8.1100,8.1000,8.0900,8.0800,8.1300,8.1400,8.1500,8.1600,8.1700,105,1102,531,98,613,1228,521,931,454,198
SZ,002325,2017-01-03 10:29:15,8.1300,6,52826.0000,65,B,8.1200,8.1100,8.1000,8.0900,8.0800,8.1300,8.1400,8.1500,8.1600,8.1700,85,1102,531,98,614,1198,521,931,454,198
SZ,002325,2017-01-03 10:29:18,8.1200,2,35742.0000,44,S,8.1200,8.1100,8.1000,8.0900,8.0800,8.1300,8.1400,8.1500,8.1600,8.1700,55,1102,531,98,614,1209,525,751,454,198
SZ,002325,2017-01-03 10:29:24,8.1200,5,47144.0000,58,S,8.1200,8.1100,8.1000,8.0900,8.0800,8.1300,8.1400,8.1500,8.1600,8.1700,144,1102,531,98,615,1162,525,751,474,198
SZ,002325,2017-01-03 10:29:27,8.1300,1,4876.0000,6,B,8.1200,8.1100,8.1000,8.0900,8.0800,8.1300,8.1400,8.1500,8.1600,8.1700,144,1102,531,98,615,1156,525,751,474,198
SZ,002325,2017-01-03 10:29:30,8.1200,2,14620.0000,18,S,8.1200,8.1100,8.1000,8.0900,8.0800,8.1300,8.1400,8.1500,8.1600,8.1700,129,1096,531,98,615,1153,525,751,474,198
SZ,002325,2017-01-03 10:29:33,8.1200,2,104748.0000,129,S,8.1100,8.1000,8.0900,8.0800,8.0700,8.1200,8.1300,8.1400,8.1500,8.1600,1096,531,98,615,1054,171,1153,525,1084,474
SZ,002325,2017-01-03 10:29:36,8.1300,14,404676.0000,498,B,8.1100,8.1000,8.0900,8.0800,8.0700,8.1300,8.1400,8.1500,8.1600,8.1700,940,511,98,615,1049,902,525,1084,474,198
SZ,002325,2017-01-03 10:29:39,8.1200,2,8120.0000,10,S,8.1100,8.1000,8.0900,8.0800,8.0700,8.1300,8.1400,8.1500,8.1600,8.1700,940,511,98,615,1049,902,521,1084,474,198
SZ,002325,2017-01-03 10:29:42,8.1300,5,69920.0000,86,B,8.1200,8.1100,8.1000,8.0900,8.0800,8.1300,8.1400,8.1500,8.1600,8.1700,30,945,511,93,614,816,521,1084,394,198
SZ,002325,2017-01-03 10:29:45,8.1200,2,12192.0000,15,S,8.1200,8.1100,8.1000,8.0900,8.0800,8.1300,8.1400,8.1500,8.1600,8.1700,28,965,511,93,614,890,521,1084,394,198
SZ,002325,2017-01-03 10:29:48,8.1300,3,99166.0000,122,B,8.1200,8.1100,8.1000,8.0900,8.0800,8.1300,8.1400,8.1500,8.1600,8.1700,8,965,521,93,614,763,521,1084,394,198
SZ,002325,2017-01-03 10:29:54,8.1300,2,20326.0000,25,B,8.1200,8.1100,8.1000,8.0900,8.0800,8.1300,8.1400,8.1500,8.1600,8.1700,48,965,521,93,614,1420,531,1114,394,198
SZ,002325,2017-01-03 10:30:00,8.1200,3,41412.0000,51,S,8.1100,8.1000,8.0900,8.0800,8.0700,8.1200,8.1300,8.1400,8.1500,8.1600,965,521,93,614,1049,269,1439,536,1114,394
SZ,002325,2017-01-03 10:30:03,8.1200,1,76328.0000,94,B,8.1100,8.1000,8.0900,8.0800,8.0700,8.1200,8.1300,8.1400,8.1500,8.1600,965,521,93,567,1049,185,1441,536,1114,394
SZ,002325,2017-01-03 10:30:06,8.1200,3,15428.0000,19,B,8.1100,8.1000,8.0900,8.0800,8.0700,8.1200,8.1300,8.1400,8.1500,8.1600,965,521,93,567,1049,166,1451,536,1099,394
SZ,002325,2017-01-03 10:30:09,8.1200,2,9744.0000,12,B,8.1100,8.1000,8.0900,8.0800,8.0700,8.1200,8.1300,8.1400,8.1500,8.1600,965,521,93,567,1049,184,1451,536,1099,394
SZ,002325,2017-01-03 10:30:12,8.1200,2,12992.0000,16,B,8.1100,8.1000,8.0900,8.0800,8.0700,8.1200,8.1300,8.1400,8.1500,8.1600,965,521,93,567,1049,268,1357,547,1099,394
SZ,002325,2017-01-03 10:30:15,8.1200,1,10556.0000,13,B,8.1100,8.1000,8.0900,8.0800,8.0700,8.1200,8.1300,8.1400,8.1500,8.1600,965,521,93,567,1049,255,1357,547,1099,394
SZ,002325,2017-01-03 10:30:18,8.1200,1,2436.0000,3,B,8.1100,8.1000,8.0900,8.0800,8.0700,8.1200,8.1300,8.1400,8.1500,8.1600,965,521,93,567,1049,252,1357,547,1099,394
SZ,002325,2017-01-03 10:30:21,8.1200,2,28420.0000,35,B,8.1100,8.1000,8.0900,8.0800,8.0700,8.1200,8.1300,8.1400,8.1500,8.1600,965,521,93,567,1049,247,1357,547,1099,394
SZ,002325,2017-01-03 10:30:30,8.1200,1,8932.0000,11,B,8.1100,8.1000,8.0900,8.0800,8.0700,8.1200,8.1300,8.1400,8.1500,8.1600,966,638,93,582,1049,316,1348,547,1129,394
SZ,002325,2017-01-03 10:30:33,8.1200,2,10556.0000,13,B,8.1100,8.1000,8.0900,8.0800,8.0700,8.1200,8.1300,8.1400,8.1500,8.1600,966,638,93,582,1061,303,1348,547,1139,394
SZ,002325,2017-01-03 10:30:39,8.1200,3,35728.0000,44,B,8.1100,8.1000,8.0900,8.0800,8.0700,8.1200,8.1300,8.1400,8.1500,8.1600,966,638,193,582,1061,420,1348,547,1139,394
SZ,002325,2017-01-03 10:30:42,8.1200,1,4060.0000,5,B,8.1100,8.1000,8.0900,8.0800,8.0700,8.1200,8.1300,8.1400,8.1500,8.1600,966,638,120,582,1061,405,1353,547,806,394
SZ,002325,2017-01-03 10:30:45,8.1200,2,10556.0000,13,B,8.1100,8.1000,8.0900,8.0800,8.0700,8.1200,8.1300,8.1400,8.1500,8.1600,966,638,135,582,1061,392,1353,547,806,394
SZ,002325,2017-01-03 10:30:48,8.1200,2,9744.0000,12,B,8.1100,8.1000,8.0900,8.0800,8.0700,8.1200,8.1300,8.1400,8.1500,8.1600,966,638,135,582,1061,410,762,567,806,394
SZ,002325,2017-01-03 10:30:51,8.1200,2,24360.0000,30,B,8.1100,8.1000,8.0900,8.0800,8.0700,8.1200,8.1300,8.1400,8.1500,8.1600,973,638,135,582,1061,390,762,567,806,394
SZ,002325,2017-01-03 10:30:57,8.1200,6,177016.0000,218,B,8.1100,8.1000,8.0900,8.0800,8.0700,8.1200,8.1300,8.1400,8.1500,8.1600,973,638,135,582,1061,172,762,567,806,394
SZ,002325,2017-01-03 10:31:09,8.1200,2,16240.0000,20,B,8.1100,8.1000,8.0900,8.0800,8.0700,8.1200,8.1300,8.1400,8.1500,8.1600,973,642,131,616,1061,239,216,517,807,394
SZ,002325,2017-01-03 10:31:12,8.1200,3,16240.0000,20,B,8.1100,8.1000,8.0900,8.0800,8.0700,8.1200,8.1300,8.1400,8.1500,8.1600,973,642,131,616,1061,219,216,517,807,394
SZ,002325,2017-01-03 10:31:15,8.1200,3,18676.0000,23,B,8.1100,8.1000,8.0900,8.0800,8.0700,8.1200,8.1300,8.1400,8.1500,8.1600,973,642,131,616,1061,196,216,517,807,394
SZ,002325,2017-01-03 10:31:27,8.1200,1,4060.0000,5,B,8.1100,8.1000,8.0900,8.0800,8.0700,8.1200,8.1300,8.1400,8.1500,8.1600,983,692,151,616,1061,188,221,517,807,394
SZ,002325,2017-01-03 10:31:30,8.1200,1,20300.0000,25,B,8.1100,8.1000,8.0900,8.0800,8.0700,8.1200,8.1300,8.1400,8.1500,8.1600,983,692,151,616,1061,163,221,517,807,394
SZ,002325,2017-01-03 10:31:33,8.1100,1,20274.0000,25,S,8.1100,8.1000,8.0900,8.0800,8.0700,8.1200,8.1300,8.1400,8.1500,8.1600,958,692,170,608,1061,225,221,517,837,394
SZ,002325,2017-01-03 10:31:42,8.1200,2,20300.0000,25,B,8.1100,8.1000,8.0900,8.0800,8.0700,8.1200,8.1300,8.1400,8.1500,8.1600,958,238,170,608,1061,282,226,517,837,394
SZ,002325,2017-01-03 10:31:45,8.1200,6,51156.0000,63,B,8.1100,8.1000,8.0900,8.0800,8.0700,8.1200,8.1300,8.1400,8.1500,8.1600,958,228,170,608,1061,790,226,514,837,396
SZ,002325,2017-01-03 10:31:54,8.1200,3,39788.0000,49,B,8.1100,8.1000,8.0900,8.0800,8.0700,8.1200,8.1300,8.1400,8.1500,8.1600,958,228,150,608,1061,916,260,514,837,396
SZ,002325,2017-01-03 10:32:06,8.1200,5,48670.0000,60,B,8.1100,8.1000,8.0900,8.0800,8.0700,8.1200,8.1300,8.1400,8.1500,8.1600,908,228,150,608,1061,913,260,514,837,396
SZ,002325,2017-01-03 10:32:12,8.1200,4,23528.0000,29,B,8.1100,8.1000,8.0900,8.0800,8.0700,8.1200,8.1300,8.1400,8.1500,8.1600,889,228,150,628,1061,903,260,514,812,396
SZ,002325,2017-01-03 10:32:15,8.1200,3,51156.0000,63,B,8.1100,8.1000,8.0900,8.0800,8.0700,8.1200,8.1300,8.1400,8.1500,8.1600,889,228,150,628,1061,840,260,514,812,396
SZ,002325,2017-01-03 10:32:18,8.1200,1,4060.0000,5,B,8.1100,8.1000,8.0900,8.0800,8.0700,8.1200,8.1300,8.1400,8.1500,8.1600,889,228,150,628,1070,835,260,514,812,396
SZ,002325,2017-01-03 10:32:21,8.1200,1,4872.0000,6,B,8.1100,8.1000,8.0900,8.0800,8.0700,8.1200,8.1300,8.1400,8.1500,8.1600,889,227,150,628,1070,829,260,514,812,396
SZ,002325,2017-01-03 10:32:24,8.1100,1,812.0000,1,S,8.1100,8.1000,8.0900,8.0800,8.0700,8.1200,8.1300,8.1400,8.1500,8.1600,792,227,150,628,1070,829,255,514,812,396
SZ,002325,2017-01-03 10:32:30,8.1200,1,4872.0000,6,B,8.1100,8.1000,8.0900,8.0800,8.0700,8.1200,8.1300,8.1400,8.1500,8.1600,792,227,150,628,1070,816,165,519,812,396
SZ,002325,2017-01-03 10:32:45,8.1200,5,20300.0000,25,B,8.1100,8.1000,8.0900,8.0800,8.0700,8.1200,8.1300,8.1400,8.1500,8.1600,801,227,150,628,1070,842,180,519,822,396
SZ,002325,2017-01-03 10:32:54,8.1100,1,19464.0000,24,S,8.1100,8.1000,8.0900,8.0800,8.0700,8.1200,8.1300,8.1400,8.1500,8.1600,777,227,172,639,870,1142,180,519,822,390
SZ,002325,2017-01-03 10:32:57,8.1100,1,8110.0000,10,S,8.1100,8.1000,8.0900,8.0800,8.0700,8.1200,8.1300,8.1400,8.1500,8.1600,767,229,172,639,870,1142,180,519,822,390
SZ,002325,2017-01-03 10:33:00,8.1100,1,16220.0000,20,S,8.1100,8.1000,8.0900,8.0800,8.0700,8.1200,8.1300,8.1400,8.1500,8.1600,747,229,172,639,870,1142,180,519,822,390
SZ,002325,2017-01-03 10:33:03,8.1200,1,812.0000,1,B,8.1100,8.1000,8.0900,8.0800,8.0700,8.1200,8.1300,8.1400,8.1500,8.1600,747,229,172,639,891,1141,180,519,822,390
SZ,002325,2017-01-03 10:33:06,8.1200,1,2436.0000,3,B,8.1100,8.1000,8.0900,8.0800,8.0700,8.1200,8.1300,8.1400,8.1500,8.1600,727,229,172,639,891,1138,180,519,822,390
SZ,002325,2017-01-03 10:33:12,8.1100,2,29226.0000,36,S,8.1100,8.1000,8.0900,8.0800,8.0700,8.1200,8.1300,8.1400,8.1500,8.1600,726,229,172,839,891,1108,180,519,822,390
SZ,002325,2017-01-03 10:33:15,8.1200,1,11368.0000,14,B,8.1100,8.1000,8.0900,8.0800,8.0700,8.1200,8.1300,8.1400,8.1500,8.1600,726,229,172,839,891,1094,180,512,822,390
SZ,002325,2017-01-03 10:33:21,8.1200,1,4060.0000,5,B,8.1100,8.1000,8.0900,8.0800,8.0700,8.1200,8.1300,8.1400,8.1500,8.1600,726,229,172,839,891,1114,175,512,822,390
SZ,002325,2017-01-03 10:33:24,8.1200,4,628488.0000,774,B,8.1100,8.1000,8.0900,8.0800,8.0700,8.1200,8.1300,8.1400,8.1500,8.1600,726,229,172,839,891,340,175,512,822,390
SZ,002325,2017-01-03 10:33:27,8.1200,6,196476.0000,242,B,8.1100,8.1000,8.0900,8.0800,8.0700,8.1200,8.1300,8.1400,8.1500,8.1600,708,229,172,839,891,126,175,512,822,390
SZ,002325,2017-01-03 10:33:42,8.1200,3,19488.0000,24,B,8.1100,8.1000,8.0900,8.0800,8.0700,8.1200,8.1300,8.1400,8.1500,8.1600,720,229,192,846,891,120,180,512,822,390
SZ,002325,2017-01-03 10:33:45,8.1200,1,10556.0000,13,B,8.1100,8.1000,8.0900,8.0800,8.0700,8.1200,8.1300,8.1400,8.1500,8.1600,720,229,192,846,891,107,180,512,822,390
SZ,002325,2017-01-03 10:33:48,8.1200,7,90944.0000,112,B,8.1200,8.1100,8.1000,8.0900,8.0800,8.1300,8.1400,8.1500,8.1600,8.1700,12,720,229,192,846,380,512,822,390,312
SZ,002325,2017-01-03 10:33:51,8.1300,4,30894.0000,38,B,8.1200,8.1100,8.1000,8.0900,8.0800,8.1300,8.1400,8.1500,8.1600,8.1700,12,711,229,170,846,342,512,822,390,312
SZ,002325,2017-01-03 10:33:57,8.1300,2,7314.0000,9,B,8.1200,8.1100,8.1000,8.0900,8.0800,8.1300,8.1400,8.1500,8.1600,8.1700,13,706,229,170,846,337,519,822,390,312
SZ,002325,2017-01-03 10:34:06,8.1300,7,44684.0000,55,B,8.1100,8.1000,8.0900,8.0800,8.0700,8.1300,8.1400,8.1500,8.1600,8.1700,722,266,150,832,891,317,524,822,390,312
SZ,002325,2017-01-03 10:34:12,8.1300,3,11380.0000,14,B,8.1100,8.1000,8.0900,8.0800,8.0700,8.1300,8.1400,8.1500,8.1600,8.1700,712,246,150,832,891,322,524,822,390,322
SZ,002325,2017-01-03 10:34:18,8.1300,3,10570.0000,13,B,8.1200,8.1100,8.1000,8.0900,8.0800,8.1300,8.1400,8.1500,8.1600,8.1700,2,712,246,50,832,309,524,822,390,332
SZ,002325,2017-01-03 10:34:24,8.1300,1,814.0000,1,B,8.1200,8.1100,8.1000,8.0900,8.0800,8.1300,8.1400,8.1500,8.1600,8.1700,22,712,246,53,832,374,534,822,450,332
SZ,002325,2017-01-03 10:34:30,8.1300,1,812.0000,1,B,8.1200,8.1100,8.1000,8.0900,8.0800,8.1300,8.1400,8.1500,8.1600,8.1700,22,712,246,53,832,373,574,822,450,332
SZ,002325,2017-01-03 10:34:33,8.1200,2,4872.0000,6,S,8.1200,8.1100,8.1000,8.0900,8.0800,8.1300,8.1400,8.1500,8.1600,8.1700,16,712,246,53,832,389,574,822,450,332
SZ,002325,2017-01-03 10:34:42,8.1200,1,12992.0000,16,S,8.1100,8.1000,8.0900,8.0800,8.0700,8.1200,8.1300,8.1400,8.1500,8.1600,712,246,53,832,891,10,434,574,692,450
SZ,002325,2017-01-03 10:34:48,8.1200,6,30880.0000,38,B,8.1100,8.1000,8.0900,8.0800,8.0700,8.1200,8.1300,8.1400,8.1500,8.1600,711,246,53,832,891,1,419,584,707,450
SZ,002325,2017-01-03 10:35:00,8.1200,2,9744.0000,12,B,8.1200,8.1100,8.1000,8.0900,8.0800,8.1300,8.1400,8.1500,8.1600,8.1700,13,711,251,53,832,420,584,707,450,336
SZ,002325,2017-01-03 10:35:03,8.1200,1,6496.0000,8,S,8.1200,8.1100,8.1000,8.0900,8.0800,8.1300,8.1400,8.1500,8.1600,8.1700,5,807,251,53,832,420,584,707,450,336
SZ,002325,2017-01-03 10:35:09,8.1200,1,4060.0000,5,S,8.1100,8.1000,8.0900,8.0800,8.0700,8.1200,8.1300,8.1400,8.1500,8.1600,807,251,53,832,891,18,420,584,707,465
SZ,002325,2017-01-03 10:35:12,8.1200,1,3248.0000,4,B,8.1100,8.1000,8.0900,8.0800,8.0700,8.1200,8.1300,8.1400,8.1500,8.1600,807,251,53,832,891,15,420,584,707,465
SZ,002325,2017-01-03 10:35:15,8.1300,5,26002.0000,32,B,8.1100,8.1000,8.0900,8.0800,8.0700,8.1200,8.1300,8.1400,8.1500,8.1600,807,251,53,832,891,20,403,584,707,465
SZ,002325,2017-01-03 10:35:18,8.1200,5,17864.0000,22,B,8.1100,8.1000,8.0900,8.0800,8.0700,8.1200,8.1300,8.1400,8.1500,8.1600,807,251,53,832,891,331,436,584,707,465
SZ,002325,2017-01-03 10:35:21,8.1200,1,48720.0000,60,B,8.1100,8.1000,8.0900,8.0800,8.0700,8.1200,8.1300,8.1400,8.1500,8.1600,807,251,53,832,891,271,729,584,707,465
SZ,002325,2017-01-03 10:35:30,8.1200,1,812.0000,1,B,8.1100,8.1000,8.0900,8.0800,8.0700,8.1200,8.1300,8.1400,8.1500,8.1600,807,251,53,832,894,290,1034,584,717,465
SZ,002325,2017-01-03 10:35:36,8.1100,1,3244.0000,4,S,8.1100,8.1000,8.0900,8.0800,8.0700,8.1200,8.1300,8.1400,8.1500,8.1600,796,251,42,832,894,290,1044,584,717,465
SZ,002325,2017-01-03 10:35:42,8.1100,2,3246.0000,4,S,8.1100,8.1000,8.0900,8.0800,8.0700,8.1200,8.1300,8.1400,8.1500,8.1600,794,251,42,832,894,330,1044,584,727,465
SZ,002325,2017-01-03 10:35:45,8.1200,1,178640.0000,220,B,8.1100,8.1000,8.0900,8.0800,8.0700,8.1200,8.1300,8.1400,8.1500,8.1600,794,251,42,832,894,124,1044,584,727,465
SZ,002325,2017-01-03 10:35:48,8.1200,6,100688.0000,124,B,8.1200,8.1100,8.1000,8.0900,8.0800,8.1300,8.1400,8.1500,8.1600,8.1700,39,794,260,42,832,1044,584,727,465,336
SZ,002325,2017-01-03 10:35:51,8.1200,1,31668.0000,39,S,8.1100,8.1000,8.0900,8.0800,8.0700,8.1200,8.1300,8.1400,8.1500,8.1600,794,260,42,832,894,275,1044,584,727,465
SZ,002325,2017-01-03 10:36:00,8.1200,1,4060.0000,5,B,8.1100,8.1000,8.0900,8.0800,8.0700,8.1200,8.1300,8.1400,8.1500,8.1600,794,260,45,832,894,286,1044,584,727,465
SZ,002325,2017-01-03 10:36:03,8.1200,1,40600.0000,50,B,8.1100,8.1000,8.0900,8.0800,8.0700,8.1200,8.1300,8.1400,8.1500,8.1600,794,260,46,832,894,236,1044,584,727,465
SZ,002325,2017-01-03 10:36:12,8.1200,2,170520.0000,210,B,8.1100,8.1000,8.0900,8.0800,8.0700,8.1200,8.1300,8.1400,8.1500,8.1600,794,260,46,832,894,31,1064,580,727,465
SZ,002325,2017-01-03 10:36:18,8.1200,2,10556.0000,13,B,8.1100,8.1000,8.0900,8.0800,8.0700,8.1200,8.1300,8.1400,8.1500,8.1600,794,260,46,832,894,18,1077,580,956,465
SZ,002325,2017-01-03 10:36:24,8.1100,1,8110.0000,10,S,8.1100,8.1000,8.0900,8.0800,8.0700,8.1200,8.1300,8.1400,8.1500,8.1600,784,260,46,832,894,85,1077,580,956,465
SZ,002325,2017-01-03 10:36:27,8.1200,4,18676.0000,23,B,8.1100,8.1000,8.0900,8.0800,8.0700,8.1200,8.1300,8.1400,8.1500,8.1600,784,260,46,832,894,62,1077,580,956,465
SZ,002325,2017-01-03 10:36:33,8.1200,6,208116.0000,256,B,8.1200,8.1100,8.1000,8.0900,8.0800,8.1300,8.1400,8.1500,8.1600,8.1700,261,784,260,46,832,1077,580,956,465,326
SZ,002325,2017-01-03 10:36:36,8.1300,1,13822.0000,17,B,8.1200,8.1100,8.1000,8.0900,8.0800,8.1300,8.1400,8.1500,8.1600,8.1700,262,784,260,46,832,1060,570,727,465,326
SZ,002325,2017-01-03 10:36:45,8.1200,1,17052.0000,21,S,8.1200,8.1100,8.1000,8.0900,8.0800,8.1300,8.1400,8.1500,8.1600,8.1700,241,784,260,46,832,1080,575,727,465,326
SZ,002325,2017-01-03 10:36:48,8.1300,7,26828.0000,33,B,8.1200,8.1100,8.1000,8.0900,8.0800,8.1300,8.1400,8.1500,8.1600,8.1700,241,784,260,46,832,1047,575,727,465,326
SZ,002325,2017-01-03 10:36:51,8.1200,1,5684.0000,7,S,8.1200,8.1100,8.1000,8.0900,8.0800,8.1300,8.1400,8.1500,8.1600,8.1700,234,784,260,43,832,1047,575,727,465,326
SZ,002325,2017-01-03 10:37:00,8.1200,1,16240.0000,20,S,8.1200,8.1100,8.1000,8.0900,8.0800,8.1300,8.1400,8.1500,8.1600,8.1700,214,784,262,43,832,1030,575,727,495,326
SZ,002325,2017-01-03 10:37:03,8.1200,2,174336.0000,215,S,8.1100,8.1000,8.0900,8.0800,8.0700,8.1200,8.1300,8.1400,8.1500,8.1600,784,262,43,832,894,285,1030,570,727,495
SZ,002325,2017-01-03 10:37:09,8.1200,1,40600.0000,50,B,8.1100,8.1000,8.0900,8.0800,8.0700,8.1200,8.1300,8.1400,8.1500,8.1600,785,262,43,832,894,260,1030,570,727,495
SZ,002325,2017-01-03 10:37:12,8.1100,1,38928.0000,48,S,8.1100,8.1000,8.0900,8.0800,8.0700,8.1200,8.1300,8.1400,8.1500,8.1600,737,262,43,832,894,265,1030,570,727,495
SZ,002325,2017-01-03 10:37:18,8.1200,1,11368.0000,14,B,8.1100,8.1000,8.0900,8.0800,8.0700,8.1200,8.1300,8.1400,8.1500,8.1600,737,262,43,832,894,286,1030,570,727,495
SZ,002325,2017-01-03 10:37:21,8.1200,1,2436.0000,3,B,8.1100,8.1000,8.0900,8.0800,8.0700,8.1200,8.1300,8.1400,8.1500,8.1600,737,262,43,832,894,325,1030,570,727,495
SZ,002325,2017-01-03 10:37:42,8.1200,1,4060.0000,5,B,8.1100,8.1000,8.0900,8.0800,8.0700,8.1200,8.1300,8.1400,8.1500,8.1600,647,268,43,832,894,388,1035,570,737,495
SZ,002325,2017-01-03 10:37:48,8.1200,1,10556.0000,13,B,8.1100,8.1000,8.0900,8.0800,8.0700,8.1200,8.1300,8.1400,8.1500,8.1600,647,268,40,832,894,415,1035,570,737,495
SZ,002325,2017-01-03 10:38:03,8.1200,1,40600.0000,50,B,8.1100,8.1000,8.0900,8.0800,8.0700,8.1200,8.1300,8.1400,8.1500,8.1600,647,268,40,835,894,413,752,570,737,495
SZ,002325,2017-01-03 10:38:18,8.1200,1,10556.0000,13,B,8.1100,8.1000,8.0900,8.0800,8.0700,8.1200,8.1300,8.1400,8.1500,8.1600,647,308,40,835,943,427,752,565,737,495
SZ,002325,2017-01-03 10:38:42,8.1100,1,4056.0000,5,S,8.1100,8.1000,8.0900,8.0800,8.0700,8.1200,8.1300,8.1400,8.1500,8.1600,642,318,52,840,943,562,742,555,745,495
SZ,002325,2017-01-03 10:38:48,8.1200,1,11368.0000,14,B,8.1100,8.1000,8.0900,8.0800,8.0700,8.1200,8.1300,8.1400,8.1500,8.1600,642,318,52,840,938,642,742,555,745,495
SZ,002325,2017-01-03 10:38:54,8.1100,9,520660.0000,642,S,8.1000,8.0900,8.0800,8.0700,8.0600,8.1100,8.1200,8.1300,8.1400,8.1500,318,52,840,938,2296,46,642,752,555,745
SZ,002325,2017-01-03 10:39:12,8.1100,1,7300.0000,9,B,8.1000,8.0900,8.0800,8.0700,8.0600,8.1100,8.1200,8.1300,8.1400,8.1500,414,74,840,938,2296,49,672,752,555,745
SZ,002325,2017-01-03 10:39:18,8.1100,1,10544.0000,13,B,8.1000,8.0900,8.0800,8.0700,8.0600,8.1100,8.1200,8.1300,8.1400,8.1500,414,74,840,938,2296,36,578,752,555,745
SZ,002325,2017-01-03 10:39:21,8.1000,2,8100.0000,10,S,8.1000,8.0900,8.0800,8.0700,8.0600,8.1100,8.1200,8.1300,8.1400,8.1500,404,74,840,938,2296,36,578,752,555,754
SZ,002325,2017-01-03 10:39:39,8.1000,1,2428.0000,3,S,8.1000,8.0900,8.0800,8.0700,8.0600,8.1100,8.1200,8.1300,8.1400,8.1500,417,74,840,938,2308,161,448,832,655,754
SZ,002325,2017-01-03 10:39:45,8.1000,1,5672.0000,7,S,8.1000,8.0900,8.0800,8.0700,8.0600,8.1100,8.1200,8.1300,8.1400,8.1500,410,74,840,938,2308,194,448,832,655,794
SZ,002325,2017-01-03 10:39:48,8.1100,1,10542.0000,13,B,8.1000,8.0900,8.0800,8.0700,8.0600,8.1100,8.1200,8.1300,8.1400,8.1500,410,74,840,938,2308,181,448,832,655,794
SZ,002325,2017-01-03 10:40:03,8.1100,1,2434.0000,3,B,8.1000,8.0900,8.0800,8.0700,8.0600,8.1100,8.1200,8.1300,8.1400,8.1500,410,74,841,958,2308,184,459,842,655,794
SZ,002325,2017-01-03 10:40:06,8.1000,2,12148.0000,15,S,8.1000,8.0900,8.0800,8.0700,8.0600,8.1100,8.1200,8.1300,8.1400,8.1500,395,74,841,958,2308,184,459,842,655,794
SZ,002325,2017-01-03 10:40:12,8.1000,2,8100.0000,10,S,8.1000,8.0900,8.0800,8.0700,8.0600,8.1100,8.1200,8.1300,8.1400,8.1500,385,74,861,958,2308,184,459,842,655,794
SZ,002325,2017-01-03 10:40:15,8.1100,1,4056.0000,5,B,8.1000,8.0900,8.0800,8.0700,8.0600,8.1100,8.1200,8.1300,8.1400,8.1500,385,87,861,958,2308,184,459,842,655,794
