市场代码,证券代码,时间,最新价,成交笔数,成交额,成交量,方向,买一价,买二价,买三价,买四价,买五价,卖一价,卖二价,卖三价,卖四价,卖五价,买一量,买二量,买三量,买四量,买五量,卖一量,卖二量,卖三量,卖四量,卖五量
SZ,002370,2017-01-03 09:25:03,29.3000,3,41020.0000,14,B,29.1000,29.0800,29.0000,28.9000,28.8800,29.3000,29.3100,29.3300,29.4500,29.5000,5,5,5,5,4,6,9,1,10,10
SZ,002370,2017-01-03 09:31:21,29.2900,3,87849.0000,30,B,29.2900,29.1800,29.1600,29.1000,29.0800,29.3000,29.3100,29.3300,29.3600,29.4400,20,9,8,12,5,11,9,1,10,15
SZ,002370,2017-01-03 09:32:24,29.2900,2,73225.0000,25,S,29.1900,29.1800,29.1000,29.0800,29.0000,29.3000,29.3100,29.3300,29.4400,29.4500,8,3,6,5,10,11,9,1,15,10
SZ,002370,2017-01-03 09:32:45,29.1900,1,23352.0000,8,S,29.1800,29.1000,29.0800,29.0100,29.0000,29.1900,29.3000,29.3100,29.3300,29.4500,3,6,5,1,10,1,11,9,1,10
SZ,002370,2017-01-03 09:33:09,29.1900,1,2919.0000,1,B,29.1900,29.1800,29.1000,29.0800,29.0100,29.2900,29.3000,29.3100,29.3300,29.4500,324,3,6,5,1,4,11,9,1,10
SZ,002370,2017-01-03 09:33:12,29.3000,3,14646.0000,5,B,29.1900,29.1800,29.1000,29.0800,29.0100,29.3000,29.3100,29.3300,29.4500,29.5000,324,3,6,5,1,10,9,1,10,20
SZ,002370,2017-01-03 09:34:06,29.1900,4,875709.0000,300,S,29.1900,29.1800,29.1000,29.0800,29.0000,29.3000,29.3100,29.3300,29.4500,29.5000,33,3,6,5,50,10,9,1,10,20
SZ,002370,2017-01-03 09:34:54,29.3000,2,29300.0000,10,B,29.1900,29.1800,29.1000,29.0800,29.0100,29.3000,29.3300,29.3400,29.4500,29.5000,33,3,6,5,2,251,1,10,10,29
SZ,002370,2017-01-03 09:35:18,29.3000,3,46874.0000,16,B,29.1900,29.1800,29.1000,29.0800,29.0100,29.2800,29.3000,29.3300,29.3400,29.4500,33,3,6,5,2,8,241,1,10,10
SZ,002370,2017-01-03 09:36:39,29.2100,1,2921.0000,1,S,29.2100,29.2000,29.1900,29.1800,29.1000,29.2500,29.2600,29.2800,29.3000,29.3300,7,2,47,3,7,2,10,16,253,8
SZ,002370,2017-01-03 09:36:54,29.2500,1,5850.0000,2,B,29.2500,29.2100,29.2000,29.1900,29.1800,29.2600,29.2800,29.3000,29.3300,29.3400,8,7,2,47,3,10,8,258,8,10
SZ,002370,2017-01-03 09:36:57,29.2500,1,14625.0000,5,S,29.2500,29.2400,29.2100,29.1900,29.1800,29.2600,29.2800,29.3000,29.3300,29.3400,4,1,6,46,3,10,8,258,8,10
SZ,002370,2017-01-03 09:37:00,29.2600,5,49735.0000,17,B,29.2600,29.2400,29.2100,29.1900,29.1800,29.2800,29.3000,29.3300,29.3400,29.4500,28,2,5,46,3,8,258,8,10,10
SZ,002370,2017-01-03 09:37:24,29.2700,1,23416.0000,8,S,29.2700,29.2600,29.2500,29.2400,29.2100,29.2800,29.3000,29.3300,29.3400,29.4500,1,30,2,2,5,8,258,8,10,10
SZ,002370,2017-01-03 09:37:45,29.2700,2,5854.0000,2,S,29.2600,29.2500,29.2400,29.2100,29.1900,29.2700,29.2800,29.3000,29.3300,29.3400,35,2,2,5,46,5,8,258,8,10
SZ,002370,2017-01-03 09:38:00,29.2600,7,128744.0000,44,S,29.2500,29.2400,29.2100,29.1900,29.1800,29.2600,29.2700,29.2800,29.3000,29.3300,3,2,5,46,3,6,5,8,258,18
SZ,002370,2017-01-03 09:38:18,29.2500,4,14625.0000,5,S,29.2500,29.2400,29.2100,29.1900,29.1800,29.2600,29.2700,29.2800,29.3000,29.3300,2,3,5,46,3,6,5,8,258,18
SZ,002370,2017-01-03 09:38:24,29.2400,5,20472.0000,7,S,29.2100,29.1900,29.1800,29.1000,29.0800,29.2300,29.2600,29.2700,29.2800,29.3000,5,46,3,7,5,47,6,5,8,258
SZ,002370,2017-01-03 09:38:33,29.2300,2,128612.0000,44,B,29.2100,29.2000,29.1900,29.1800,29.1000,29.2300,29.2600,29.2700,29.2800,29.3000,9,1,46,3,7,23,6,5,8,258
SZ,002370,2017-01-03 09:39:24,29.2100,12,55515.0000,19,S,29.2000,29.1900,29.1800,29.1000,29.0800,29.2100,29.2600,29.2700,29.2800,29.2900,5,46,3,7,5,8,6,5,8,10
SZ,002370,2017-01-03 09:39:27,29.1900,6,56229.0000,19,S,29.1900,29.1800,29.1000,29.0800,29.0100,29.2100,29.2600,29.2700,29.2800,29.2900,35,3,7,5,2,35,6,5,8,10
SZ,002370,2017-01-03 09:40:03,29.1900,7,116762.0000,40,S,29.1900,29.1800,29.1000,29.0800,29.0100,29.2100,29.2600,29.2700,29.2800,29.2900,5,3,7,5,2,35,6,5,8,10
SZ,002370,2017-01-03 09:40:27,29.1900,16,94629.0000,33,S,29.2000,29.1800,29.1000,29.0800,29.0100,29.2600,29.2700,29.2800,29.2900,29.3000,0,3,7,5,2,6,5,8,10,253
SZ,002370,2017-01-03 09:40:30,29.1900,5,12639.0000,4,S,29.1800,29.1000,29.0800,29.0100,29.0000,29.1900,29.2600,29.2700,29.2800,29.2900,3,7,5,2,180,42,6,5,8,10
SZ,002370,2017-01-03 09:40:48,29.1800,5,20426.0000,7,S,29.1800,29.1000,29.0800,29.0100,29.0000,29.1900,29.2000,29.2600,29.2700,29.2800,2,7,5,2,180,42,10,13,5,8
SZ,002370,2017-01-03 09:40:57,29.1900,1,14595.0000,5,B,29.1800,29.1000,29.0800,29.0100,29.0000,29.1900,29.2000,29.2600,29.2700,29.2800,6,7,5,2,180,37,10,13,5,8
SZ,002370,2017-01-03 09:41:00,29.1900,1,8757.0000,3,B,29.1800,29.1000,29.0800,29.0100,29.0000,29.1900,29.2000,29.2600,29.2700,29.2800,6,7,5,2,180,34,10,13,5,8
SZ,002370,2017-01-03 09:41:09,29.1800,6,23344.0000,8,S,29.1000,29.0800,29.0200,29.0100,29.0000,29.1800,29.1900,29.2000,29.2600,29.2700,7,5,2,2,180,17,34,10,13,5
SZ,002370,2017-01-03 09:41:15,29.1800,1,17508.0000,6,B,29.1000,29.0800,29.0200,29.0100,29.0000,29.1800,29.1900,29.2000,29.2600,29.2700,11,5,2,2,180,11,34,10,13,5
SZ,002370,2017-01-03 09:41:27,29.1800,2,17508.0000,6,B,29.1100,29.1000,29.0800,29.0200,29.0100,29.1800,29.2000,29.2600,29.2700,29.2800,2,11,5,2,2,5,10,13,5,8
SZ,002370,2017-01-03 09:41:30,29.1000,8,37832.0000,13,S,29.0800,29.0200,29.0100,29.0000,28.9100,29.0900,29.1800,29.2000,29.2600,29.2700,5,2,26,180,1,61,5,10,13,5
SZ,002370,2017-01-03 09:41:33,29.0900,2,69816.0000,24,B,29.0800,29.0200,29.0100,29.0000,28.9100,29.0900,29.1100,29.1800,29.2000,29.2600,9,2,26,180,1,37,10,5,10,13
SZ,002370,2017-01-03 09:41:36,29.0900,1,29090.0000,10,B,29.0800,29.0200,29.0100,29.0000,28.9100,29.0900,29.1100,29.1800,29.2000,29.2600,9,2,26,180,1,27,10,5,10,13
SZ,002370,2017-01-03 09:41:45,29.0800,1,2908.0000,1,S,29.0800,29.0200,29.0100,29.0000,28.9100,29.0900,29.1100,29.1800,29.2000,29.2600,10,2,31,180,1,27,10,5,10,13
SZ,002370,2017-01-03 09:41:48,29.0900,1,17454.0000,6,B,29.0800,29.0200,29.0100,29.0000,28.9100,29.0900,29.1100,29.1800,29.2000,29.2600,10,2,31,180,1,21,10,5,10,13
SZ,002370,2017-01-03 09:41:57,29.0900,4,31994.0000,11,B,29.0800,29.0200,29.0100,29.0000,28.9100,29.0900,29.1100,29.1800,29.2000,29.2600,5,8,31,180,1,15,10,5,10,13
SZ,002370,2017-01-03 09:42:03,29.0900,1,14545.0000,5,B,29.0800,29.0200,29.0100,29.0000,28.9100,29.0900,29.1100,29.1800,29.2000,29.2600,6,8,31,180,1,10,21,5,10,13
SZ,002370,2017-01-03 09:42:06,29.0000,17,614895.0000,212,S,29.0800,29.0000,28.9100,28.9000,28.8900,29.0900,29.1100,29.1800,29.2000,29.2600,2,13,1,5,5,10,21,5,10,13
SZ,002370,2017-01-03 09:42:12,29.1100,2,52378.0000,18,B,29.0800,29.0000,28.9100,28.9000,28.8900,29.1100,29.1800,29.2000,29.2600,29.2700,4,13,1,5,5,13,5,10,13,5
SZ,002370,2017-01-03 09:42:15,29.1100,1,5822.0000,2,B,29.0800,29.0000,28.9100,28.9000,28.8900,29.1100,29.1800,29.2000,29.2600,29.2700,5,13,1,5,5,11,5,10,13,5
SZ,002370,2017-01-03 09:42:21,29.1100,2,14555.0000,5,B,29.0800,29.0000,28.9100,28.9000,28.8900,29.1100,29.1800,29.2000,29.2600,29.2700,5,13,1,13,8,6,5,10,13,5
SZ,002370,2017-01-03 09:42:30,29.0800,10,49450.0000,17,S,29.0000,28.9200,28.9100,28.9000,28.8900,29.0800,29.1100,29.1800,29.2000,29.2600,17,5,1,13,8,10,6,5,10,13
SZ,002370,2017-01-03 09:42:36,29.0800,1,26172.0000,9,B,29.0000,28.9200,28.9100,28.9000,28.8900,29.0800,29.1100,29.1800,29.2000,29.2600,20,5,15,13,8,48,6,5,10,13
SZ,002370,2017-01-03 09:42:48,29.0800,3,87240.0000,30,B,29.0000,28.9200,28.9100,28.9000,28.8900,29.0800,29.1100,29.1800,29.2000,29.2600,25,5,15,13,8,18,6,5,10,13
SZ,002370,2017-01-03 09:42:54,29.0000,2,29002.0000,10,S,29.0000,28.9200,28.9100,28.9000,28.8900,29.0800,29.1100,29.1800,29.2000,29.2600,18,5,15,16,8,18,6,5,10,6
SZ,002370,2017-01-03 09:43:15,29.0200,7,43536.0000,15,S,29.0200,29.0100,29.0000,28.9300,28.9200,29.0800,29.0900,29.1100,29.1800,29.2000,3,17,38,15,5,18,21,6,5,10
SZ,002370,2017-01-03 09:43:18,29.0800,1,8724.0000,3,B,29.0500,29.0200,29.0100,29.0000,28.9300,29.0800,29.0900,29.1100,29.1800,29.2000,2,5,17,41,15,15,21,6,5,10
SZ,002370,2017-01-03 09:43:33,29.0200,10,49362.0000,17,S,29.0100,29.0000,28.9300,28.9200,28.9100,29.0200,29.0400,29.0900,29.1100,29.1800,17,42,15,5,1,37,19,21,6,5
SZ,002370,2017-01-03 09:43:42,29.0200,2,14510.0000,5,B,29.0100,29.0000,28.9300,28.9200,28.9100,29.0200,29.0400,29.0900,29.1100,29.1800,20,42,15,5,1,32,19,21,6,5
SZ,002370,2017-01-03 09:43:51,29.0200,3,34815.0000,12,B,29.0100,29.0000,28.9300,28.9200,28.9100,29.0200,29.0400,29.0900,29.1100,29.1800,13,42,15,5,1,29,19,21,6,5
SZ,002370,2017-01-03 09:43:57,29.0100,3,28662.0000,10,S,29.0100,29.0000,28.9300,28.9200,28.9100,29.0200,29.0400,29.0900,29.1100,29.1800,3,47,15,5,1,29,19,21,6,5
SZ,002370,2017-01-03 09:44:00,29.0200,2,58040.0000,20,B,29.0100,29.0000,28.9300,28.9200,28.9100,29.0200,29.0400,29.0900,29.1100,29.1800,13,47,15,5,1,9,19,21,6,5
SZ,002370,2017-01-03 09:44:06,29.0200,1,11608.0000,4,B,29.0100,29.0000,28.9300,28.9200,28.9100,29.0200,29.0400,29.0900,29.1100,29.1800,13,47,15,9,1,5,19,21,6,5
SZ,002370,2017-01-03 09:44:12,29.0200,1,16861.0000,6,B,29.0200,29.0100,29.0000,28.9300,28.9200,29.0400,29.0900,29.1100,29.1800,29.2000,4,16,47,15,9,19,21,6,5,10
SZ,002370,2017-01-03 09:44:33,29.0000,18,159017.0000,55,S,29.0000,28.9300,28.9200,28.9100,28.9000,29.0900,29.1100,29.1800,29.2000,29.2600,39,15,9,1,17,21,6,5,10,6
SZ,002370,2017-01-03 09:44:36,29.0000,2,55854.0000,19,S,29.0100,29.0000,28.9300,28.9200,28.9100,29.0900,29.1100,29.1800,29.2000,29.2600,2,23,15,9,1,21,6,5,10,6
SZ,002370,2017-01-03 09:44:42,29.0000,13,84806.0000,29,S,28.9300,28.9200,28.9100,28.9000,28.8900,29.0000,29.0900,29.1100,29.1800,29.2000,15,9,2,17,8,9,23,6,5,10
SZ,002370,2017-01-03 09:44:45,29.0000,1,11600.0000,4,B,28.9300,28.9200,28.9100,28.9000,28.8900,29.0000,29.0900,29.1100,29.1800,29.2000,17,11,2,17,8,5,23,6,5,10
SZ,002370,2017-01-03 09:44:48,29.0900,3,43583.0000,15,B,28.9300,28.9200,28.9100,28.9000,28.8900,29.0900,29.1100,29.1800,29.2000,29.2600,17,11,2,17,8,14,6,5,10,6
SZ,002370,2017-01-03 09:45:00,29.0800,1,2908.0000,1,B,28.9500,28.9400,28.9300,28.9200,28.9100,29.0800,29.0900,29.1100,29.1800,29.2000,8,7,17,11,2,8,14,6,5,10
SZ,002370,2017-01-03 09:45:15,29.0200,1,43617.0000,15,B,29.0700,28.9700,28.9600,28.9500,28.9400,29.0800,29.0900,29.1100,29.1800,29.2000,18,2,22,8,17,8,14,6,5,10
SZ,002370,2017-01-03 09:45:21,29.0700,1,11628.0000,4,S,29.0700,29.0600,28.9600,28.9500,28.9400,29.0800,29.0900,29.1100,29.1800,29.2000,16,2,22,4,15,8,14,6,5,10
SZ,002370,2017-01-03 09:45:24,29.0800,2,37797.0000,13,B,29.0700,29.0600,28.9600,28.9500,28.9400,29.0800,29.0900,29.1100,29.1800,29.2000,9,2,3,4,15,2,14,6,5,10
SZ,002370,2017-01-03 09:45:30,29.0900,4,29078.0000,10,B,29.0700,29.0600,28.9600,28.9400,28.9300,29.0900,29.1100,29.1800,29.2000,29.2600,9,2,3,15,15,11,6,5,10,6
SZ,002370,2017-01-03 09:45:33,29.0600,6,34795.0000,12,S,28.9600,28.9400,28.9300,28.9200,28.9100,29.0500,29.0900,29.1100,29.1800,29.2000,3,15,15,9,2,15,11,6,5,10
SZ,002370,2017-01-03 09:45:42,29.0500,1,17430.0000,6,B,28.9600,28.9500,28.9400,28.9300,28.9200,29.0500,29.0700,29.0900,29.1100,29.1800,5,2,15,15,9,56,10,11,6,5
SZ,002370,2017-01-03 09:45:54,29.0500,2,55195.0000,19,B,29.0000,28.9800,28.9700,28.9600,28.9500,29.0500,29.0700,29.0900,29.1100,29.1800,3,4,4,11,2,37,10,11,6,5
SZ,002370,2017-01-03 09:46:06,29.0000,5,40600.0000,14,S,28.9900,28.9800,28.9700,28.9600,28.9500,29.0000,29.0500,29.0700,29.0900,29.1100,2,2,4,9,15,6,37,10,11,6
SZ,002370,2017-01-03 09:46:09,29.0000,1,17400.0000,6,B,29.0000,28.9900,28.9800,28.9700,28.9600,29.0500,29.0700,29.0900,29.1100,29.1800,2,2,2,4,9,37,10,11,6,5
SZ,002370,2017-01-03 09:46:18,29.0000,2,14500.0000,5,S,29.0000,28.9900,28.9800,28.9700,28.9600,29.0500,29.0700,29.0900,29.1100,29.1800,2,2,2,4,9,37,10,11,6,5
SZ,002370,2017-01-03 09:46:36,29.0000,9,55112.0000,19,S,28.9900,28.9700,28.9600,28.9500,28.9400,29.0000,29.0500,29.0700,29.0900,29.1100,2,2,6,15,10,35,2,10,11,6
SZ,002370,2017-01-03 09:46:39,29.0000,3,136300.0000,47,B,28.9900,28.9800,28.9700,28.9500,28.9400,29.0000,29.0500,29.0700,29.0900,29.1100,2,2,2,15,10,8,2,10,11,6
SZ,002370,2017-01-03 09:46:54,29.0000,1,14500.0000,5,B,28.9900,28.9800,28.9700,28.9500,28.9400,29.0000,29.0500,29.0700,29.0900,29.1100,4,2,2,15,10,33,36,10,11,6
SZ,002370,2017-01-03 09:47:09,28.9900,5,23194.0000,8,S,28.9800,28.9500,28.9400,28.9300,28.9200,28.9900,29.0000,29.0500,29.0700,29.0900,2,15,10,15,9,24,31,36,10,11
SZ,002370,2017-01-03 09:47:21,28.9900,1,28990.0000,10,B,28.9800,28.9700,28.9500,28.9400,28.9300,28.9900,29.0000,29.0500,29.0700,29.0900,2,2,10,10,15,14,31,36,10,11
SZ,002370,2017-01-03 09:47:24,28.9700,4,11590.0000,4,S,28.9500,28.9400,28.9300,28.9200,28.9100,28.9900,29.0000,29.0500,29.0700,29.0900,10,10,15,9,2,14,31,36,10,11
SZ,002370,2017-01-03 09:47:27,28.9900,1,40586.0000,14,B,28.9900,28.9600,28.9500,28.9400,28.9300,29.0000,29.0500,29.0700,29.0900,29.1100,6,2,12,11,15,31,36,10,11,6
SZ,002370,2017-01-03 09:47:36,29.0000,4,14500.0000,5,B,28.9900,28.9800,28.9500,28.9400,28.9300,29.0000,29.0500,29.0700,29.0900,29.1100,16,1,10,10,15,25,36,10,11,6
SZ,002370,2017-01-03 09:47:39,28.9700,8,60870.0000,21,S,28.9500,28.9400,28.9300,28.9200,28.9100,28.9700,29.0000,29.0500,29.0700,29.0900,10,10,15,9,2,53,25,36,10,11
SZ,002370,2017-01-03 09:47:42,28.9700,1,5794.0000,2,B,28.9600,28.9500,28.9400,28.9300,28.9200,28.9700,28.9900,29.0000,29.0500,29.0700,3,12,10,15,9,51,13,25,36,10
SZ,002370,2017-01-03 09:47:45,28.9700,2,11588.0000,4,B,28.9600,28.9500,28.9400,28.9300,28.9200,28.9700,28.9900,29.0000,29.0500,29.0700,3,12,10,15,9,47,13,25,36,10
SZ,002370,2017-01-03 09:47:48,28.9700,5,49249.0000,17,B,28.9600,28.9500,28.9400,28.9300,28.9200,28.9700,28.9900,29.0000,29.0500,29.0700,3,22,10,15,9,30,13,25,36,10
SZ,002370,2017-01-03 09:47:51,28.9700,6,52146.0000,18,B,28.9600,28.9500,28.9400,28.9300,28.9200,28.9700,28.9900,29.0000,29.0500,29.0700,3,22,10,15,9,12,13,25,36,10
SZ,002370,2017-01-03 09:47:54,28.9700,2,11588.0000,4,B,28.9600,28.9500,28.9400,28.9300,28.9200,28.9700,28.9900,29.0000,29.0500,29.0700,3,28,10,15,9,8,13,25,36,10
SZ,002370,2017-01-03 09:47:57,28.9700,2,11588.0000,4,B,28.9600,28.9500,28.9400,28.9300,28.9200,28.9700,28.9900,29.0000,29.0500,29.0700,15,28,10,15,9,4,13,25,36,10
SZ,002370,2017-01-03 09:48:00,28.9900,4,17386.0000,6,B,28.9600,28.9500,28.9400,28.9300,28.9200,28.9900,29.0000,29.0500,29.0700,29.0900,15,18,10,15,9,11,25,36,10,11
SZ,002370,2017-01-03 09:48:03,28.9900,5,17394.0000,6,B,28.9600,28.9500,28.9400,28.9300,28.9200,28.9900,29.0000,29.0500,29.0700,29.0900,15,18,10,15,9,5,25,36,10,11
SZ,002370,2017-01-03 09:48:06,29.0000,7,20291.0000,7,B,28.9700,28.9600,28.9500,28.9400,28.9300,29.0000,29.0500,29.0700,29.0900,29.1100,9,15,18,10,15,24,36,10,11,6
SZ,002370,2017-01-03 09:48:09,29.0000,6,26100.0000,9,B,28.9700,28.9600,28.9500,28.9400,28.9300,29.0000,29.0500,29.0700,29.0900,29.1100,11,15,18,10,15,15,36,10,11,6
SZ,002370,2017-01-03 09:48:12,29.0000,6,29000.0000,10,B,28.9700,28.9600,28.9500,28.9400,28.9300,29.0000,29.0500,29.0700,29.0900,29.1100,11,15,35,10,15,5,36,10,11,6
SZ,002370,2017-01-03 09:48:15,29.0500,10,37712.0000,13,B,28.9700,28.9600,28.9500,28.9300,28.9200,29.0500,29.0700,29.0900,29.1100,29.1800,8,15,35,15,9,32,10,11,6,5
SZ,002370,2017-01-03 09:48:18,29.0500,4,17430.0000,6,B,28.9700,28.9600,28.9500,28.9300,28.9200,29.0500,29.0700,29.0900,29.1100,29.1800,8,25,40,15,9,26,10,11,6,5
SZ,002370,2017-01-03 09:48:21,29.0500,8,29050.0000,10,B,29.0000,28.9800,28.9700,28.9600,28.9500,29.0500,29.0700,29.0900,29.1100,29.1800,1,2,14,25,40,16,10,11,6,5
SZ,002370,2017-01-03 09:48:24,29.0500,11,75378.0000,26,B,28.9600,28.9500,28.9300,28.9200,28.9100,29.0500,29.0700,29.0900,29.1100,29.1800,22,38,15,9,2,10,10,11,6,5
SZ,002370,2017-01-03 09:48:27,29.0500,2,5810.0000,2,B,28.9600,28.9500,28.9300,28.9200,28.9100,29.0500,29.0700,29.0900,29.1100,29.1800,24,38,15,9,2,8,10,11,6,5
SZ,002370,2017-01-03 09:48:30,28.9600,3,8706.0000,3,S,28.9600,28.9500,28.9300,28.9200,28.9100,29.0500,29.0700,29.0900,29.1100,29.1800,23,38,15,9,2,6,10,11,6,5
SZ,002370,2017-01-03 09:48:33,29.0500,2,5810.0000,2,B,28.9600,28.9500,28.9300,28.9200,28.9100,29.0500,29.0700,29.0900,29.1100,29.1800,23,38,15,9,2,4,10,11,6,5
SZ,002370,2017-01-03 09:48:36,29.0500,1,2905.0000,1,B,28.9700,28.9600,28.9500,28.9300,28.9200,29.0500,29.0700,29.0900,29.1100,29.1800,5,23,38,15,9,3,10,11,6,5
SZ,002370,2017-01-03 09:48:39,28.9500,16,202705.0000,70,S,28.9300,28.9200,28.9100,28.9000,28.8900,28.9500,29.0500,29.0700,29.0900,29.1100,15,9,2,18,8,6,6,10,11,6
SZ,002370,2017-01-03 09:48:42,28.9500,2,5790.0000,2,B,28.9400,28.9300,28.9200,28.9100,28.9000,28.9500,29.0000,29.0500,29.0700,29.0900,2,17,9,2,18,4,12,6,10,11
SZ,002370,2017-01-03 09:48:45,29.0000,4,31879.0000,11,B,28.9500,28.9400,28.9300,28.9200,28.9100,29.0000,29.0500,29.0700,29.0900,29.1100,12,2,17,9,2,5,6,10,11,6
SZ,002370,2017-01-03 09:48:48,29.0000,1,2900.0000,1,B,28.9500,28.9400,28.9300,28.9200,28.9100,29.0000,29.0500,29.0700,29.0900,29.1100,14,2,17,9,2,4,6,10,11,6
SZ,002370,2017-01-03 09:48:51,29.0000,1,13079.0000,5,B,29.0400,29.0000,28.9600,28.9500,28.9400,29.0500,29.0700,29.0900,29.1100,29.1800,2,2,10,14,2,6,10,11,6,5
SZ,002370,2017-01-03 09:48:54,29.0500,1,2905.0000,1,B,29.0400,29.0300,29.0000,28.9600,28.9500,29.0500,29.0700,29.0900,29.1100,29.1800,2,2,57,10,12,5,10,11,6,5
SZ,002370,2017-01-03 09:48:57,29.0500,3,5810.0000,2,B,29.0400,29.0300,29.0000,28.9600,28.9500,29.0500,29.0700,29.0900,29.1100,29.1800,2,2,155,10,12,3,10,11,6,5
SZ,002370,2017-01-03 09:49:00,29.0500,4,10052.0000,3,B,29.0500,29.0400,29.0300,29.0000,28.9600,29.0700,29.0900,29.1100,29.1800,29.2000,11,2,2,155,15,10,11,6,5,10
SZ,002370,2017-01-03 09:49:03,29.0700,5,20349.0000,7,B,29.0500,29.0400,29.0300,29.0000,28.9600,29.0700,29.0900,29.1100,29.1800,29.2000,11,5,2,155,15,3,11,6,5,10
SZ,002370,2017-01-03 09:49:06,29.0900,15,40720.0000,14,B,29.0600,29.0500,29.0400,29.0300,29.0100,29.0900,29.1100,29.1800,29.2000,29.2600,4,11,5,2,5,0,6,5,10,6
SZ,002370,2017-01-03 09:49:09,29.1100,9,21423.0000,7,B,29.1500,29.0600,29.0500,29.0400,29.0300,29.1800,29.2000,29.2600,29.2700,29.2800,0,6,13,5,2,5,10,6,5,38
SZ,002370,2017-01-03 09:49:12,29.1800,5,14590.0000,5,B,29.1500,29.1400,29.0900,29.0600,29.0500,29.1800,29.2000,29.2600,29.2700,29.2800,2,2,13,4,11,0,10,6,5,38
SZ,002370,2017-01-03 09:49:15,29.2000,9,25401.0000,9,B,29.1900,29.1600,29.1500,29.1400,29.0900,29.2000,29.2600,29.2700,29.2800,29.2900,4,5,2,2,13,4,6,5,38,35
SZ,002370,2017-01-03 09:49:18,29.2000,4,11680.0000,4,B,29.2400,29.2300,29.2100,29.1900,29.1800,29.2600,29.2700,29.2800,29.2900,29.3000,4,2,5,2,2,6,5,38,35,16
SZ,002370,2017-01-03 09:49:30,29.1500,6,35074.0000,12,S,29.0900,29.0700,29.0600,29.0500,29.0100,29.1500,29.2600,29.2700,29.2800,29.2900,13,9,4,11,8,1,6,5,38,35
SZ,002370,2017-01-03 09:49:33,29.1500,2,4197.0000,1,B,29.1900,29.1800,29.0900,29.0800,29.0700,29.2600,29.2700,29.2800,29.2900,29.3000,5,0,15,2,11,6,25,8,35,16
SZ,002370,2017-01-03 09:49:36,29.1900,2,5838.0000,2,S,29.1800,29.1700,29.0900,29.0700,29.0500,29.2600,29.2700,29.2800,29.2900,29.3000,2,2,13,9,11,6,25,8,15,16
SZ,002370,2017-01-03 09:49:39,29.1600,7,29206.0000,10,S,29.0900,29.0700,29.0500,29.0100,29.0000,29.1600,29.2600,29.2700,29.2800,29.2900,15,9,11,8,428,21,2,25,8,15
SZ,002370,2017-01-03 09:49:42,29.1600,8,23328.0000,8,B,29.1000,29.0900,29.0800,29.0700,29.0500,29.1600,29.2600,29.2700,29.2800,29.2900,2,17,2,11,11,60,2,25,8,15
SZ,002370,2017-01-03 09:49:45,29.1600,9,26244.0000,9,B,29.1000,29.0900,29.0800,29.0700,29.0500,29.1600,29.2600,29.2700,29.2800,29.2900,2,17,2,11,11,51,2,25,8,15
SZ,002370,2017-01-03 09:49:48,29.1600,9,23328.0000,8,B,29.1000,29.0900,29.0800,29.0700,29.0500,29.1600,29.2600,29.2700,29.2800,29.2900,2,17,2,11,11,43,2,25,8,15
SZ,002370,2017-01-03 09:49:51,29.1600,15,43740.0000,15,B,29.1100,29.1000,29.0900,29.0800,29.0700,29.1600,29.2600,29.2700,29.2800,29.2900,2,2,17,2,11,28,2,25,8,15
SZ,002370,2017-01-03 09:49:54,29.1600,12,32076.0000,11,B,29.1100,29.1000,29.0900,29.0800,29.0700,29.1600,29.2600,29.2700,29.2800,29.2900,3,3,17,2,11,17,10,25,8,15
SZ,002370,2017-01-03 09:49:57,29.1600,6,20412.0000,7,B,29.1100,29.1000,29.0900,29.0800,29.0700,29.1600,29.2600,29.2700,29.2800,29.2900,3,3,17,2,11,10,10,25,8,15
SZ,002370,2017-01-03 09:50:00,29.1600,2,5832.0000,2,B,29.1100,29.1000,29.0900,29.0800,29.0700,29.1600,29.2500,29.2600,29.2700,29.2800,3,3,17,2,11,8,13,10,25,8
SZ,002370,2017-01-03 09:50:03,29.1600,4,11664.0000,4,B,29.1100,29.1000,29.0900,29.0800,29.0700,29.1600,29.2500,29.2600,29.2700,29.2800,3,3,17,2,11,4,13,10,25,8
SZ,002370,2017-01-03 09:50:06,29.1600,6,14779.0000,6,B,29.2200,29.1100,29.1000,29.0900,29.0800,29.2500,29.2600,29.2700,29.2800,29.2900,0,2,3,17,2,13,10,25,8,15
SZ,002370,2017-01-03 09:50:15,29.2400,1,17544.0000,6,B,29.2300,29.2200,29.2100,29.2000,29.1600,29.2400,29.2500,29.2600,29.2700,29.2800,3,2,2,1,53,8,13,10,25,8
SZ,002370,2017-01-03 09:50:18,29.2200,10,63367.0000,21,S,29.2100,29.1600,29.1000,29.0900,29.0700,29.2200,29.2400,29.2500,29.2600,29.2700,1,41,2,15,9,1,8,13,10,25
SZ,002370,2017-01-03 09:50:21,29.1600,2,58325.0000,20,S,29.2100,29.2000,29.1900,29.1600,29.1000,29.2200,29.2400,29.2500,29.2600,29.2700,1,1,1,22,2,1,8,13,10,25
SZ,002370,2017-01-03 09:50:27,29.2200,2,5843.0000,2,B,29.2200,29.2100,29.2000,29.1900,29.1600,29.2400,29.2500,29.2600,29.2700,29.2800,97,4,2,2,22,8,13,10,25,8
SZ,002370,2017-01-03 09:50:30,29.2400,1,2924.0000,1,B,29.2200,29.2100,29.2000,29.1900,29.1600,29.2400,29.2500,29.2600,29.2700,29.2800,97,4,2,2,22,7,13,10,25,8
SZ,002370,2017-01-03 09:50:33,29.2200,1,5844.0000,2,S,29.2200,29.2100,29.2000,29.1900,29.1600,29.2400,29.2500,29.2600,29.2700,29.2800,95,4,2,2,22,7,19,10,25,8
SZ,002370,2017-01-03 09:50:36,29.2400,3,8772.0000,3,B,29.2300,29.2200,29.2100,29.2000,29.1900,29.2400,29.2500,29.2600,29.2700,29.2800,2,95,4,2,2,4,19,10,25,8
SZ,002370,2017-01-03 09:50:39,29.2400,1,2924.0000,1,B,29.2300,29.2200,29.2100,29.2000,29.1900,29.2400,29.2500,29.2600,29.2700,29.2800,3,96,4,2,2,3,19,10,25,8
SZ,002370,2017-01-03 09:50:42,29.2200,6,225207.0000,77,S,29.2200,29.2100,29.2000,29.1900,29.1600,29.2500,29.2600,29.2700,29.2800,29.2900,25,2,2,2,22,19,10,25,8,15
SZ,002370,2017-01-03 09:51:03,29.2300,1,2923.0000,1,S,29.2300,29.2200,29.2100,29.2000,29.1900,29.2500,29.2600,29.2700,29.2800,29.2900,3,25,2,2,2,19,10,25,8,15
SZ,002370,2017-01-03 09:51:06,29.2300,1,2923.0000,1,S,29.2300,29.2200,29.2100,29.2000,29.1900,29.2500,29.2600,29.2700,29.2800,29.2900,2,25,2,2,2,19,10,25,8,15
SZ,002370,2017-01-03 09:51:15,29.2300,6,23388.0000,8,S,29.2200,29.2100,29.2000,29.1900,29.1600,29.2300,29.2400,29.2500,29.2600,29.2700,25,2,2,2,5,7,3,19,10,5
SZ,002370,2017-01-03 09:51:21,29.2200,1,58440.0000,20,S,29.2200,29.2100,29.2000,29.1900,29.1600,29.2300,29.2400,29.2500,29.2600,29.2700,5,2,2,2,5,7,3,19,10,5
SZ,002370,2017-01-03 09:51:24,29.2200,3,11688.0000,4,S,29.2200,29.2100,29.2000,29.1900,29.1600,29.2300,29.2400,29.2500,29.2600,29.2700,1,2,2,2,5,7,3,19,10,5
SZ,002370,2017-01-03 09:51:30,29.2300,1,2923.0000,1,B,29.2200,29.2100,29.2000,29.1900,29.1600,29.2300,29.2400,29.2500,29.2600,29.2700,1,2,2,2,5,6,3,19,10,5
SZ,002370,2017-01-03 09:51:33,29.2100,4,11688.0000,4,S,29.2100,29.2000,29.1900,29.1600,29.1000,29.2300,29.2400,29.2500,29.2600,29.2700,1,2,2,5,3,6,3,19,10,5
SZ,002370,2017-01-03 09:51:39,29.3000,14,265686.0000,91,B,29.3000,29.2100,29.2000,29.1900,29.1600,29.3300,29.3400,29.4800,29.4900,29.5000,9,23,2,2,5,11,10,25,10,20
SZ,002370,2017-01-03 09:51:42,29.2100,6,100093.0000,34,S,29.1600,29.1000,29.0900,29.0700,29.0500,29.2000,29.3300,29.3400,29.4800,29.4900,5,13,15,9,11,20,11,10,25,10
SZ,002370,2017-01-03 09:51:51,29.2000,2,5840.0000,2,B,29.1600,29.1500,29.1400,29.1000,29.0900,29.2000,29.3000,29.3300,29.3400,29.4800,7,2,2,13,15,37,10,11,10,25
SZ,002370,2017-01-03 09:51:57,29.1700,2,5834.0000,2,S,29.1600,29.1500,29.1400,29.1100,29.1000,29.2000,29.3000,29.3300,29.3400,29.4800,7,2,2,8,13,37,10,11,10,25
SZ,002370,2017-01-03 09:52:03,29.2000,1,8760.0000,3,B,29.1600,29.1500,29.1400,29.1100,29.1000,29.2000,29.3000,29.3300,29.3400,29.4700,7,2,2,8,13,34,19,11,10,4
SZ,002370,2017-01-03 09:52:06,29.1600,1,5832.0000,2,S,29.1600,29.1500,29.1400,29.1100,29.1000,29.2000,29.3000,29.3300,29.3400,29.4700,5,2,2,8,13,34,19,11,10,4
SZ,002370,2017-01-03 09:52:09,29.2000,2,101733.0000,35,B,29.2100,29.1600,29.1500,29.1400,29.1100,29.3000,29.3300,29.3400,29.4700,29.4800,22,5,2,2,8,19,11,10,4,25
SZ,002370,2017-01-03 09:52:18,29.2100,2,14607.0000,5,S,29.2100,29.2000,29.1900,29.1700,29.1600,29.3000,29.3300,29.3400,29.4700,29.4800,21,2,2,4,5,19,11,10,4,25
SZ,002370,2017-01-03 09:52:36,29.3000,1,20510.0000,7,B,29.2100,29.2000,29.1900,29.1700,29.1600,29.3000,29.3300,29.3400,29.4700,29.4800,21,2,2,4,5,12,11,10,4,25
SZ,002370,2017-01-03 09:52:45,29.2000,12,96863.0000,33,S,29.1900,29.1700,29.1600,29.1100,29.1000,29.2000,29.2100,29.2200,29.3000,29.3300,2,1,3,8,13,21,19,2,12,11
SZ,002370,2017-01-03 09:53:06,29.2000,1,8760.0000,3,B,29.1900,29.1800,29.1700,29.1600,29.1100,29.2000,29.2100,29.2200,29.3000,29.3300,4,2,3,3,8,18,19,2,15,11
SZ,002370,2017-01-03 09:53:15,29.1900,1,2919.0000,1,S,29.1900,29.1800,29.1700,29.1600,29.1100,29.2000,29.2100,29.2200,29.3000,29.3300,3,2,3,3,8,18,19,2,20,11
SZ,002370,2017-01-03 09:53:27,29.1900,1,2919.0000,1,S,29.1900,29.1800,29.1700,29.1600,29.1100,29.2000,29.2100,29.3000,29.3300,29.3400,3,2,3,3,8,20,19,20,11,10
SZ,002370,2017-01-03 09:53:30,29.1900,2,5839.0000,2,S,29.1900,29.1800,29.1700,29.1600,29.1100,29.2000,29.2100,29.3000,29.3300,29.3400,5,2,3,3,8,19,19,20,11,10
SZ,002370,2017-01-03 09:53:36,29.1900,3,8757.0000,3,S,29.1900,29.1800,29.1700,29.1600,29.1100,29.2000,29.3000,29.3300,29.3400,29.3500,2,2,3,3,8,2,20,11,10,3
SZ,002370,2017-01-03 09:53:45,29.1700,9,49625.0000,17,S,29.1600,29.1100,29.1000,29.0900,29.0700,29.1700,29.3000,29.3300,29.3400,29.3500,3,8,13,15,9,12,20,14,10,3
SZ,002370,2017-01-03 09:53:57,29.1600,2,14580.0000,5,S,29.1100,29.1000,29.0900,29.0700,29.0500,29.1600,29.1700,29.3000,29.3300,29.3400,8,13,15,9,11,15,59,20,14,10
SZ,002370,2017-01-03 09:54:06,29.1100,1,2911.0000,1,S,29.1100,29.1000,29.0900,29.0700,29.0500,29.1600,29.1700,29.2900,29.3000,29.3300,7,13,15,9,11,15,59,5,232,14
SZ,002370,2017-01-03 09:54:15,29.1200,2,8736.0000,3,S,29.1200,29.1100,29.1000,29.0900,29.0700,29.1600,29.1700,29.2900,29.3000,29.3300,1,7,13,15,9,15,59,5,232,14
SZ,002370,2017-01-03 09:54:24,29.1300,1,2913.0000,1,S,29.1300,29.1200,29.1100,29.1000,29.0900,29.1600,29.1700,29.2900,29.3000,29.3300,1,1,7,13,15,15,59,5,232,14
SZ,002370,2017-01-03 09:54:36,29.1300,1,2913.0000,1,S,29.1300,29.1200,29.1100,29.1000,29.0900,29.1600,29.1700,29.2900,29.3000,29.3300,1,1,7,13,15,14,46,15,232,14
SZ,002370,2017-01-03 09:54:45,29.1400,2,5830.0000,2,S,29.1400,29.1300,29.1100,29.1000,29.0900,29.1600,29.2900,29.3000,29.3300,29.3400,1,1,7,13,15,13,20,232,14,10
SZ,002370,2017-01-03 09:54:48,29.1200,4,20387.0000,7,S,29.1100,29.1000,29.0900,29.0700,29.0500,29.1200,29.1600,29.2900,29.3000,29.3300,7,13,15,27,11,67,13,20,232,14
SZ,002370,2017-01-03 09:54:54,29.1100,1,2911.0000,1,S,29.1100,29.1000,29.0900,29.0700,29.0500,29.1200,29.1600,29.2900,29.3000,29.3300,6,13,15,27,11,67,13,20,232,14
SZ,002370,2017-01-03 09:55:12,29.1100,1,14555.0000,5,S,29.1100,29.1000,29.0900,29.0700,29.0500,29.1200,29.1400,29.1600,29.2900,29.3000,3,13,2,27,11,67,9,13,20,232
SZ,002370,2017-01-03 09:55:15,29.1100,2,8733.0000,3,S,29.1000,29.0900,29.0700,29.0500,29.0100,29.1200,29.1400,29.1600,29.2900,29.3000,13,2,27,11,20,67,9,13,20,232
SZ,002370,2017-01-03 09:55:27,29.1100,2,14555.0000,5,S,29.1000,29.0900,29.0700,29.0500,29.0100,29.1100,29.1200,29.1300,29.1400,29.1600,13,2,27,11,20,16,67,1,9,13
SZ,002370,2017-01-03 09:55:30,29.1100,1,11644.0000,4,B,29.1000,29.0900,29.0700,29.0500,29.0100,29.1100,29.1200,29.1300,29.1400,29.1600,15,2,27,11,20,12,67,1,9,13
SZ,002370,2017-01-03 09:55:39,29.1100,1,34932.0000,12,B,29.1100,29.1000,29.0900,29.0700,29.0500,29.1300,29.1400,29.1600,29.2900,29.3000,1,15,2,27,11,1,9,13,40,232
SZ,002370,2017-01-03 09:55:45,29.1100,1,2911.0000,1,S,29.1200,29.1000,29.0900,29.0700,29.0500,29.1300,29.1400,29.1600,29.2900,29.3000,9,15,2,27,11,1,9,13,40,232
SZ,002370,2017-01-03 09:55:48,29.1300,8,94331.0000,33,B,29.1300,29.0700,29.0100,29.0000,28.9700,29.1400,29.1600,29.2900,29.3000,29.3300,5,27,15,749,2,9,13,40,232,14
SZ,002370,2017-01-03 09:55:51,29.0900,2,22102.0000,7,S,29.0700,29.0100,29.0000,28.9700,28.9600,29.0900,29.1300,29.1400,29.1600,29.2900,27,15,749,2,25,39,2,9,13,40
SZ,002370,2017-01-03 09:56:00,29.0900,2,37815.0000,13,B,29.0700,29.0100,29.0000,28.9700,28.9600,29.0900,29.1300,29.1400,29.2900,29.3000,26,15,749,2,25,27,2,9,40,232
SZ,002370,2017-01-03 09:56:06,29.0900,4,34906.0000,12,B,29.0700,29.0100,29.0000,28.9700,28.9600,29.0800,29.0900,29.1200,29.1400,29.2900,25,15,749,2,25,2,16,9,9,40
SZ,002370,2017-01-03 09:56:15,29.0800,2,8723.0000,3,B,29.0800,29.0700,29.0100,29.0000,28.9700,29.0900,29.1200,29.1400,29.2700,29.2800,2,24,15,749,2,16,9,9,10,25
SZ,002370,2017-01-03 09:56:18,29.0900,1,14545.0000,5,B,29.0800,29.0700,29.0100,29.0000,28.9700,29.0900,29.1200,29.1400,29.2700,29.2800,2,26,15,749,2,11,9,9,10,25
SZ,002370,2017-01-03 09:56:21,29.0900,3,8727.0000,3,B,29.0800,29.0700,29.0100,29.0000,28.9700,29.0900,29.1200,29.1400,29.2700,29.2800,2,26,15,749,2,8,9,9,10,25
SZ,002370,2017-01-03 09:56:24,29.0900,1,2909.0000,1,B,29.0800,29.0700,29.0100,29.0000,28.9700,29.0900,29.1200,29.1400,29.2700,29.2800,2,26,15,749,2,7,9,9,10,25
SZ,002370,2017-01-03 09:56:27,29.0900,6,20361.0000,7,B,29.0700,29.0100,29.0000,28.9700,28.9600,29.0900,29.1200,29.1400,29.2700,29.2800,26,15,749,2,25,2,9,9,10,25
SZ,002370,2017-01-03 09:56:30,29.0900,3,6021.0000,2,B,29.0900,29.0800,29.0700,29.0100,29.0000,29.1200,29.1400,29.2700,29.2800,29.2900,2,1,26,74,749,9,9,10,25,40
SZ,002370,2017-01-03 09:56:39,29.0900,2,5818.0000,2,B,29.0800,29.0700,29.0100,29.0000,28.9700,29.0900,29.1200,29.1400,29.2700,29.2800,1,26,74,749,3,1,9,9,10,25
SZ,002370,2017-01-03 09:56:42,29.0900,1,2909.0000,1,B,29.0900,29.0800,29.0700,29.0100,29.0000,29.1200,29.1400,29.2700,29.2800,29.2900,4,3,26,74,749,9,9,10,25,40
SZ,002370,2017-01-03 09:56:48,29.0700,4,78492.0000,27,S,29.0100,29.0000,28.9700,28.9600,28.9500,29.0600,29.1200,29.1400,29.2700,29.2800,74,749,3,28,17,0,9,9,10,25
SZ,002370,2017-01-03 09:56:51,29.0100,10,64595.0000,23,S,29.0100,29.0000,28.9700,28.9600,28.9500,29.0600,29.1200,29.1400,29.2700,29.2800,56,749,3,28,17,24,9,9,10,25
SZ,002370,2017-01-03 09:56:54,29.0600,2,5812.0000,2,B,29.0100,29.0000,28.9700,28.9600,28.9500,29.0600,29.1200,29.1400,29.2700,29.2800,56,749,3,28,17,22,9,9,10,25
SZ,002370,2017-01-03 09:56:57,29.0600,4,11619.0000,4,B,29.0100,29.0000,28.9700,28.9600,28.9500,29.0600,29.1200,29.1400,29.2700,29.2800,55,749,3,28,17,19,9,9,10,25
SZ,002370,2017-01-03 09:57:00,29.0600,2,5812.0000,2,B,29.0200,29.0100,29.0000,28.9700,28.9600,29.0600,29.1200,29.1400,29.2700,29.2800,4,55,749,3,28,17,9,9,10,25
SZ,002370,2017-01-03 09:57:03,29.0600,4,11624.0000,4,B,29.0200,29.0100,29.0000,28.9700,28.9600,29.0600,29.1200,29.1400,29.2700,29.2800,24,55,749,3,28,13,9,9,10,25
SZ,002370,2017-01-03 09:57:06,29.0600,4,11624.0000,4,B,29.0300,29.0200,29.0100,29.0000,28.9700,29.0600,29.1200,29.1400,29.2700,29.2800,2,24,55,749,3,9,9,9,10,25
SZ,002370,2017-01-03 09:57:09,29.0600,8,78388.0000,27,B,29.0200,29.0100,29.0000,28.9700,28.9600,29.0600,29.1200,29.1400,29.2700,29.2800,7,55,749,3,28,1,9,9,10,25
SZ,002370,2017-01-03 09:57:12,29.0600,2,5260.0000,1,B,29.1000,29.0900,29.0200,29.0100,29.0000,29.1200,29.1400,29.2700,29.2800,29.2900,2,1,20,55,749,9,9,10,25,40
SZ,002370,2017-01-03 09:57:15,29.1200,1,14560.0000,5,B,29.0300,29.0200,29.0100,29.0000,28.9700,29.1200,29.1400,29.2700,29.2800,29.2900,14,30,55,749,3,4,9,10,25,40
SZ,002370,2017-01-03 09:57:18,29.0300,4,23251.0000,8,S,29.0300,29.0200,29.0100,29.0000,28.9700,29.1200,29.1400,29.2700,29.2800,29.2900,9,30,55,749,3,1,9,10,25,40
SZ,002370,2017-01-03 09:57:21,29.1200,2,5765.0000,2,B,29.1300,29.0300,29.0200,29.0100,29.0000,29.1400,29.2700,29.2800,29.2900,29.3000,0,9,30,55,749,9,10,25,40,232
SZ,002370,2017-01-03 09:57:27,29.0300,1,2903.0000,1,S,29.0300,29.0200,29.0100,29.0000,28.9700,29.1400,29.2700,29.2800,29.2900,29.3000,8,30,55,749,3,9,10,25,40,232
SZ,002370,2017-01-03 09:57:36,29.0800,2,11647.0000,4,S,29.0800,29.0400,29.0300,29.0200,29.0100,29.1300,29.1400,29.2600,29.2700,29.2800,6,2,19,30,55,18,9,7,10,25
SZ,002370,2017-01-03 09:57:45,29.0900,1,5818.0000,2,B,29.0900,29.0800,29.0400,29.0300,29.0200,29.2600,29.2700,29.2800,29.2900,29.3000,2,6,2,19,30,7,10,25,35,211
SZ,002370,2017-01-03 09:57:51,29.0700,3,34894.0000,12,S,29.0300,29.0200,29.0100,29.0000,28.9700,29.0700,29.2600,29.2700,29.2800,29.2900,20,30,55,749,3,42,7,10,25,35
SZ,002370,2017-01-03 09:57:54,29.0700,3,29070.0000,10,B,29.0300,29.0200,29.0100,29.0000,28.9700,29.0700,29.0900,29.2600,29.2700,29.2800,21,30,55,749,3,52,4,7,10,25
SZ,002370,2017-01-03 09:57:57,29.0700,3,14535.0000,5,B,29.0300,29.0200,29.0100,29.0000,28.9700,29.0700,29.0900,29.2600,29.2700,29.2800,21,30,55,749,3,47,4,7,10,25
SZ,002370,2017-01-03 09:58:00,29.0700,7,23256.0000,8,B,29.0400,29.0300,29.0200,29.0100,29.0000,29.0700,29.0900,29.2600,29.2700,29.2800,4,21,17,62,749,39,4,7,10,25
SZ,002370,2017-01-03 09:58:03,29.0700,2,11628.0000,4,B,29.0400,29.0300,29.0200,29.0100,29.0000,29.0700,29.0900,29.2600,29.2700,29.2800,4,21,17,62,749,35,13,7,10,25
SZ,002370,2017-01-03 09:58:06,29.0700,5,17439.0000,6,B,29.0400,29.0300,29.0200,29.0100,29.0000,29.0700,29.0900,29.2600,29.2700,29.2800,3,21,17,62,749,30,13,7,10,25
SZ,002370,2017-01-03 09:58:09,29.0700,4,11628.0000,4,B,29.0400,29.0300,29.0200,29.0100,29.0000,29.0700,29.0900,29.2600,29.2700,29.2800,3,21,17,62,749,26,13,7,10,25
SZ,002370,2017-01-03 09:58:12,29.0700,3,11628.0000,4,B,29.0500,29.0400,29.0300,29.0200,29.0100,29.0700,29.0900,29.2600,29.2700,29.2800,3,16,21,17,62,22,38,7,10,25
SZ,002370,2017-01-03 09:58:15,29.0700,2,5814.0000,2,B,29.0500,29.0400,29.0300,29.0200,29.0100,29.0700,29.0900,29.2600,29.2700,29.2800,3,16,21,17,62,20,38,7,10,25
SZ,002370,2017-01-03 09:58:18,29.0700,4,14529.0000,5,B,29.0400,29.0300,29.0200,29.0100,29.0000,29.0700,29.0900,29.2600,29.2700,29.2800,16,21,17,62,749,18,38,7,10,25
SZ,002370,2017-01-03 09:58:21,29.0700,1,2907.0000,1,B,29.0500,29.0400,29.0300,29.0200,29.0100,29.0700,29.0900,29.2600,29.2700,29.2800,11,16,21,37,62,17,38,7,10,25
SZ,002370,2017-01-03 09:58:24,29.0700,3,8721.0000,3,B,29.0500,29.0400,29.0300,29.0200,29.0100,29.0700,29.0900,29.2600,29.2700,29.2800,12,16,21,37,62,14,38,7,10,25
SZ,002370,2017-01-03 09:58:27,29.0700,2,5814.0000,2,B,29.0500,29.0400,29.0300,29.0200,29.0100,29.0700,29.0900,29.2600,29.2700,29.2800,12,16,21,37,62,12,38,5,10,25
SZ,002370,2017-01-03 09:58:30,29.0700,1,2907.0000,1,B,29.0600,29.0500,29.0400,29.0300,29.0200,29.0700,29.0900,29.2600,29.2700,29.2800,1,12,16,21,37,11,38,5,10,25
SZ,002370,2017-01-03 09:58:33,29.0700,1,2907.0000,1,B,29.0600,29.0500,29.0400,29.0300,29.0200,29.0700,29.0900,29.2600,29.2700,29.2800,1,12,16,21,37,10,38,5,10,25
SZ,002370,2017-01-03 09:58:36,29.0900,5,139990.0000,49,B,29.1400,29.0800,29.0600,29.0500,29.0400,29.2600,29.2700,29.2800,29.2900,29.3000,14,2,1,12,13,5,10,25,35,211
SZ,002370,2017-01-03 09:58:39,29.1400,1,20398.0000,7,S,29.1400,29.0600,29.0500,29.0300,29.0200,29.2600,29.2700,29.2800,29.2900,29.3000,7,1,12,21,37,5,10,25,35,211
SZ,002370,2017-01-03 09:58:48,29.1500,3,20408.0000,7,S,29.1400,29.0600,29.0500,29.0300,29.0200,29.1500,29.2600,29.2700,29.2800,29.2900,7,14,10,21,37,13,5,10,25,35
SZ,002370,2017-01-03 09:58:51,29.0500,4,79711.0000,27,S,29.0500,29.0300,29.0200,29.0100,29.0000,29.0600,29.1500,29.2600,29.2700,29.2800,4,21,40,62,754,25,13,5,10,25
SZ,002370,2017-01-03 09:58:54,29.0500,10,80488.0000,28,S,29.0300,29.0200,29.0100,29.0000,28.9700,29.0500,29.0600,29.1500,29.2600,29.2700,1,40,62,754,3,18,25,13,5,10
SZ,002370,2017-01-03 09:59:06,29.0300,3,5806.0000,2,S,29.0300,29.0200,29.0100,29.0000,28.9700,29.0500,29.0600,29.1500,29.2600,29.2700,3,40,62,754,3,21,25,13,5,10
SZ,002370,2017-01-03 09:59:09,29.0500,1,20335.0000,7,B,29.0300,29.0200,29.0100,29.0000,28.9700,29.0500,29.0600,29.1500,29.2600,29.2700,3,40,62,754,3,14,25,13,10,10
SZ,002370,2017-01-03 09:59:12,29.0500,3,43564.0000,15,B,29.0400,29.0200,29.0100,29.0000,28.9700,29.0500,29.0600,29.1500,29.2600,29.2700,2,38,62,754,3,4,25,13,10,10
SZ,002370,2017-01-03 09:59:21,29.0500,1,8715.0000,3,B,29.0500,29.0400,29.0200,29.0100,29.0000,29.0600,29.1500,29.2600,29.2700,29.2800,7,4,38,62,764,25,13,10,10,25
SZ,002370,2017-01-03 09:59:30,29.0600,1,72854.0000,25,B,29.0600,29.0500,29.0400,29.0200,29.0100,29.1500,29.2600,29.2700,29.2800,29.2900,10,8,4,38,62,13,10,10,25,37
SZ,002370,2017-01-03 09:59:36,29.0600,1,2906.0000,1,S,29.0600,29.0500,29.0400,29.0200,29.0100,29.1500,29.2600,29.2700,29.2800,29.2900,9,8,2,38,62,13,10,10,25,37
SZ,002370,2017-01-03 09:59:42,29.1500,1,37895.0000,13,B,29.1500,29.0700,29.0600,29.0500,29.0400,29.2600,29.2700,29.2800,29.2900,29.3000,30,4,9,8,2,10,10,25,37,211
SZ,002370,2017-01-03 09:59:45,29.1500,1,43725.0000,15,S,29.1500,29.0700,29.0600,29.0500,29.0400,29.2600,29.2700,29.2800,29.2900,29.3000,15,4,9,8,2,10,10,25,37,211
SZ,002370,2017-01-03 09:59:48,29.1500,1,8745.0000,3,S,29.1500,29.0700,29.0600,29.0500,29.0400,29.2600,29.2700,29.2800,29.2900,29.3000,12,4,9,8,2,10,10,25,37,211
SZ,002370,2017-01-03 10:00:06,29.1600,1,5832.0000,2,S,29.0900,29.0700,29.0500,29.0400,29.0200,29.2600,29.2700,29.2800,29.2900,29.3000,10,13,8,2,38,10,10,25,37,211
SZ,002370,2017-01-03 10:00:30,29.0900,3,37821.0000,13,S,29.0700,29.0500,29.0400,29.0200,29.0100,29.0900,29.2600,29.2700,29.2800,29.2900,13,8,2,38,62,6,27,10,25,37
SZ,002370,2017-01-03 10:00:36,29.0800,1,2908.0000,1,S,29.0800,29.0700,29.0500,29.0400,29.0200,29.0900,29.2600,29.2700,29.2800,29.2900,3,9,8,2,38,6,27,10,25,37
SZ,002370,2017-01-03 10:00:39,29.0400,8,63935.0000,22,S,29.0200,29.0100,29.0000,28.9700,28.9600,29.0400,29.0900,29.2500,29.2600,29.2700,38,62,754,3,48,0,6,10,27,10
SZ,002370,2017-01-03 10:00:45,29.0200,1,5804.0000,2,S,29.0200,29.0100,29.0000,28.9700,28.9600,29.0400,29.0900,29.2500,29.2600,29.2700,36,62,754,3,48,0,6,10,27,10
SZ,002370,2017-01-03 10:00:48,29.2600,7,122778.0000,42,B,29.0200,29.0100,29.0000,28.9700,28.9600,29.2600,29.2700,29.2800,29.2900,29.3000,36,62,754,3,48,1,10,25,37,211
SZ,002370,2017-01-03 10:00:51,29.0400,1,2904.0000,1,S,29.0400,29.0200,29.0100,29.0000,28.9700,29.0600,29.2600,29.2800,29.2900,29.3000,1,36,62,754,3,14,1,25,37,211
SZ,002370,2017-01-03 10:00:57,29.0600,1,14530.0000,5,B,29.0400,29.0200,29.0100,29.0000,28.9800,29.0600,29.2600,29.2800,29.2900,29.3000,1,36,62,754,1,9,11,25,37,211
SZ,002370,2017-01-03 10:01:03,29.0600,1,26154.0000,9,B,29.0600,29.0400,29.0200,29.0100,29.0000,29.2600,29.2800,29.2900,29.3000,29.3300,4,1,36,62,754,11,25,37,211,32
SZ,002370,2017-01-03 10:01:06,29.0600,1,2906.0000,1,S,29.0600,29.0400,29.0200,29.0100,29.0000,29.2600,29.2800,29.2900,29.3000,29.3300,3,1,36,62,754,1,25,37,211,32
SZ,002370,2017-01-03 10:01:12,29.2800,2,6030.0000,2,B,29.2600,29.0600,29.0400,29.0300,29.0200,29.2800,29.2900,29.3000,29.3300,29.3400,27,13,6,7,36,24,37,221,32,10
SZ,002370,2017-01-03 10:01:15,29.2600,4,49744.0000,17,S,29.2600,29.0600,29.0400,29.0300,29.0200,29.2800,29.2900,29.3000,29.3300,29.3400,12,13,6,7,50,24,37,221,32,10
SZ,002370,2017-01-03 10:01:24,29.2600,1,32186.0000,11,S,29.2600,29.0600,29.0400,29.0300,29.0200,29.2800,29.2900,29.3000,29.3300,29.3400,1,13,5,7,50,24,37,211,32,10
SZ,002370,2017-01-03 10:01:27,29.2600,2,11530.0000,4,S,29.0700,29.0600,29.0400,29.0300,29.0200,29.2600,29.2800,29.2900,29.3000,29.3300,5,42,5,9,50,119,24,37,211,32
SZ,002370,2017-01-03 10:01:30,29.3000,12,1159689.0000,396,B,29.0700,29.0600,29.0400,29.0300,29.0200,29.3000,29.3300,29.3400,29.3500,29.4800,5,42,5,9,50,5,32,10,3,23
SZ,002370,2017-01-03 10:01:36,29.3000,2,14826.0000,5,B,29.3000,29.0700,29.0600,29.0400,29.0300,29.3300,29.3400,29.3500,29.4800,29.4900,6,5,42,5,9,32,10,3,23,10
SZ,002370,2017-01-03 10:01:39,29.0700,4,23881.0000,8,S,29.0700,29.0600,29.0400,29.0300,29.0200,29.3300,29.3400,29.3500,29.4800,29.4900,3,42,5,9,50,32,10,3,23,10
SZ,002370,2017-01-03 10:01:42,29.0600,4,40397.0000,14,S,29.0600,29.0400,29.0300,29.0200,29.0100,29.3000,29.3300,29.3400,29.3500,29.4800,35,5,9,50,64,1,32,10,3,23
SZ,002370,2017-01-03 10:01:45,29.0600,1,2906.0000,1,S,29.0700,29.0600,29.0400,29.0300,29.0200,29.3000,29.3300,29.3400,29.3500,29.4800,5,34,5,9,50,1,32,10,3,23
SZ,002370,2017-01-03 10:01:54,29.1000,1,2910.0000,1,S,29.1000,29.0800,29.0700,29.0600,29.0400,29.2900,29.3000,29.3300,29.3400,29.3500,1,14,5,34,5,9,123,32,10,3
SZ,002370,2017-01-03 10:01:57,29.1000,1,2910.0000,1,S,29.0800,29.0700,29.0600,29.0400,29.0300,29.1000,29.2900,29.3000,29.3300,29.3400,14,5,34,5,9,1,9,133,32,10
SZ,002370,2017-01-03 10:02:00,29.0800,1,14540.0000,5,S,29.0800,29.0700,29.0600,29.0400,29.0300,29.1000,29.2900,29.3000,29.3300,29.3400,9,5,34,5,9,1,9,133,32,10
SZ,002370,2017-01-03 10:02:12,29.0800,3,49436.0000,17,S,29.0700,29.0600,29.0500,29.0400,29.0300,29.0800,29.1000,29.2900,29.3000,29.3300,12,34,10,5,9,2,1,34,133,32
SZ,002370,2017-01-03 10:02:15,29.2900,5,108312.0000,37,B,29.2900,29.0700,29.0600,29.0500,29.0400,29.3000,29.3300,29.3500,29.4800,29.4900,11,14,34,10,5,133,32,3,23,10
SZ,002370,2017-01-03 10:02:18,29.2900,1,2929.0000,1,S,29.2900,29.0700,29.0600,29.0500,29.0400,29.3000,29.3300,29.3500,29.4800,29.4900,10,14,34,10,5,133,32,3,23,10
SZ,002370,2017-01-03 10:02:21,29.2900,1,17574.0000,6,S,29.2900,29.0700,29.0600,29.0500,29.0400,29.3000,29.3300,29.3500,29.4800,29.4900,4,14,34,10,5,133,32,3,23,10
SZ,002370,2017-01-03 10:02:27,29.2900,2,11716.0000,4,S,29.1000,29.0800,29.0700,29.0600,29.0500,29.2900,29.3000,29.3300,29.3500,29.4800,39,5,19,34,10,2,133,32,3,23
SZ,002370,2017-01-03 10:02:36,29.1200,3,152322.0000,52,S,29.1200,29.1100,29.1000,29.0800,29.0700,29.3000,29.3200,29.3300,29.3500,29.4800,1,1,39,5,19,208,10,32,23,23
SZ,002370,2017-01-03 10:02:39,29.1000,4,23751.0000,8,S,29.1000,29.0800,29.0700,29.0600,29.0500,29.3000,29.3200,29.3300,29.3500,29.4800,35,5,19,34,10,208,10,32,23,23
SZ,002370,2017-01-03 10:02:42,29.1000,3,40454.0000,14,S,29.1000,29.0800,29.0700,29.0600,29.0500,29.2900,29.3000,29.3200,29.3300,29.3500,26,5,19,34,10,10,208,10,32,23
SZ,002370,2017-01-03 10:02:57,29.0900,1,2909.0000,1,S,29.1000,29.0900,29.0800,29.0700,29.0600,29.2900,29.3000,29.3200,29.3300,29.3500,9,1,20,19,34,20,208,10,32,23
SZ,002370,2017-01-03 10:03:06,29.1000,1,5820.0000,2,S,29.1000,29.0900,29.0800,29.0700,29.0600,29.2800,29.2900,29.3000,29.3200,29.3300,7,1,20,19,34,5,20,208,10,32
SZ,002370,2017-01-03 10:03:15,29.1000,1,2910.0000,1,S,29.1000,29.0900,29.0800,29.0700,29.0600,29.2800,29.2900,29.3000,29.3200,29.3300,6,1,20,19,34,5,25,208,10,32
SZ,002370,2017-01-03 10:03:27,29.1200,1,5824.0000,2,S,29.1000,29.0800,29.0700,29.0600,29.0500,29.1200,29.2800,29.2900,29.3000,29.3200,6,20,19,34,10,1,10,45,208,10
SZ,002370,2017-01-03 10:03:42,29.1000,6,40752.0000,14,S,29.0800,29.0700,29.0600,29.0500,29.0400,29.0900,29.2800,29.2900,29.3000,29.3200,20,12,34,10,5,3,10,45,210,10
SZ,002370,2017-01-03 10:03:51,29.2800,4,55636.0000,19,B,29.2800,29.0800,29.0700,29.0600,29.0500,29.2900,29.3000,29.3200,29.3300,29.3500,32,20,7,34,10,45,210,10,32,23
SZ,002370,2017-01-03 10:03:54,29.2800,6,70272.0000,24,S,29.2800,29.0900,29.0800,29.0700,29.0600,29.2900,29.3000,29.3200,29.3300,29.3500,57,4,20,7,34,45,210,10,32,23
SZ,002370,2017-01-03 10:03:57,29.2800,2,17568.0000,6,S,29.2800,29.0900,29.0800,29.0700,29.0600,29.2900,29.3000,29.3200,29.3300,29.3500,51,4,20,7,34,45,210,10,32,23
SZ,002370,2017-01-03 10:04:03,29.2800,1,5856.0000,2,S,29.2800,29.1200,29.0900,29.0800,29.0700,29.2900,29.3000,29.3200,29.3300,29.3500,51,15,4,20,7,45,210,10,32,23
SZ,002370,2017-01-03 10:04:06,29.2900,4,82012.0000,28,B,29.2800,29.1200,29.0900,29.0800,29.0700,29.2900,29.3000,29.3200,29.3300,29.3500,51,15,5,20,7,17,210,10,32,23
SZ,002370,2017-01-03 10:04:12,29.2800,2,2928.0000,1,S,29.2800,29.1200,29.1000,29.0900,29.0800,29.2900,29.3000,29.3200,29.3300,29.3500,50,15,5,5,20,17,210,10,32,23
SZ,002370,2017-01-03 10:04:15,29.3000,2,105463.0000,36,B,29.2800,29.1200,29.1000,29.0900,29.0800,29.3000,29.3200,29.3300,29.3500,29.3900,2,15,5,5,20,191,10,32,23,5
SZ,002370,2017-01-03 10:04:18,29.2800,1,5856.0000,2,S,29.1200,29.1000,29.0900,29.0800,29.0700,29.2800,29.3000,29.3200,29.3300,29.3500,15,5,5,20,7,18,191,10,32,23
SZ,002370,2017-01-03 10:04:24,29.3000,3,131804.0000,45,B,29.1200,29.1000,29.0900,29.0800,29.0700,29.3000,29.3200,29.3300,29.3500,29.3900,15,5,5,20,7,273,10,32,23,5
SZ,002370,2017-01-03 10:04:27,29.1200,1,5824.0000,2,S,29.1400,29.1200,29.1000,29.0900,29.0800,29.2800,29.3000,29.3200,29.3300,29.3500,2,13,5,5,20,300,273,10,32,23
SZ,002370,2017-01-03 10:04:36,29.2000,1,5840.0000,2,S,29.2000,29.1400,29.1200,29.1000,29.0900,29.2800,29.3000,29.3200,29.3300,29.3500,31,2,13,5,5,304,372,10,32,23
SZ,002370,2017-01-03 10:04:42,29.2000,1,23827.0000,8,S,29.2000,29.1400,29.1200,29.1000,29.0900,29.2800,29.3000,29.3200,29.3300,29.3500,22,2,13,5,5,304,372,10,32,23
SZ,002370,2017-01-03 10:04:45,29.2000,2,40588.0000,14,S,29.2000,29.1400,29.1200,29.1000,29.0900,29.2800,29.3000,29.3300,29.3500,29.3900,8,2,13,10,5,304,372,32,23,5
SZ,002370,2017-01-03 10:04:48,29.2000,2,84896.0000,29,S,29.2000,29.1400,29.1200,29.1000,29.0900,29.2700,29.2800,29.3000,29.3300,29.3500,6,2,13,10,5,199,277,372,32,23
SZ,002370,2017-01-03 10:04:57,29.2100,1,5842.0000,2,S,29.2000,29.1200,29.1000,29.0900,29.0700,29.2100,29.2700,29.2800,29.3000,29.3300,6,13,10,5,7,1,211,277,372,32
SZ,002370,2017-01-03 10:05:03,29.2000,1,2920.0000,1,S,29.2000,29.1300,29.1200,29.1000,29.0900,29.2100,29.2700,29.2800,29.3000,29.3300,7,10,13,10,15,1,211,277,380,32
SZ,002370,2017-01-03 10:05:09,29.2000,1,2920.0000,1,S,29.2000,29.1300,29.1200,29.1000,29.0900,29.2100,29.2700,29.2800,29.3000,29.3300,6,10,13,10,15,1,199,277,380,32
SZ,002370,2017-01-03 10:05:12,29.2000,1,2920.0000,1,S,29.2000,29.1300,29.1200,29.1000,29.0900,29.2100,29.2700,29.2800,29.3000,29.3300,5,10,13,10,15,1,199,277,380,32
SZ,002370,2017-01-03 10:05:15,29.2700,2,11702.0000,4,B,29.2000,29.1300,29.1200,29.1000,29.0900,29.2700,29.2800,29.3000,29.3300,29.3500,5,10,13,10,15,196,277,380,32,23
SZ,002370,2017-01-03 10:05:27,29.2100,1,2921.0000,1,S,29.2100,29.2000,29.1300,29.1200,29.1000,29.2700,29.2800,29.3000,29.3300,29.3500,1,5,10,13,10,196,277,380,32,23
SZ,002370,2017-01-03 10:05:36,29.2100,2,5842.0000,2,S,29.2000,29.1500,29.1300,29.1200,29.1000,29.2100,29.2700,29.2800,29.3000,29.3300,5,20,10,13,10,20,196,277,380,32
SZ,002370,2017-01-03 10:05:45,29.1500,5,62178.0000,21,S,29.1500,29.1300,29.1200,29.1000,29.0900,29.2100,29.2700,29.2800,29.3000,29.3300,4,10,13,10,11,20,196,277,390,32
SZ,002370,2017-01-03 10:05:48,29.1500,2,16742.0000,6,S,29.1500,29.1300,29.1200,29.1000,29.0900,29.2100,29.2700,29.2800,29.3000,29.3300,0,10,13,10,11,20,196,277,390,32
SZ,002370,2017-01-03 10:05:54,29.1500,1,2565.0000,1,S,29.1300,29.1200,29.1000,29.0900,29.0800,29.1500,29.2100,29.2700,29.2800,29.3000,10,13,10,11,27,0,20,196,277,390
SZ,002370,2017-01-03 10:06:06,29.1400,1,5828.0000,2,S,29.1400,29.1300,29.1200,29.0900,29.0800,29.1500,29.2100,29.2700,29.2800,29.3000,3,10,13,11,27,0,19,196,277,390
SZ,002370,2017-01-03 10:06:12,29.2100,2,2920.0000,1,B,29.1400,29.1300,29.1200,29.0900,29.0800,29.2100,29.2700,29.2800,29.3000,29.3300,5,10,13,11,27,18,196,277,410,32
SZ,002370,2017-01-03 10:06:27,29.1400,1,8742.0000,3,S,29.1400,29.1300,29.1200,29.1000,29.0900,29.2100,29.2700,29.2800,29.3000,29.3300,2,10,13,10,11,18,196,277,410,32
SZ,002370,2017-01-03 10:06:39,29.1500,1,5830.0000,2,S,29.1400,29.1300,29.1200,29.1000,29.0900,29.2100,29.2700,29.2800,29.3000,29.3300,3,10,13,10,11,20,196,277,410,32
SZ,002370,2017-01-03 10:06:45,29.1300,4,26686.0000,9,S,29.1300,29.1200,29.1000,29.0900,29.0800,29.2100,29.2700,29.2800,29.3000,29.3300,3,13,13,11,27,20,196,277,410,32
SZ,002370,2017-01-03 10:06:48,29.1200,3,40481.0000,14,S,29.1200,29.1000,29.0900,29.0800,29.0700,29.2100,29.2700,29.2800,29.3000,29.3300,2,13,11,27,7,22,196,277,410,32
SZ,002370,2017-01-03 10:06:54,29.1200,1,2912.0000,1,S,29.1200,29.1000,29.0900,29.0800,29.0700,29.2100,29.2700,29.2800,29.3000,29.3300,1,13,11,27,7,32,196,277,410,32
SZ,002370,2017-01-03 10:06:57,29.1200,2,5824.0000,2,S,29.1200,29.1000,29.0900,29.0800,29.0700,29.2100,29.2600,29.2700,29.2800,29.3000,7,13,11,27,7,32,5,196,277,410
SZ,002370,2017-01-03 10:07:06,29.1200,1,2912.0000,1,S,29.1300,29.1200,29.1000,29.0900,29.0800,29.2100,29.2600,29.2700,29.2800,29.3000,2,6,13,11,27,32,5,196,277,410
SZ,002370,2017-01-03 10:07:18,29.1300,2,8741.0000,3,S,29.1300,29.1200,29.1000,29.0900,29.0800,29.2100,29.2600,29.2700,29.2800,29.3000,1,6,13,11,27,42,5,196,277,410
SZ,002370,2017-01-03 10:07:24,29.1300,1,2913.0000,1,S,29.1200,29.1000,29.0900,29.0800,29.0700,29.1300,29.2100,29.2600,29.2700,29.2800,6,13,11,27,7,18,42,5,196,277
SZ,002370,2017-01-03 10:07:30,29.1200,1,2912.0000,1,S,29.1200,29.1000,29.0900,29.0800,29.0700,29.1300,29.2100,29.2600,29.2700,29.2800,10,13,11,27,7,18,42,5,196,277
SZ,002370,2017-01-03 10:07:36,29.1200,1,2912.0000,1,S,29.1200,29.1000,29.0900,29.0800,29.0700,29.1300,29.2100,29.2600,29.2700,29.2800,11,13,11,27,7,18,42,5,196,277
SZ,002370,2017-01-03 10:07:39,29.2700,7,230718.0000,79,B,29.1200,29.1100,29.1000,29.0900,29.0800,29.2700,29.2800,29.3000,29.3300,29.3500,11,2,13,11,27,182,277,410,32,3
SZ,002370,2017-01-03 10:07:45,29.1200,1,5824.0000,2,S,29.1200,29.1100,29.1000,29.0900,29.0800,29.2700,29.2800,29.3000,29.3300,29.3500,9,2,13,11,27,182,277,410,32,3
SZ,002370,2017-01-03 10:07:57,29.2000,2,26280.0000,9,S,29.2000,29.1200,29.1100,29.1000,29.0900,29.2700,29.2800,29.3000,29.3300,29.3500,86,9,2,13,11,182,277,410,32,3
SZ,002370,2017-01-03 10:08:15,29.2200,1,2922.0000,1,S,29.2200,29.2100,29.2000,29.1200,29.1100,29.2700,29.2800,29.3000,29.3300,29.3500,2,2,86,7,2,182,277,410,32,3
SZ,002370,2017-01-03 10:08:27,29.2200,1,5844.0000,2,S,29.2100,29.2000,29.1200,29.1100,29.1000,29.2700,29.2800,29.3000,29.3300,29.3500,2,86,7,2,13,182,277,410,32,3
SZ,002370,2017-01-03 10:08:30,29.2200,1,2922.0000,1,S,29.2100,29.2000,29.1200,29.1100,29.1000,29.2200,29.2700,29.2800,29.3000,29.3300,2,86,7,2,13,2,182,277,410,32
SZ,002370,2017-01-03 10:08:36,29.2700,2,35114.0000,12,B,29.2100,29.2000,29.1200,29.1100,29.1000,29.2700,29.2800,29.3000,29.3300,29.3500,2,86,7,2,13,172,277,410,32,3
SZ,002370,2017-01-03 10:08:45,29.2200,1,5844.0000,2,S,29.2100,29.2000,29.1300,29.1200,29.1100,29.2200,29.2700,29.2800,29.3000,29.3300,2,86,3,7,2,17,172,277,410,32
SZ,002370,2017-01-03 10:08:57,29.2100,2,5842.0000,2,S,29.2000,29.1300,29.1200,29.1100,29.1000,29.2200,29.2700,29.2800,29.3000,29.3300,86,3,7,2,13,17,172,277,410,32
SZ,002370,2017-01-03 10:09:09,29.2000,2,23362.0000,8,S,29.2000,29.1300,29.1200,29.1100,29.1000,29.2200,29.2700,29.2800,29.3000,29.3300,80,3,7,2,13,17,172,277,410,32
SZ,002370,2017-01-03 10:09:15,29.2000,1,2920.0000,1,S,29.2000,29.1300,29.1200,29.1100,29.1000,29.2200,29.2700,29.2800,29.3000,29.3300,79,3,7,2,13,17,172,277,410,32
SZ,002370,2017-01-03 10:09:27,29.2000,1,5840.0000,2,S,29.2000,29.1300,29.1200,29.1100,29.1000,29.2200,29.2700,29.2800,29.3000,29.3300,77,3,7,2,13,17,172,277,410,32
SZ,002370,2017-01-03 10:09:36,29.2100,2,8763.0000,3,S,29.2000,29.1300,29.1200,29.1100,29.1000,29.2100,29.2200,29.2700,29.2800,29.3000,77,3,7,2,13,2,17,172,277,410
SZ,002370,2017-01-03 10:09:48,29.2000,1,2920.0000,1,S,29.2000,29.1300,29.1200,29.1100,29.1000,29.2100,29.2200,29.2700,29.2800,29.3000,76,3,2,2,13,5,17,172,277,410
SZ,002370,2017-01-03 10:09:57,29.2000,1,8760.0000,3,S,29.2000,29.1300,29.1200,29.1100,29.1000,29.2100,29.2200,29.2700,29.2800,29.3000,73,3,2,2,13,15,17,172,277,410
SZ,002370,2017-01-03 10:10:06,29.2000,1,14600.0000,5,S,29.2000,29.1300,29.1200,29.1100,29.1000,29.2100,29.2200,29.2700,29.2800,29.3000,75,3,2,2,13,15,17,172,277,410
SZ,002370,2017-01-03 10:10:15,29.2000,1,37960.0000,13,S,29.2000,29.1300,29.1200,29.1100,29.1000,29.2100,29.2200,29.2700,29.2800,29.3000,62,3,2,2,13,15,17,172,277,410
SZ,002370,2017-01-03 10:10:18,29.2000,1,2920.0000,1,S,29.2000,29.1300,29.1200,29.1100,29.1000,29.2100,29.2200,29.2700,29.2800,29.3000,61,3,2,2,13,15,17,172,277,410
SZ,002370,2017-01-03 10:10:21,29.2000,1,35040.0000,12,S,29.2000,29.1300,29.1200,29.1100,29.1000,29.2100,29.2200,29.2700,29.2800,29.3000,49,3,2,2,13,15,17,172,277,410
SZ,002370,2017-01-03 10:10:27,29.2000,2,58400.0000,20,S,29.2000,29.1300,29.1200,29.1100,29.1000,29.2100,29.2200,29.2700,29.2800,29.3000,29,3,2,2,13,15,17,172,277,410
SZ,002370,2017-01-03 10:10:39,29.2000,1,8760.0000,3,S,29.2000,29.1300,29.1200,29.1100,29.1000,29.2100,29.2200,29.2700,29.2800,29.3000,28,3,2,2,13,15,29,172,277,410
SZ,002370,2017-01-03 10:10:54,29.2000,1,2920.0000,1,S,29.2000,29.1300,29.1200,29.1100,29.1000,29.2100,29.2200,29.2700,29.2800,29.3000,27,3,2,19,13,15,12,172,277,410
SZ,002370,2017-01-03 10:10:57,29.2000,1,2920.0000,1,S,29.2000,29.1300,29.1200,29.1100,29.1000,29.2100,29.2200,29.2700,29.2800,29.3000,26,3,2,19,13,15,12,172,277,410
SZ,002370,2017-01-03 10:11:06,29.2000,1,8760.0000,3,S,29.2000,29.1300,29.1200,29.1100,29.1000,29.2100,29.2200,29.2700,29.2800,29.3000,25,3,2,19,13,15,12,172,277,410
SZ,002370,2017-01-03 10:11:09,29.2000,3,58400.0000,20,S,29.2000,29.1300,29.1200,29.1100,29.1000,29.2100,29.2200,29.2700,29.2800,29.3000,5,3,2,19,13,15,12,172,277,410
SZ,002370,2017-01-03 10:11:18,29.2000,1,2920.0000,1,S,29.2000,29.1300,29.1200,29.1100,29.1000,29.2100,29.2200,29.2700,29.2800,29.3000,4,3,2,19,13,15,12,172,277,410
SZ,002370,2017-01-03 10:11:27,29.2000,1,2920.0000,1,S,29.2000,29.1300,29.1200,29.1100,29.1000,29.2100,29.2200,29.2700,29.2800,29.3000,5,3,2,19,13,15,12,172,277,410
SZ,002370,2017-01-03 10:11:36,29.2100,4,49657.0000,17,S,29.2100,29.2000,29.1300,29.1200,29.1100,29.2200,29.2700,29.2800,29.3000,29.3300,3,7,3,2,19,12,172,277,410,32
SZ,002370,2017-01-03 10:11:54,29.2200,2,32142.0000,11,B,29.2100,29.2000,29.1300,29.1200,29.1100,29.2200,29.2700,29.2800,29.3000,29.3300,3,6,3,2,19,1,172,277,410,32
SZ,002370,2017-01-03 10:11:57,29.2100,1,2921.0000,1,S,29.2100,29.2000,29.1300,29.1200,29.1100,29.2200,29.2700,29.2800,29.3000,29.3300,4,6,3,2,19,1,172,277,410,32
SZ,002370,2017-01-03 10:12:03,29.2700,2,35118.0000,12,B,29.2100,29.2000,29.1300,29.1200,29.1100,29.2700,29.2800,29.3000,29.3300,29.3500,4,6,3,2,19,162,277,410,32,3
SZ,002370,2017-01-03 10:12:09,29.2100,1,2921.0000,1,S,29.2100,29.2000,29.1300,29.1200,29.1100,29.2700,29.2800,29.3000,29.3300,29.3500,3,6,3,2,19,162,277,410,32,3
SZ,002370,2017-01-03 10:12:12,29.2100,2,8763.0000,3,S,29.2000,29.1300,29.1200,29.1100,29.1000,29.2100,29.2700,29.2800,29.3000,29.3300,6,3,2,19,13,16,162,277,410,32
SZ,002370,2017-01-03 10:12:18,29.2000,2,8760.0000,3,S,29.2000,29.1300,29.1200,29.1100,29.1000,29.2100,29.2700,29.2800,29.3000,29.3300,3,3,2,19,13,16,162,277,410,32
SZ,002370,2017-01-03 10:12:24,29.2100,1,46736.0000,16,B,29.2100,29.2000,29.1300,29.1200,29.1100,29.2700,29.2800,29.3000,29.3300,29.3500,14,3,3,2,19,162,277,410,32,3
SZ,002370,2017-01-03 10:12:33,29.2700,1,32197.0000,11,B,29.2100,29.2000,29.1300,29.1200,29.1100,29.2700,29.2800,29.3000,29.3300,29.3500,15,5,3,2,19,151,277,410,32,3
SZ,002370,2017-01-03 10:12:36,29.2100,1,2921.0000,1,S,29.2100,29.2000,29.1300,29.1200,29.1100,29.2700,29.2800,29.3000,29.3300,29.3500,14,5,3,2,19,151,277,410,32,3
SZ,002370,2017-01-03 10:12:48,29.2100,3,40894.0000,14,S,29.2000,29.1300,29.1200,29.1100,29.1000,29.2100,29.2700,29.2800,29.3000,29.3300,5,3,2,19,13,1,151,277,410,32
SZ,002370,2017-01-03 10:12:51,29.1200,5,23805.0000,8,S,29.1200,29.1100,29.1000,29.0900,29.0800,29.2100,29.2700,29.2800,29.3000,29.3300,2,19,13,11,27,1,151,277,410,32
SZ,002370,2017-01-03 10:12:54,29.1200,2,13921.0000,5,S,29.1100,29.1000,29.0900,29.0800,29.0700,29.1200,29.2100,29.2700,29.2800,29.3000,19,13,11,27,7,9,1,151,277,410
SZ,002370,2017-01-03 10:12:57,29.1200,6,14560.0000,5,B,29.1100,29.1000,29.0900,29.0800,29.0700,29.1200,29.2100,29.2700,29.2800,29.3000,19,13,11,27,7,4,1,151,277,410
SZ,002370,2017-01-03 10:13:00,29.1200,3,8736.0000,3,B,29.1100,29.1000,29.0900,29.0800,29.0700,29.1200,29.2100,29.2700,29.2800,29.3000,19,13,11,27,7,1,1,151,277,410
SZ,002370,2017-01-03 10:13:12,29.1200,1,3262.0000,1,B,29.1200,29.1100,29.1000,29.0900,29.0800,29.2100,29.2700,29.2800,29.3000,29.3300,8,19,13,11,27,1,151,277,410,32
SZ,002370,2017-01-03 10:13:27,29.1400,1,2914.0000,1,B,29.1400,29.1300,29.1200,29.1100,29.1000,29.2100,29.2700,29.2800,29.3000,29.3300,1,5,8,14,13,1,151,277,410,32
SZ,002370,2017-01-03 10:13:39,29.1400,1,2914.0000,1,S,29.1300,29.1200,29.1100,29.1000,29.0900,29.2100,29.2700,29.2800,29.2900,29.3000,5,8,14,13,11,1,151,277,10,410
SZ,002370,2017-01-03 10:13:45,29.1300,1,8739.0000,3,S,29.1300,29.1200,29.1100,29.1000,29.0900,29.1400,29.2100,29.2700,29.2800,29.2900,2,8,14,13,11,1,1,151,277,10
SZ,002370,2017-01-03 10:13:54,29.1100,7,64233.0000,22,S,29.1100,29.1000,29.0900,29.0800,29.0700,29.1300,29.1400,29.2100,29.2600,29.2700,4,13,11,27,9,19,1,1,11,151
SZ,002370,2017-01-03 10:14:00,29.1100,1,14031.0000,5,S,29.1000,29.0900,29.0800,29.0700,29.0600,29.1100,29.1300,29.1400,29.2100,29.2600,13,11,27,9,34,45,19,1,1,11
SZ,002370,2017-01-03 10:14:06,29.1000,1,2910.0000,1,S,29.1000,29.0900,29.0800,29.0700,29.0600,29.1100,29.1300,29.1400,29.2100,29.2500,12,11,27,9,34,45,19,1,1,5
SZ,002370,2017-01-03 10:14:09,29.1100,1,29110.0000,10,B,29.1000,29.0900,29.0800,29.0700,29.0600,29.1100,29.1300,29.1400,29.2100,29.2500,12,11,27,9,34,35,19,1,1,5
SZ,002370,2017-01-03 10:14:12,29.1000,1,2910.0000,1,S,29.1000,29.0900,29.0800,29.0700,29.0600,29.1100,29.1300,29.1400,29.2100,29.2500,11,1,27,9,34,35,19,1,1,5
SZ,002370,2017-01-03 10:14:18,29.1000,1,2910.0000,1,S,29.1000,29.0900,29.0800,29.0700,29.0600,29.1100,29.1300,29.1400,29.2100,29.2500,10,1,27,9,34,35,19,1,1,5
SZ,002370,2017-01-03 10:14:24,29.0800,5,116345.0000,40,S,29.0700,29.0600,29.0500,29.0400,29.0300,29.0800,29.1100,29.1300,29.1400,29.2100,9,34,10,5,22,10,35,19,1,1
SZ,002370,2017-01-03 10:14:36,29.0800,1,29080.0000,10,B,29.0800,29.0700,29.0600,29.0500,29.0400,29.1100,29.1300,29.1400,29.2100,29.2500,10,10,34,10,5,35,19,1,1,5
SZ,002370,2017-01-03 10:14:39,29.0800,1,2908.0000,1,S,29.0800,29.0700,29.0600,29.0500,29.0400,29.1100,29.1300,29.1400,29.2100,29.2500,9,10,34,10,5,35,19,1,1,5
SZ,002370,2017-01-03 10:14:48,29.0800,1,5816.0000,2,S,29.0800,29.0700,29.0600,29.0500,29.0400,29.1100,29.1300,29.1400,29.2100,29.2500,7,10,34,10,5,35,19,1,1,5
SZ,002370,2017-01-03 10:14:54,29.0800,2,23732.0000,8,S,29.0800,29.0700,29.0600,29.0500,29.0400,29.1100,29.1300,29.1400,29.2100,29.2500,0,10,34,10,5,48,19,1,1,5
SZ,002370,2017-01-03 10:14:57,29.0600,7,40405.0000,14,S,29.0600,29.0500,29.0400,29.0300,29.0200,29.1100,29.1300,29.1400,29.2100,29.2500,31,10,5,22,147,48,19,1,1,5
SZ,002370,2017-01-03 10:15:06,29.0800,1,2908.0000,1,S,29.0600,29.0500,29.0400,29.0300,29.0200,29.1100,29.1300,29.1400,29.2100,29.2500,31,10,5,22,147,48,19,1,1,5
SZ,002370,2017-01-03 10:15:18,29.1100,1,8733.0000,3,B,29.0600,29.0500,29.0400,29.0300,29.0200,29.1100,29.1300,29.1400,29.2100,29.2500,31,10,5,22,147,45,19,1,1,5
SZ,002370,2017-01-03 10:15:21,29.0000,18,1450686.0000,500,S,29.0700,29.0400,29.0300,29.0000,28.9800,29.1100,29.1300,29.1400,29.2100,29.2500,2,5,10,593,1,45,19,1,1,5
SZ,002370,2017-01-03 10:15:27,29.0700,1,2907.0000,1,S,29.0700,29.0400,29.0300,29.0000,28.9800,29.1100,29.1300,29.1400,29.2000,29.2100,1,5,10,593,1,45,19,1,156,1
SZ,002370,2017-01-03 10:15:33,29.0500,3,8719.0000,3,S,29.0400,29.0300,29.0000,28.9800,28.9700,29.0500,29.1100,29.1300,29.1400,29.2000,5,20,593,1,1,97,45,19,1,156
SZ,002370,2017-01-03 10:15:36,29.0300,4,47382.0000,16,S,29.0300,29.0000,28.9800,28.9700,28.9600,29.0400,29.0500,29.1100,29.1300,29.1400,8,593,1,1,61,21,97,45,19,1
SZ,002370,2017-01-03 10:15:39,29.0000,17,1747189.0000,603,S,28.9800,28.9700,28.9600,28.9500,28.9300,29.0000,29.0400,29.0500,29.1100,29.1300,1,1,61,32,15,3,21,97,45,19
SZ,002370,2017-01-03 10:15:48,28.9800,1,2898.0000,1,S,28.9700,28.9600,28.9500,28.9300,28.9200,28.9800,29.0400,29.1100,29.1300,29.2000,1,61,32,15,9,1,21,13,19,156
SZ,002370,2017-01-03 10:15:57,28.9800,2,8694.0000,3,B,28.9800,28.9700,28.9600,28.9500,28.9300,29.0400,29.1100,29.2000,29.2100,29.2500,7,3,61,32,15,21,13,156,1,5
SZ,002370,2017-01-03 10:16:06,28.9800,1,5796.0000,2,S,28.9800,28.9700,28.9600,28.9500,28.9300,29.0400,29.1100,29.2000,29.2100,29.2500,5,3,61,32,15,21,13,156,1,5
SZ,002370,2017-01-03 10:16:09,29.0400,1,14520.0000,5,B,28.9800,28.9700,28.9600,28.9500,28.9300,29.0400,29.1100,29.2000,29.2100,29.2500,15,3,66,32,15,14,13,156,1,5
SZ,002370,2017-01-03 10:16:15,29.0400,1,8712.0000,3,B,28.9800,28.9700,28.9600,28.9500,28.9300,29.0400,29.1100,29.2000,29.2100,29.2500,15,3,66,32,15,25,13,156,1,5
SZ,002370,2017-01-03 10:16:27,28.9800,3,26084.0000,9,S,28.9900,28.9800,28.9700,28.9600,28.9500,29.0000,29.0400,29.1100,29.2000,29.2100,10,14,44,70,32,133,25,13,156,1
SZ,002370,2017-01-03 10:16:36,28.9900,1,23656.0000,8,S,28.9900,28.9800,28.9700,28.9600,28.9500,29.0000,29.0400,29.1100,29.2000,29.2100,5,26,44,70,32,133,25,13,156,1
SZ,002370,2017-01-03 10:16:39,28.9800,6,40288.0000,14,S,28.9800,28.9700,28.9600,28.9500,28.9300,28.9900,29.0000,29.0400,29.1100,29.2000,27,44,70,32,15,2,133,25,13,156
SZ,002370,2017-01-03 10:16:42,29.0000,2,8698.0000,3,B,28.9800,28.9700,28.9600,28.9500,28.9300,29.0000,29.0400,29.1100,29.2000,29.2100,27,44,70,32,15,132,25,13,156,1
SZ,002370,2017-01-03 10:16:48,29.0000,1,29000.0000,10,B,28.9900,28.9800,28.9700,28.9600,28.9500,29.0000,29.0400,29.1100,29.2000,29.2100,2,34,44,70,32,122,25,13,156,1
SZ,002370,2017-01-03 10:16:57,29.0000,2,11598.0000,4,B,28.9900,28.9800,28.9700,28.9600,28.9500,29.0000,29.0400,29.1100,29.2000,29.2100,12,34,44,70,32,120,25,13,156,1
SZ,002370,2017-01-03 10:17:03,29.0000,1,52200.0000,18,B,28.9900,28.9800,28.9700,28.9600,28.9500,29.0000,29.0400,29.1100,29.2000,29.2100,12,34,44,70,32,102,25,13,156,1
SZ,002370,2017-01-03 10:17:06,28.9900,2,8697.0000,3,S,28.9900,28.9800,28.9700,28.9600,28.9500,29.0000,29.0400,29.1100,29.2000,29.2100,9,34,44,66,32,102,25,13,156,1
SZ,002370,2017-01-03 10:17:09,28.9900,1,8697.0000,3,S,28.9900,28.9800,28.9700,28.9600,28.9500,29.0000,29.0400,29.1100,29.2000,29.2100,6,34,44,66,32,102,25,13,156,1
SZ,002370,2017-01-03 10:17:21,28.9900,2,23192.0000,8,S,28.9800,28.9700,28.9600,28.9500,28.9300,28.9900,29.0000,29.0400,29.1100,29.2000,39,48,66,32,15,11,102,25,13,156
SZ,002370,2017-01-03 10:17:27,28.9800,3,17393.0000,6,S,28.9800,28.9700,28.9600,28.9500,28.9300,28.9900,29.0000,29.0400,29.1100,29.2000,38,48,66,32,15,8,102,25,13,156
SZ,002370,2017-01-03 10:17:30,28.9900,1,2899.0000,1,B,28.9800,28.9700,28.9600,28.9500,28.9300,28.9900,29.0000,29.0400,29.1100,29.2000,38,48,66,32,15,7,102,25,13,156
SZ,002370,2017-01-03 10:17:33,28.9800,2,17393.0000,6,S,28.9800,28.9700,28.9600,28.9500,28.9300,28.9900,29.0000,29.0400,29.1100,29.2000,37,48,66,29,15,2,102,25,13,156
SZ,002370,2017-01-03 10:17:39,28.9800,5,50193.0000,17,S,28.9800,28.9700,28.9600,28.9500,28.9300,28.9900,29.0000,29.0400,29.1100,29.2000,25,48,66,29,15,2,102,14,13,156
SZ,002370,2017-01-03 10:17:42,28.9800,2,22431.0000,8,S,28.9800,28.9700,28.9600,28.9500,28.9300,29.0000,29.0400,29.1100,29.2000,29.2100,37,48,66,29,15,102,14,13,156,1
SZ,002370,2017-01-03 10:17:48,28.9800,3,8694.0000,3,S,28.9800,28.9700,28.9600,28.9500,28.9300,29.0000,29.0400,29.1100,29.2000,29.2100,34,48,66,29,15,102,14,13,156,1
SZ,002370,2017-01-03 10:18:09,28.9900,1,2899.0000,1,S,28.9900,28.9800,28.9700,28.9600,28.9500,29.0000,29.0400,29.1100,29.2000,29.2100,4,34,49,66,29,102,14,13,156,1
SZ,002370,2017-01-03 10:18:15,28.9900,2,11596.0000,4,S,28.9800,28.9700,28.9600,28.9500,28.9300,28.9900,29.0000,29.0400,29.1100,29.2000,34,49,66,29,15,9,102,14,13,156
SZ,002370,2017-01-03 10:18:30,28.9900,1,2899.0000,1,B,28.9800,28.9700,28.9600,28.9500,28.9300,28.9900,29.0000,29.0400,29.1100,29.2000,46,49,66,29,15,10,102,14,13,156
SZ,002370,2017-01-03 10:18:36,28.9900,1,11596.0000,4,B,28.9800,28.9700,28.9600,28.9500,28.9300,28.9900,29.0000,29.0400,29.1100,29.2000,54,49,66,29,15,6,102,14,13,156
SZ,002370,2017-01-03 10:18:39,28.9800,2,23647.0000,8,S,28.9800,28.9700,28.9600,28.9500,28.9300,28.9900,29.0000,29.0400,29.1100,29.2000,46,49,66,29,15,6,102,14,13,156
SZ,002370,2017-01-03 10:18:42,28.9800,4,40282.0000,14,S,28.9800,28.9700,28.9600,28.9500,28.9300,28.9900,29.0000,29.0400,29.1100,29.2000,32,49,66,29,15,6,102,14,13,156
SZ,002370,2017-01-03 10:18:45,29.0000,3,34794.0000,12,B,28.9800,28.9700,28.9600,28.9500,28.9300,29.0000,29.0400,29.1100,29.2000,29.2100,32,49,66,29,15,96,14,13,156,1
SZ,002370,2017-01-03 10:18:48,28.9800,4,60865.0000,21,S,28.9800,28.9700,28.9600,28.9500,28.9300,29.0000,29.0400,29.1100,29.2000,29.2100,18,49,66,29,15,96,14,13,156,1
SZ,002370,2017-01-03 10:18:57,28.9900,1,5798.0000,2,B,28.9900,28.9800,28.9700,28.9600,28.9500,29.0000,29.0400,29.1100,29.2000,29.2100,19,23,49,66,29,96,14,13,156,1
SZ,002370,2017-01-03 10:19:06,28.9900,1,37687.0000,13,S,28.9900,28.9800,28.9700,28.9600,28.9500,29.0000,29.0400,29.1100,29.2000,29.2100,6,23,49,66,29,96,14,13,156,1
SZ,002370,2017-01-03 10:19:15,29.0000,2,52200.0000,18,B,28.9900,28.9800,28.9700,28.9600,28.9500,29.0000,29.0400,29.1100,29.2000,29.2100,28,28,49,66,24,78,14,13,156,1
SZ,002370,2017-01-03 10:19:18,28.9900,1,8697.0000,3,S,28.9900,28.9800,28.9700,28.9600,28.9500,29.0000,29.0400,29.1100,29.2000,29.2100,26,28,49,66,24,78,14,13,156,1
SZ,002370,2017-01-03 10:19:21,29.0000,1,29000.0000,10,B,28.9900,28.9800,28.9700,28.9600,28.9500,29.0000,29.0400,29.1100,29.2000,29.2100,26,28,49,66,24,68,14,13,156,1
SZ,002370,2017-01-03 10:19:33,29.0000,1,2900.0000,1,B,28.9900,28.9800,28.9700,28.9600,28.9500,29.0000,29.0400,29.1100,29.2000,29.2100,33,28,49,66,24,67,14,13,156,1
SZ,002370,2017-01-03 10:19:36,29.0000,1,5800.0000,2,B,28.9900,28.9800,28.9700,28.9600,28.9500,29.0000,29.0400,29.1100,29.2000,29.2100,33,28,49,66,24,65,14,13,156,1
SZ,002370,2017-01-03 10:19:39,28.9900,5,84076.0000,29,S,28.9900,28.9800,28.9700,28.9600,28.9500,29.0000,29.0400,29.1100,29.2000,29.2100,9,28,49,66,24,60,14,13,156,1
SZ,002370,2017-01-03 10:19:42,28.9800,10,81339.0000,28,S,28.9800,28.9700,28.9600,28.9500,28.9300,29.0000,29.0400,29.1100,29.2000,29.2100,15,49,66,24,15,54,14,13,156,1
SZ,002370,2017-01-03 10:19:48,28.9800,3,28980.0000,10,S,28.9800,28.9700,28.9600,28.9500,28.9300,29.0000,29.0400,29.1100,29.2000,29.2100,5,49,66,24,15,54,14,13,156,1
SZ,002370,2017-01-03 10:19:54,28.9800,2,16692.0000,6,S,28.9700,28.9600,28.9500,28.9300,28.9200,28.9800,29.0000,29.0400,29.1100,29.2000,49,66,24,15,9,6,54,14,13,156
SZ,002370,2017-01-03 10:19:57,28.9800,1,5796.0000,2,B,28.9700,28.9600,28.9500,28.9300,28.9200,28.9800,29.0000,29.0400,29.1100,29.2000,49,66,24,15,9,6,54,14,13,156
SZ,002370,2017-01-03 10:20:06,28.9700,2,8691.0000,3,S,28.9700,28.9600,28.9500,28.9300,28.9200,28.9800,29.0000,29.0400,29.1100,29.2000,46,66,24,15,9,6,54,14,13,156
SZ,002370,2017-01-03 10:20:18,28.9700,1,5794.0000,2,S,28.9700,28.9600,28.9500,28.9300,28.9200,28.9800,29.0000,29.0400,29.1100,29.2000,44,66,24,15,9,6,54,14,13,156
SZ,002370,2017-01-03 10:20:24,28.9800,1,2898.0000,1,B,28.9700,28.9600,28.9500,28.9300,28.9200,28.9800,29.0000,29.0400,29.1100,29.2000,44,66,24,15,9,5,54,14,13,156
SZ,002370,2017-01-03 10:20:27,28.9700,1,2898.0000,1,S,28.9700,28.9600,28.9500,28.9300,28.9200,28.9800,29.0000,29.0400,29.1100,29.2000,45,66,24,15,9,5,54,14,13,156
SZ,002370,2017-01-03 10:20:30,28.9800,1,2896.0000,1,B,28.9700,28.9600,28.9500,28.9300,28.9200,28.9800,29.0000,29.0400,29.1100,29.2000,45,66,24,15,9,2,54,14,13,156
SZ,002370,2017-01-03 10:20:39,28.9700,1,55044.0000,19,S,28.9700,28.9600,28.9500,28.9300,28.9200,28.9800,29.0000,29.0400,29.1100,29.2000,26,66,24,15,9,2,54,14,13,156
SZ,002370,2017-01-03 10:20:42,28.9700,2,47280.0000,16,S,28.9700,28.9600,28.9500,28.9300,28.9200,28.9800,29.0000,29.0400,29.1100,29.2000,9,66,24,15,9,2,54,14,13,156
SZ,002370,2017-01-03 10:20:45,28.9700,2,16628.0000,6,S,28.9700,28.9600,28.9500,28.9300,28.9200,28.9800,29.0000,29.0400,29.1100,29.2000,3,66,24,15,16,2,54,14,13,156
SZ,002370,2017-01-03 10:20:48,28.9700,4,8692.0000,3,S,28.9700,28.9600,28.9500,28.9300,28.9200,28.9800,29.0000,29.0400,29.1100,29.2000,1,66,29,15,16,1,54,14,13,156
SZ,002370,2017-01-03 10:20:57,28.9700,2,5620.0000,2,S,28.9600,28.9500,28.9300,28.9200,28.9100,28.9700,28.9800,29.0000,29.0400,29.1100,66,31,15,16,14,1,1,154,14,13
SZ,002370,2017-01-03 10:21:18,28.9600,1,8688.0000,3,S,28.9600,28.9500,28.9300,28.9200,28.9100,28.9700,28.9800,29.0400,29.1100,29.1900,65,41,15,16,16,1,1,14,13,10
SZ,002370,2017-01-03 10:21:21,28.9700,1,2896.0000,1,B,28.9600,28.9500,28.9300,28.9200,28.9100,28.9700,28.9800,29.0400,29.1100,29.1900,65,41,15,16,16,0,1,14,13,10
SZ,002370,2017-01-03 10:21:42,28.9700,7,54156.0000,19,S,28.9700,28.9600,28.9500,28.9300,28.9200,29.0400,29.1100,29.1900,29.2000,29.2100,1,70,41,15,16,14,13,10,156,1
SZ,002370,2017-01-03 10:21:45,28.9600,2,17350.0000,6,S,28.9600,28.9500,28.9300,28.9200,28.9100,28.9700,29.0400,29.1100,29.1900,29.2000,68,41,15,16,16,1,14,13,10,156
SZ,002370,2017-01-03 10:21:48,28.9800,2,5794.0000,2,B,28.9800,28.9600,28.9500,28.9300,28.9200,29.0400,29.1100,29.1900,29.2000,29.2100,34,68,41,15,16,14,13,10,156,1
SZ,002370,2017-01-03 10:21:51,28.9800,3,98532.0000,34,S,28.9600,28.9500,28.9300,28.9200,28.9100,28.9800,29.0400,29.1100,29.1900,29.2000,68,41,15,16,16,3,14,13,10,156
SZ,002370,2017-01-03 10:22:00,28.9700,1,8692.0000,3,S,28.9700,28.9600,28.9500,28.9300,28.9200,28.9800,29.0400,29.1100,29.1900,29.2000,56,68,41,15,16,3,14,13,10,156
SZ,002370,2017-01-03 10:22:09,28.9700,3,46356.0000,16,S,28.9700,28.9600,28.9500,28.9300,28.9200,28.9800,29.0400,29.1100,29.1900,29.2000,52,68,41,15,16,0,14,13,10,156
SZ,002370,2017-01-03 10:22:12,29.2000,6,218636.0000,75,B,28.9700,28.9600,28.9500,28.9300,28.9200,29.2000,29.2100,29.2500,29.2600,29.2700,52,68,41,15,16,118,1,5,10,151
SZ,002370,2017-01-03 10:22:18,28.9700,1,8692.0000,3,S,28.9800,28.9700,28.9600,28.9500,28.9300,29.2000,29.2100,29.2500,29.2600,29.2700,20,49,68,41,15,118,1,5,10,151
SZ,002370,2017-01-03 10:22:24,28.9800,1,55062.0000,19,S,28.9800,28.9700,28.9600,28.9500,28.9300,29.2000,29.2100,29.2500,29.2600,29.2700,80,48,66,41,15,118,1,5,10,151
SZ,002370,2017-01-03 10:22:30,29.2000,1,2920.0000,1,B,29.0000,28.9800,28.9700,28.9600,28.9500,29.1900,29.2000,29.2100,29.2500,29.2600,3,80,48,80,41,20,117,1,5,10
SZ,002370,2017-01-03 10:22:45,28.9900,5,31904.0000,11,S,28.9800,28.9700,28.9600,28.9500,28.9300,28.9900,29.1800,29.1900,29.2000,29.2100,80,37,80,41,15,12,19,20,117,1
SZ,002370,2017-01-03 10:23:06,28.9900,2,34904.0000,12,B,28.9900,28.9800,28.9700,28.9600,28.9500,29.0000,29.0200,29.1800,29.1900,29.2000,17,84,37,80,41,54,2,19,20,117
SZ,002370,2017-01-03 10:23:09,28.9900,1,2898.0000,1,S,28.9900,28.9800,28.9700,28.9600,28.9500,29.0000,29.0200,29.1800,29.1900,29.2000,16,84,37,80,41,54,2,19,20,129
SZ,002370,2017-01-03 10:23:24,28.9900,1,14496.0000,5,S,28.9900,28.9800,28.9700,28.9600,28.9500,29.0000,29.1800,29.1900,29.2000,29.2100,12,5,37,77,41,54,19,20,129,1
SZ,002370,2017-01-03 10:23:30,29.0000,1,110200.0000,38,B,28.9900,28.9800,28.9700,28.9600,28.9500,29.0000,29.1800,29.1900,29.2000,29.2100,13,5,37,77,41,16,19,20,129,1
SZ,002370,2017-01-03 10:23:33,29.1900,4,113518.0000,39,B,28.9900,28.9800,28.9700,28.9600,28.9500,29.1900,29.2000,29.2100,29.2500,29.2600,13,5,37,77,41,16,134,1,5,10
SZ,002370,2017-01-03 10:23:39,28.9900,1,5798.0000,2,S,28.9900,28.9800,28.9700,28.9600,28.9500,29.1900,29.2000,29.2100,29.2500,29.2600,11,5,37,77,41,16,134,1,5,10
SZ,002370,2017-01-03 10:23:45,28.9800,8,49428.0000,17,S,28.9700,28.9600,28.9500,28.9300,28.9200,29.1900,29.2000,29.2100,29.2500,29.2600,37,63,41,15,16,16,134,1,5,10
SZ,002370,2017-01-03 10:23:51,28.9800,1,14492.0000,5,B,28.9700,28.9600,28.9500,28.9300,28.9200,28.9800,29.1800,29.1900,29.2000,29.2100,37,63,41,15,16,0,5,16,134,1
SZ,002370,2017-01-03 10:23:54,28.9800,2,57912.0000,20,B,29.0000,28.9700,28.9600,28.9500,28.9300,29.1800,29.1900,29.2000,29.2100,29.2500,5,18,63,41,15,5,16,134,1,5
SZ,002370,2017-01-03 10:24:09,29.0200,1,5804.0000,2,S,29.0200,29.0000,28.9800,28.9700,28.9600,29.1800,29.1900,29.2000,29.2100,29.2500,1,5,23,23,63,5,16,134,1,5
SZ,002370,2017-01-03 10:24:12,29.0000,2,17430.0000,6,S,28.9900,28.9800,28.9700,28.9600,28.9500,29.0000,29.0200,29.1800,29.1900,29.2000,1,23,23,63,41,32,1,5,16,134
SZ,002370,2017-01-03 10:24:18,28.9900,1,2898.0000,1,S,28.9800,28.9700,28.9600,28.9500,28.9300,29.0000,29.0200,29.1800,29.1900,29.2000,23,23,61,41,15,32,1,17,16,129
SZ,002370,2017-01-03 10:24:27,28.9800,2,40592.0000,14,S,28.9800,28.9700,28.9600,28.9500,28.9300,29.0000,29.0200,29.1800,29.1900,29.2000,29,23,61,41,15,22,31,17,16,12
SZ,002370,2017-01-03 10:24:30,28.9900,1,5800.0000,2,B,28.9900,28.9800,28.9700,28.9600,28.9500,29.0000,29.0200,29.1800,29.1900,29.2000,1,29,23,61,41,22,31,17,16,12
SZ,002370,2017-01-03 10:24:33,28.9800,2,8694.0000,3,S,28.9800,28.9700,28.9600,28.9500,28.9300,29.0000,29.0200,29.1800,29.1900,29.2000,27,23,61,41,15,26,31,17,16,12
SZ,002370,2017-01-03 10:24:48,28.9800,6,66770.0000,23,S,28.9800,28.9700,28.9600,28.9500,28.9300,29.0000,29.0200,29.1800,29.1900,29.2000,11,23,61,41,15,26,31,17,16,312
SZ,002370,2017-01-03 10:24:51,29.0200,4,92810.0000,32,B,28.9800,28.9700,28.9600,28.9500,28.9300,29.0200,29.1800,29.1900,29.2000,29.2100,11,23,61,41,15,25,17,16,312,1
SZ,002370,2017-01-03 10:24:54,29.1800,3,113386.0000,39,B,28.9800,28.9700,28.9600,28.9500,28.9300,29.1800,29.1900,29.2000,29.2100,29.2500,11,23,61,41,15,4,16,312,1,5
SZ,002370,2017-01-03 10:25:00,28.9800,1,5796.0000,2,S,28.9800,28.9700,28.9600,28.9500,28.9300,29.1800,29.1900,29.2000,29.2100,29.2500,19,23,61,41,15,4,16,312,1,5
SZ,002370,2017-01-03 10:25:06,29.0000,1,5800.0000,2,S,28.9800,28.9700,28.9600,28.9500,28.9300,29.1800,29.1900,29.2000,29.2100,29.2500,21,26,62,41,15,4,16,312,1,5
SZ,002370,2017-01-03 10:25:18,29.0000,1,2900.0000,1,S,29.0000,28.9900,28.9800,28.9700,28.9600,29.1800,29.1900,29.2000,29.2100,29.2500,2,5,21,26,62,14,16,312,1,5
SZ,002370,2017-01-03 10:25:27,29.0000,4,26190.0000,9,S,28.9900,28.9800,28.9700,28.9600,28.9500,29.0000,29.1800,29.1900,29.2000,29.2100,5,21,26,62,41,16,9,16,312,1
SZ,002370,2017-01-03 10:25:33,28.9900,1,14494.0000,5,B,28.9800,28.9700,28.9600,28.9500,28.9300,28.9900,29.0000,29.1800,29.1900,29.2000,21,27,62,41,19,2,16,9,16,312
SZ,002370,2017-01-03 10:25:39,28.9800,2,8696.0000,3,S,28.9800,28.9700,28.9600,28.9500,28.9300,28.9900,29.0000,29.1600,29.1800,29.1900,20,37,62,41,19,2,16,5,9,16
SZ,002370,2017-01-03 10:25:48,28.9800,2,24720.0000,8,S,28.9800,28.9700,28.9600,28.9500,28.9300,28.9900,29.0000,29.1600,29.1800,29.1900,22,37,62,41,19,2,16,5,25,16
SZ,002370,2017-01-03 10:25:51,28.9800,6,47848.0000,17,S,28.9800,28.9700,28.9600,28.9500,28.9300,29.0000,29.1600,29.1800,29.1900,29.2000,7,37,62,41,19,16,5,25,16,312
SZ,002370,2017-01-03 10:26:09,28.9900,5,93056.0000,32,S,28.9800,28.9700,28.9600,28.9500,28.9300,29.1800,29.1900,29.2000,29.2100,29.2500,12,37,62,41,19,15,16,312,1,10
SZ,002370,2017-01-03 10:26:12,29.1900,3,75880.0000,26,B,28.9800,28.9700,28.9600,28.9500,28.9300,29.1900,29.2000,29.2100,29.2500,29.2800,12,37,62,41,19,5,312,1,10,277
SZ,002370,2017-01-03 10:26:21,28.9800,1,5796.0000,2,S,28.9900,28.9800,28.9700,28.9600,28.9500,29.1900,29.2000,29.2100,29.2500,29.2800,5,10,37,62,41,5,312,1,10,277
SZ,002370,2017-01-03 10:26:30,29.0000,1,8700.0000,3,S,29.0000,28.9900,28.9800,28.9700,28.9600,29.1900,29.2000,29.2100,29.2500,29.2800,3,5,10,37,62,24,317,1,10,277
SZ,002370,2017-01-03 10:26:39,28.9900,3,11598.0000,4,S,28.9900,28.9800,28.9700,28.9600,28.9500,29.1900,29.2000,29.2100,29.2500,29.2800,4,12,37,62,41,29,317,1,10,277
SZ,002370,2017-01-03 10:26:48,28.9900,3,24734.0000,8,S,28.9900,28.9800,28.9700,28.9600,28.9500,29.1800,29.1900,29.2000,29.2100,29.2500,7,12,37,62,41,10,29,317,1,10
SZ,002370,2017-01-03 10:26:51,28.9800,4,42056.0000,15,S,28.9800,28.9700,28.9600,28.9500,28.9300,29.0100,29.1800,29.1900,29.2000,29.2100,5,37,62,41,19,1,10,29,317,1
SZ,002370,2017-01-03 10:27:00,28.9800,1,5796.0000,2,S,28.9800,28.9700,28.9600,28.9500,28.9300,29.0100,29.1800,29.1900,29.2000,29.2100,3,37,62,41,19,1,10,20,317,1
SZ,002370,2017-01-03 10:27:03,28.9800,1,2898.0000,1,S,28.9800,28.9700,28.9600,28.9500,28.9300,29.0100,29.1800,29.1900,29.2000,29.2100,2,37,62,41,19,1,10,20,317,1
SZ,002370,2017-01-03 10:27:09,29.0100,1,2902.0000,1,B,29.0800,28.9900,28.9800,28.9700,28.9600,29.1800,29.1900,29.2000,29.2100,29.2500,6,6,6,27,62,10,20,317,1,10
SZ,002370,2017-01-03 10:27:12,29.0800,1,17448.0000,6,S,28.9900,28.9800,28.9700,28.9600,28.9500,29.0800,29.1800,29.1900,29.2000,29.2100,11,6,27,62,41,12,10,20,317,1
SZ,002370,2017-01-03 10:27:15,28.9900,3,37688.0000,13,S,29.0000,28.9800,28.9700,28.9600,28.9500,29.0800,29.1800,29.1900,29.2000,29.2100,5,6,27,62,41,12,10,20,317,6
SZ,002370,2017-01-03 10:27:18,29.0000,1,5800.0000,2,S,29.0000,28.9800,28.9700,28.9600,28.9500,29.0800,29.1800,29.1900,29.2000,29.2100,3,6,27,62,41,12,10,20,317,6
SZ,002370,2017-01-03 10:27:30,29.0800,1,5816.0000,2,B,29.0100,29.0000,28.9800,28.9700,28.9600,29.0800,29.1800,29.1900,29.2000,29.2100,4,3,6,27,62,10,30,20,317,6
SZ,002370,2017-01-03 10:27:39,29.0800,3,20342.0000,7,B,29.0100,29.0000,28.9800,28.9700,28.9600,29.0800,29.1800,29.1900,29.2000,29.2100,2,18,101,27,62,5,30,20,317,6
SZ,002370,2017-01-03 10:27:42,29.0000,3,14502.0000,5,S,29.0000,28.9800,28.9700,28.9600,28.9500,29.0800,29.1800,29.1900,29.2000,29.2100,15,101,27,62,41,5,20,20,317,6
SZ,002370,2017-01-03 10:27:51,29.0000,4,49452.0000,17,S,29.0000,28.9800,28.9700,28.9600,28.9500,29.0800,29.1800,29.1900,29.2000,29.2100,1,101,27,62,41,5,20,20,317,6
SZ,002370,2017-01-03 10:27:54,29.0000,1,5654.0000,2,S,28.9800,28.9700,28.9600,28.9500,28.9300,29.0000,29.0800,29.1800,29.1900,29.2000,101,27,62,41,69,4,5,20,20,317
SZ,002370,2017-01-03 10:28:09,29.1900,6,99094.0000,34,B,28.9800,28.9700,28.9600,28.9500,28.9300,29.1900,29.2000,29.2100,29.2500,29.2800,101,27,62,41,69,16,317,6,10,277
SZ,002370,2017-01-03 10:28:12,29.1900,2,17514.0000,6,B,28.9900,28.9800,28.9700,28.9600,28.9500,29.1900,29.2000,29.2100,29.2500,29.2800,3,101,27,62,41,10,317,6,10,277
SZ,002370,2017-01-03 10:28:18,28.9900,2,23192.0000,8,S,28.9800,28.9700,28.9600,28.9500,28.9300,28.9900,29.1900,29.2000,29.2100,29.2500,101,27,62,41,69,192,10,317,6,10
SZ,002370,2017-01-03 10:28:21,28.9900,1,37686.0000,13,B,28.9800,28.9700,28.9600,28.9500,28.9300,28.9900,29.1800,29.1900,29.2000,29.2100,103,27,62,41,69,179,9,10,317,6
SZ,002370,2017-01-03 10:28:24,28.9900,1,26092.0000,9,B,28.9800,28.9700,28.9600,28.9500,28.9300,28.9900,29.1800,29.1900,29.2000,29.2100,103,27,62,41,69,170,9,10,317,6
SZ,002370,2017-01-03 10:28:27,28.9900,1,28990.0000,10,B,28.9800,28.9700,28.9600,28.9500,28.9300,28.9900,29.1800,29.1900,29.2000,29.2100,103,27,62,41,69,160,9,10,317,6
SZ,002370,2017-01-03 10:28:30,28.9900,1,2898.0000,1,B,28.9800,28.9700,28.9600,28.9500,28.9300,28.9900,29.1800,29.1900,29.2000,29.2100,103,27,62,41,69,159,9,10,317,6
SZ,002370,2017-01-03 10:28:33,28.9800,2,2900.0000,1,S,28.9800,28.9700,28.9600,28.9500,28.9300,28.9900,29.1800,29.1900,29.2000,29.2100,102,27,62,41,69,159,9,10,317,6
SZ,002370,2017-01-03 10:28:39,28.9900,1,5796.0000,2,B,28.9800,28.9700,28.9600,28.9500,28.9300,28.9900,29.1800,29.1900,29.2000,29.2100,23,27,62,41,69,157,9,10,321,6
SZ,002370,2017-01-03 10:28:48,28.9800,2,11592.0000,4,S,28.9800,28.9700,28.9600,28.9500,28.9300,28.9900,29.1800,29.1900,29.2000,29.2100,20,27,62,41,69,157,9,10,321,6
SZ,002370,2017-01-03 10:28:51,28.9800,3,27620.0000,9,S,28.9800,28.9700,28.9600,28.9500,28.9300,28.9900,29.1800,29.1900,29.2000,29.2100,11,27,62,41,69,157,9,10,321,6
SZ,002370,2017-01-03 10:28:54,28.9700,5,42046.0000,15,S,28.9700,28.9600,28.9500,28.9300,28.9200,28.9900,29.1800,29.1900,29.2000,29.2100,23,62,41,69,16,157,9,10,321,6
SZ,002370,2017-01-03 10:28:57,28.9800,1,5796.0000,2,B,28.9700,28.9600,28.9500,28.9300,28.9200,28.9800,28.9900,29.1800,29.1900,29.2000,23,62,41,69,16,17,157,9,10,321
SZ,002370,2017-01-03 10:29:09,28.9800,1,5796.0000,2,B,28.9700,28.9600,28.9500,28.9300,28.9200,28.9800,28.9900,29.1800,29.1900,29.2000,23,62,41,69,16,15,157,9,10,321
SZ,002370,2017-01-03 10:29:18,28.9900,2,191318.0000,66,B,28.9700,28.9600,28.9500,28.9300,28.9200,28.9900,29.1800,29.1900,29.2000,29.2100,23,62,41,69,20,106,9,10,321,6
SZ,002370,2017-01-03 10:29:33,28.9900,1,92768.0000,32,B,28.9800,28.9700,28.9600,28.9500,28.9300,28.9900,29.1800,29.1900,29.2000,29.2100,14,33,62,41,69,74,9,20,321,6
SZ,002370,2017-01-03 10:29:36,28.9900,1,214528.0000,74,B,28.9900,28.9800,28.9700,28.9600,28.9500,29.1800,29.1900,29.2000,29.2100,29.2500,5,14,33,62,41,9,20,321,6,10
SZ,002370,2017-01-03 10:29:54,28.9800,7,63904.0000,22,S,28.9800,28.9700,28.9600,28.9500,28.9300,29.1800,29.1900,29.2000,29.2100,29.2500,6,33,62,41,69,9,26,323,6,10
SZ,002370,2017-01-03 10:29:57,28.9800,1,17360.0000,6,S,29.0000,28.9800,28.9700,28.9600,28.9500,29.1800,29.1900,29.2000,29.2100,29.2500,44,0,33,62,41,9,26,323,6,10
SZ,002370,2017-01-03 10:30:06,29.0000,2,133404.0000,46,S,28.9900,28.9800,28.9700,28.9600,28.9500,29.0000,29.1700,29.1800,29.1900,29.2000,5,0,33,62,41,154,6,9,26,323
SZ,002370,2017-01-03 10:30:42,28.9900,5,40590.0000,14,S,28.9800,28.9700,28.9600,28.9500,28.9300,28.9900,29.0000,29.0200,29.1700,29.1800,20,33,62,39,69,9,150,35,6,9
SZ,002370,2017-01-03 10:30:45,29.0000,2,310290.0000,107,B,28.9800,28.9700,28.9600,28.9500,28.9300,29.0000,29.0200,29.1700,29.1800,29.1900,20,33,62,39,69,52,35,6,9,28
SZ,002370,2017-01-03 10:30:48,29.0000,1,29000.0000,10,B,28.9800,28.9700,28.9600,28.9500,28.9300,29.0000,29.0200,29.1700,29.1800,29.1900,20,33,62,39,69,42,35,6,9,28
SZ,002370,2017-01-03 10:30:54,28.9800,3,24728.0000,8,S,28.9800,28.9700,28.9600,28.9500,28.9300,29.0000,29.0200,29.1700,29.1800,29.1900,19,33,62,39,69,42,35,6,9,28
SZ,002370,2017-01-03 10:30:57,28.9700,7,56540.0000,20,S,28.9700,28.9600,28.9500,28.9300,28.9200,29.0000,29.0200,29.1700,29.1800,29.1900,33,62,39,69,88,42,35,6,9,28
SZ,002370,2017-01-03 10:31:03,28.9800,1,2898.0000,1,S,28.9700,28.9600,28.9500,28.9300,28.9200,28.9800,29.0000,29.0200,29.1700,29.1800,33,62,39,69,88,8,42,35,6,9
SZ,002370,2017-01-03 10:31:06,28.9700,1,2898.0000,1,S,28.9700,28.9600,28.9500,28.9300,28.9200,28.9800,29.0000,29.0200,29.1700,29.1800,32,62,39,69,88,8,42,35,6,9
SZ,002370,2017-01-03 10:31:27,28.9800,1,17388.0000,6,B,28.9700,28.9600,28.9500,28.9300,28.9200,28.9800,29.0000,29.0200,29.1700,29.1800,34,62,39,69,88,2,42,35,6,9
SZ,002370,2017-01-03 10:31:30,28.9800,1,5796.0000,2,B,28.9800,28.9700,28.9600,28.9500,28.9300,29.0000,29.0200,29.1700,29.1800,29.1900,8,34,62,39,69,42,35,6,9,28
SZ,002370,2017-01-03 10:31:39,28.9800,1,5796.0000,2,S,28.9800,28.9700,28.9600,28.9500,28.9300,29.0000,29.0200,29.1800,29.1900,29.2000,6,28,62,39,69,42,35,9,28,319
SZ,002370,2017-01-03 10:31:57,28.9800,3,24724.0000,8,S,28.9800,28.9700,28.9600,28.9500,28.9300,29.0000,29.0200,29.1800,29.1900,29.2000,7,26,52,39,69,42,35,9,28,319
SZ,002370,2017-01-03 10:32:00,28.9700,5,42042.0000,15,S,28.9700,28.9600,28.9500,28.9300,28.9200,29.0000,29.0200,29.1800,29.1900,29.2000,19,52,39,69,88,42,35,9,28,319
SZ,002370,2017-01-03 10:32:03,29.0000,1,113100.0000,39,B,28.9700,28.9600,28.9500,28.9300,28.9200,29.0000,29.0200,29.1800,29.1900,29.2000,21,52,39,69,88,3,35,9,28,319
SZ,002370,2017-01-03 10:32:06,29.2000,10,291264.0000,100,B,28.9700,28.9600,28.9500,28.9300,28.9200,29.2000,29.2100,29.2500,29.2800,29.2900,21,52,39,69,88,294,6,5,277,14
SZ,002370,2017-01-03 10:32:15,28.9700,5,55062.0000,19,S,28.9700,28.9600,28.9500,28.9300,28.9200,29.1900,29.2000,29.2100,29.2500,29.2800,15,47,39,69,88,6,294,6,5,277
SZ,002370,2017-01-03 10:32:24,28.9700,4,28974.0000,10,S,28.9700,28.9600,28.9500,28.9300,28.9200,29.0000,29.1900,29.2000,29.2100,29.2500,13,47,39,69,84,100,85,294,6,5
SZ,002370,2017-01-03 10:32:39,29.0000,1,14500.0000,5,B,28.9700,28.9600,28.9500,28.9300,28.9200,29.0000,29.1700,29.1900,29.2000,29.2100,21,44,43,69,84,95,50,85,326,6
SZ,002370,2017-01-03 10:32:45,29.0000,1,2900.0000,1,B,28.9800,28.9700,28.9600,28.9500,28.9300,29.0000,29.1700,29.1900,29.2000,29.2100,10,21,44,43,69,94,50,85,326,6
SZ,002370,2017-01-03 10:32:57,28.9800,2,24722.0000,8,S,28.9800,28.9700,28.9600,28.9500,28.9300,29.0000,29.1700,29.1900,29.2000,29.2100,8,21,44,43,69,94,50,6,326,6
SZ,002370,2017-01-03 10:33:00,28.9700,5,42044.0000,15,S,28.9700,28.9600,28.9500,28.9300,28.9200,29.0000,29.1700,29.1900,29.2000,29.2100,15,44,43,69,84,94,50,6,326,6
SZ,002370,2017-01-03 10:33:24,28.9200,30,874868.0000,302,S,28.9200,28.9100,28.9000,28.8900,28.8800,29.1700,29.1900,29.2000,29.2100,29.2500,76,36,104,3,14,46,8,326,6,5
SZ,002370,2017-01-03 10:33:36,28.9500,1,2896.0000,1,S,28.9500,28.9200,28.9100,28.9000,28.8900,29.1700,29.1800,29.1900,29.2000,29.2100,2,81,36,104,3,46,5,2,326,6
SZ,002370,2017-01-03 10:33:48,28.9500,2,5790.0000,2,S,28.9300,28.9200,28.9100,28.9000,28.8900,28.9500,29.1500,29.1600,29.1700,29.1800,18,78,36,104,3,17,5,6,46,5
SZ,002370,2017-01-03 10:34:00,28.9300,2,30468.0000,10,S,28.9300,28.9200,28.9100,28.9000,28.8900,28.9500,29.1500,29.1600,29.1700,29.1800,15,73,36,98,3,16,5,6,46,5
SZ,002370,2017-01-03 10:34:03,28.9300,4,41978.0000,15,S,28.9300,28.9200,28.9100,28.9000,28.8900,28.9500,29.1500,29.1600,29.1700,29.1800,2,73,36,98,3,16,5,6,46,5
SZ,002370,2017-01-03 10:34:12,28.9300,1,2894.0000,1,S,28.9300,28.9200,28.9100,28.9000,28.8900,28.9500,29.1500,29.1600,29.1700,29.1800,11,76,36,98,3,16,5,6,46,5
SZ,002370,2017-01-03 10:34:33,28.9500,1,5790.0000,2,B,28.9300,28.9200,28.9100,28.9000,28.8900,28.9500,29.1500,29.1600,29.1700,29.1800,11,76,39,113,3,14,205,6,46,5
SZ,002370,2017-01-03 10:34:42,28.9500,1,17370.0000,6,B,28.9400,28.9300,28.9200,28.9100,28.9000,28.9500,29.1500,29.1600,29.1700,29.1800,2,14,79,39,113,8,205,5,46,5
SZ,002370,2017-01-03 10:34:48,29.1500,5,300078.0000,103,B,28.9400,28.9300,28.9200,28.9100,28.9000,29.1500,29.1600,29.1700,29.1800,29.1900,2,14,79,43,113,116,5,46,5,320
SZ,002370,2017-01-03 10:34:54,28.9500,1,2896.0000,1,S,28.9400,28.9300,28.9200,28.9100,28.9000,29.1500,29.1600,29.1700,29.1800,29.1900,2,22,88,43,113,116,5,46,5,320
SZ,002370,2017-01-03 10:34:57,28.9400,1,5788.0000,2,S,28.9300,28.9200,28.9100,28.9000,28.8900,29.1500,29.1600,29.1700,29.1800,29.1900,22,88,43,113,3,116,5,46,5,320
SZ,002370,2017-01-03 10:35:03,28.9400,6,66664.0000,23,S,28.9400,28.9300,28.9200,28.9100,28.9000,29.1500,29.1600,29.1700,29.1800,29.1900,0,7,88,43,113,116,5,46,5,320
SZ,002370,2017-01-03 10:35:12,29.0000,1,29000.0000,10,B,28.9600,28.9500,28.9400,28.9300,28.9200,29.0000,29.1500,29.1600,29.1700,29.1800,2,40,3,7,88,290,316,5,46,5
SZ,002370,2017-01-03 10:35:24,29.0000,1,69600.0000,24,B,28.9600,28.9500,28.9400,28.9300,28.9200,29.0000,29.1400,29.1500,29.1600,29.1700,2,45,3,9,88,266,5,316,5,46
SZ,002370,2017-01-03 10:35:39,28.9600,2,8688.0000,3,S,28.9500,28.9400,28.9300,28.9200,28.9100,28.9600,29.0000,29.1400,29.1500,29.1600,47,0,9,88,43,16,266,5,316,5
SZ,002370,2017-01-03 10:35:48,28.9600,1,5792.0000,2,B,28.9500,28.9400,28.9300,28.9200,28.9100,28.9600,29.0000,29.1400,29.1500,29.1600,49,0,9,96,43,14,266,5,316,5
SZ,002370,2017-01-03 10:36:00,28.9600,1,14480.0000,5,B,28.9500,28.9400,28.9300,28.9200,28.9100,28.9600,29.0000,29.1400,29.1500,29.1600,49,0,9,96,43,9,266,9,316,5
SZ,002370,2017-01-03 10:36:03,28.9500,2,49360.0000,17,S,28.9500,28.9400,28.9300,28.9200,28.9100,28.9600,29.0000,29.1400,29.1500,29.1600,31,0,14,96,43,9,266,9,316,5
SZ,002370,2017-01-03 10:36:06,28.9600,2,37614.0000,13,B,28.9500,28.9400,28.9300,28.9200,28.9100,28.9600,29.0000,29.1400,29.1500,29.1600,25,0,14,96,43,2,266,9,330,5
SZ,002370,2017-01-03 10:36:15,28.9500,1,5790.0000,2,S,28.9500,28.9400,28.9300,28.9200,28.9100,28.9600,29.0000,29.1400,29.1500,29.1600,23,0,14,96,43,2,266,9,330,5
SZ,002370,2017-01-03 10:36:30,28.9600,1,2896.0000,1,B,28.9500,28.9400,28.9300,28.9200,28.9100,28.9600,29.0000,29.1400,29.1500,29.1600,26,4,24,106,43,1,266,9,330,5
SZ,002370,2017-01-03 10:36:33,28.9600,1,2896.0000,1,B,28.9600,28.9500,28.9400,28.9300,28.9200,29.0000,29.1400,29.1500,29.1600,29.1700,1,27,4,24,106,266,9,330,5,42
SZ,002370,2017-01-03 10:36:48,29.0000,1,269700.0000,93,B,28.9600,28.9500,28.9400,28.9300,28.9200,29.0000,29.1400,29.1500,29.1600,29.1700,1,27,4,24,106,173,9,330,5,42
SZ,002370,2017-01-03 10:37:06,28.9500,7,66704.0000,23,S,28.9500,28.9400,28.9300,28.9200,28.9100,29.0000,29.1400,29.1500,29.1600,29.1700,2,4,24,106,43,173,9,330,5,42
SZ,002370,2017-01-03 10:37:18,28.9800,1,11592.0000,4,S,28.9500,28.9400,28.9300,28.9200,28.9100,28.9800,29.0000,29.1400,29.1500,29.1600,2,4,24,106,43,15,173,9,330,5
SZ,002370,2017-01-03 10:37:30,28.9500,2,8692.0000,3,S,28.9500,28.9400,28.9300,28.9200,28.9100,28.9800,29.0000,29.1400,29.1500,29.1600,1,8,24,106,43,13,184,9,330,5
SZ,002370,2017-01-03 10:37:33,28.9600,1,2896.0000,1,B,28.9600,28.9500,28.9400,28.9300,28.9200,28.9800,29.0000,29.1400,29.1500,29.1600,1,1,8,24,106,13,206,9,330,5
SZ,002370,2017-01-03 10:38:03,29.0000,2,284174.0000,98,B,28.9800,28.9600,28.9500,28.9400,28.9300,29.0000,29.1400,29.1500,29.1600,29.1700,10,1,1,8,34,121,9,330,5,42
SZ,002370,2017-01-03 10:38:06,28.9800,1,24720.0000,9,S,28.9800,28.9600,28.9500,28.9400,28.9300,29.0000,29.1400,29.1500,29.1600,29.1700,1,1,1,8,34,121,9,330,5,42
SZ,002370,2017-01-03 10:38:09,28.9500,7,30094.0000,10,S,28.9400,28.9300,28.9200,28.9100,28.9000,28.9500,29.0000,29.1400,29.1500,29.1600,8,34,106,43,128,4,121,9,330,5
SZ,002370,2017-01-03 10:38:12,28.9500,1,8684.0000,3,B,28.9400,28.9300,28.9200,28.9100,28.9000,28.9500,29.0000,29.1400,29.1500,29.1600,8,34,106,43,128,1,121,9,330,5
SZ,002370,2017-01-03 10:38:18,28.9500,1,3242.0000,1,B,28.9500,28.9400,28.9300,28.9200,28.9100,29.0000,29.1400,29.1500,29.1600,29.1700,34,8,34,106,43,121,9,330,5,42
SZ,002370,2017-01-03 10:38:54,28.9700,1,2898.0000,1,S,28.9700,28.9600,28.9500,28.9400,28.9300,29.0000,29.1400,29.1500,29.1600,29.1700,1,1,34,8,34,121,9,330,5,42
SZ,002370,2017-01-03 10:39:03,28.9700,2,5792.0000,2,S,28.9600,28.9500,28.9400,28.9300,28.9200,28.9700,29.0000,29.1400,29.1500,29.1600,1,34,13,34,106,17,121,9,330,5
SZ,002370,2017-01-03 10:39:06,28.9500,2,24696.0000,9,S,28.9500,28.9400,28.9300,28.9200,28.9100,28.9700,29.0000,29.1400,29.1500,29.1600,47,13,34,106,43,17,121,9,330,5
SZ,002370,2017-01-03 10:39:09,28.9500,2,42008.0000,14,S,28.9500,28.9400,28.9300,28.9200,28.9100,28.9700,29.0000,29.1400,29.1500,29.1600,32,13,34,106,43,17,121,9,330,5
SZ,002370,2017-01-03 10:39:24,29.0000,2,281248.0000,97,B,28.9600,28.9500,28.9400,28.9300,28.9200,29.0000,29.1400,29.1500,29.1600,29.1700,2,33,13,34,106,41,9,330,5,42
SZ,002370,2017-01-03 10:39:36,28.9500,5,110032.0000,38,S,28.9700,28.9500,28.9400,28.9300,28.9200,29.0000,29.1400,29.1500,29.1600,29.1700,10,18,13,34,106,41,9,330,5,42
SZ,002370,2017-01-03 10:39:54,29.1500,8,299594.0000,103,B,28.9700,28.9500,28.9400,28.9300,28.9200,29.1500,29.1700,29.1800,29.1900,29.2000,10,22,9,34,106,297,42,5,330,321
SZ,002370,2017-01-03 10:40:09,28.9700,3,24726.0000,9,S,28.9700,28.9500,28.9400,28.9300,28.9200,28.9800,29.1500,29.1700,29.1800,29.1900,7,32,9,34,106,8,300,42,5,330
SZ,002370,2017-01-03 10:40:15,28.9700,1,8692.0000,3,S,28.9700,28.9500,28.9400,28.9300,28.9200,28.9800,29.0000,29.1500,29.1700,29.1800,4,32,9,34,106,14,1,297,42,5
SZ,002370,2017-01-03 10:40:24,28.9700,1,2896.0000,1,S,28.9700,28.9600,28.9500,28.9400,28.9300,28.9800,29.0000,29.1500,29.1700,29.1800,3,10,37,9,34,14,1,297,42,5
SZ,002370,2017-01-03 10:40:27,28.9700,1,5796.0000,2,S,28.9700,28.9600,28.9500,28.9400,28.9300,28.9800,29.0000,29.1500,29.1700,29.1800,1,10,37,9,34,14,1,297,42,5
SZ,002370,2017-01-03 10:40:30,28.9700,1,4258.0000,1,S,28.9600,28.9500,28.9400,28.9300,28.9200,28.9700,28.9800,29.0000,29.1500,29.1700,10,37,9,34,106,17,14,1,297,42
SZ,002370,2017-01-03 10:40:36,28.9700,1,5794.0000,2,B,28.9600,28.9500,28.9400,28.9300,28.9200,28.9700,28.9800,29.0000,29.1500,29.1700,12,37,9,34,106,15,14,1,297,42
SZ,002370,2017-01-03 10:40:51,28.9700,1,8692.0000,3,B,28.9600,28.9500,28.9400,28.9300,28.9200,28.9700,28.9800,29.0000,29.1400,29.1500,12,37,9,34,97,12,14,1,2,297
SZ,002370,2017-01-03 10:40:54,28.9700,1,28968.0000,10,B,28.9600,28.9500,28.9400,28.9300,28.9200,28.9700,28.9800,29.0000,29.1400,29.1500,12,37,14,34,97,2,14,1,2,297
SZ,002370,2017-01-03 10:41:00,28.9600,2,14480.0000,5,S,28.9600,28.9500,28.9400,28.9300,28.9200,28.9700,28.9800,29.0000,29.1400,29.1500,7,37,14,34,97,2,5,1,2,297
SZ,002370,2017-01-03 10:41:03,28.9700,1,7330.0000,3,B,28.9700,28.9600,28.9500,28.9400,28.9300,29.0000,29.1400,29.1500,29.1700,29.1800,2,7,37,14,34,1,2,297,42,5
SZ,002370,2017-01-03 10:41:09,28.9600,3,24706.0000,8,S,28.9600,28.9500,28.9400,28.9300,28.9200,29.0000,29.1400,29.1500,29.1700,29.1800,0,47,14,34,97,1,2,297,42,5
SZ,002370,2017-01-03 10:41:12,28.9500,4,42012.0000,15,S,28.9500,28.9400,28.9300,28.9200,28.9100,29.0000,29.1400,29.1500,29.1700,29.1800,36,14,34,97,43,1,2,297,42,5
SZ,002370,2017-01-03 10:41:15,29.1500,4,271076.0000,93,B,29.0000,28.9500,28.9400,28.9300,28.9200,29.1500,29.1700,29.1800,29.1900,29.2000,1,36,14,34,97,207,42,5,330,321
SZ,002370,2017-01-03 10:41:33,29.0000,2,5800.0000,2,S,28.9600,28.9500,28.9400,28.9300,28.9200,29.1500,29.1700,29.1800,29.1900,29.2000,5,31,14,40,97,207,42,5,330,321
SZ,002370,2017-01-03 10:41:51,29.1400,1,5828.0000,2,B,28.9800,28.9600,28.9500,28.9400,28.9300,29.1400,29.1500,29.1700,29.1800,29.1900,2,7,31,14,40,42,407,42,5,330
SZ,002370,2017-01-03 10:42:12,28.9500,9,66716.0000,23,S,28.9500,28.9400,28.9300,28.9200,28.9100,29.0000,29.1300,29.1400,29.1500,29.1700,17,14,40,98,43,4,10,42,407,42
SZ,002370,2017-01-03 10:42:18,28.9500,2,49880.0000,17,S,28.9400,28.9300,28.9200,28.9100,28.9000,28.9500,29.0000,29.1300,29.1400,29.1500,14,40,98,43,128,1,4,10,42,407
SZ,002370,2017-01-03 10:42:27,28.9500,1,2896.0000,1,B,28.9400,28.9300,28.9200,28.9100,28.9000,28.9500,29.1200,29.1300,29.1400,29.1500,16,40,98,43,133,0,9,20,42,407
SZ,002370,2017-01-03 10:42:30,28.9400,2,11576.0000,4,S,28.9400,28.9300,28.9200,28.9100,28.9000,28.9500,29.1200,29.1300,29.1400,29.1500,13,40,98,43,133,0,9,20,42,407
SZ,002370,2017-01-03 10:42:33,29.1500,9,314694.0000,108,B,28.9400,28.9300,28.9200,28.9100,28.9000,29.1500,29.1700,29.1800,29.1900,29.2000,13,40,98,43,133,371,42,5,330,321
SZ,002370,2017-01-03 10:42:51,28.9500,1,2894.0000,1,S,28.9500,28.9400,28.9300,28.9200,28.9100,29.1400,29.1500,29.1700,29.1800,29.1900,4,23,40,98,43,10,381,42,5,330
SZ,002370,2017-01-03 10:42:57,28.9500,2,14476.0000,5,S,28.9500,28.9400,28.9300,28.9200,28.9100,29.1400,29.1500,29.1700,29.1800,29.1900,5,23,40,98,43,20,381,42,5,330
SZ,002370,2017-01-03 10:43:18,29.0000,1,127600.0000,44,B,28.9700,28.9600,28.9500,28.9400,28.9300,29.0000,29.1400,29.1500,29.1700,29.1800,2,4,46,21,40,156,25,381,42,5
SZ,002370,2017-01-03 10:43:30,29.0000,1,281300.0000,97,B,28.9700,28.9600,28.9500,28.9400,28.9300,29.0000,29.1400,29.1500,29.1700,29.1800,3,2,46,21,40,59,25,381,42,5
SZ,002370,2017-01-03 10:43:57,28.9800,2,11594.0000,4,S,28.9700,28.9500,28.9400,28.9300,28.9200,29.0000,29.1400,29.1500,29.1700,29.1800,1,30,16,40,98,59,15,381,42,5
SZ,002370,2017-01-03 10:44:00,28.9700,2,11594.0000,4,S,28.9500,28.9400,28.9300,28.9200,28.9100,28.9700,29.0000,29.1400,29.1500,29.1700,60,16,40,98,43,15,62,15,381,42
SZ,002370,2017-01-03 10:44:09,28.9500,2,20276.0000,7,S,28.9500,28.9400,28.9300,28.9200,28.9100,28.9700,29.0000,29.1400,29.1500,29.1700,58,16,40,98,43,10,62,15,381,42
SZ,002370,2017-01-03 10:44:12,28.9600,3,69532.0000,24,B,28.9600,28.9500,28.9400,28.9300,28.9200,29.0000,29.1400,29.1500,29.1700,29.1800,1,58,16,40,98,57,15,381,42,15
SZ,002370,2017-01-03 10:44:18,28.9600,1,2896.0000,1,S,28.9500,28.9400,28.9300,28.9200,28.9100,29.0000,29.1400,29.1500,29.1700,29.1800,58,16,40,98,43,57,15,381,42,15
SZ,002370,2017-01-03 10:44:48,29.1500,7,302260.0000,104,B,28.9700,28.9600,28.9500,28.9400,28.9300,29.1500,29.1700,29.1800,29.1900,29.2000,2,22,62,17,40,374,42,15,330,321
SZ,002370,2017-01-03 10:45:09,29.1500,2,93224.0000,32,B,28.9700,28.9600,28.9500,28.9400,28.9300,29.1500,29.1700,29.1800,29.1900,29.2000,2,22,64,17,40,350,42,15,330,317
SZ,002370,2017-01-03 10:45:24,28.9700,4,66636.0000,23,S,28.9600,28.9500,28.9400,28.9300,28.9200,28.9700,29.1400,29.1500,29.1700,29.1800,22,64,17,40,98,3,2,372,42,15
SZ,002370,2017-01-03 10:45:30,28.9600,1,2896.0000,1,S,28.9600,28.9500,28.9400,28.9300,28.9200,28.9700,29.1400,29.1500,29.1700,29.1800,22,64,17,40,98,3,2,372,42,15
SZ,002370,2017-01-03 10:45:39,28.9700,1,5794.0000,2,B,28.9600,28.9500,28.9400,28.9300,28.9200,28.9700,29.1400,29.1500,29.1700,29.1800,22,64,17,40,98,1,2,372,42,15
SZ,002370,2017-01-03 10:45:45,28.9700,1,2898.0000,1,B,28.9600,28.9500,28.9400,28.9300,28.9200,29.1400,29.1500,29.1700,29.1800,29.1900,22,64,17,40,98,2,372,42,15,330
SZ,002370,2017-01-03 10:45:51,28.9600,6,60848.0000,21,S,28.9600,28.9500,28.9400,28.9300,28.9200,29.1400,29.1500,29.1700,29.1800,29.1900,3,64,17,40,98,1,368,42,15,330
SZ,002370,2017-01-03 10:45:57,28.9600,2,11588.0000,4,S,28.9600,28.9500,28.9400,28.9300,28.9200,29.1400,29.1500,29.1700,29.1800,29.1900,1,64,17,42,98,5,368,42,15,330
SZ,002370,2017-01-03 10:46:09,28.9600,8,308812.0000,106,S,28.9600,28.9500,28.9400,28.9300,28.9200,29.1500,29.1700,29.1800,29.1900,29.2000,19,64,17,42,98,270,42,15,94,317
SZ,002370,2017-01-03 10:46:12,28.9600,4,8600.0000,3,S,28.9600,28.9500,28.9400,28.9300,28.9200,29.1500,29.1700,29.1800,29.1900,29.2000,16,64,14,42,98,270,42,15,94,317
SZ,002370,2017-01-03 10:46:15,28.9600,2,5706.0000,2,S,28.9600,28.9500,28.9400,28.9300,28.9200,29.1400,29.1500,29.1700,29.1800,29.1900,14,64,14,42,98,20,270,42,15,94
SZ,002370,2017-01-03 10:46:18,28.9600,3,8572.0000,3,S,28.9600,28.9500,28.9400,28.9300,28.9200,29.1400,29.1500,29.1700,29.1800,29.1900,11,64,14,42,98,20,270,42,15,94
SZ,002370,2017-01-03 10:46:21,28.9600,3,8602.0000,3,S,28.9600,28.9500,28.9400,28.9300,28.9200,29.1400,29.1500,29.1700,29.1800,29.1900,8,64,14,42,98,20,270,42,15,94
SZ,002370,2017-01-03 10:46:24,28.9600,2,5704.0000,2,S,28.9600,28.9500,28.9400,28.9300,28.9200,29.1400,29.1500,29.1700,29.1800,29.1900,9,64,14,42,98,20,270,42,15,94
SZ,002370,2017-01-03 10:46:33,29.1400,2,10652.0000,3,B,29.0300,28.9800,28.9600,28.9500,28.9400,29.1400,29.1500,29.1700,29.1800,29.1900,4,2,11,83,13,35,248,42,15,94
SZ,002370,2017-01-03 10:46:48,29.0300,1,2904.0000,1,S,29.0300,28.9800,28.9700,28.9600,28.9500,29.1400,29.1500,29.1700,29.1800,29.1900,3,2,2,15,85,35,248,42,15,94
SZ,002370,2017-01-03 10:46:54,29.0300,1,2904.0000,1,S,29.0300,28.9800,28.9700,28.9600,28.9500,29.1400,29.1500,29.1700,29.1800,29.1900,2,2,2,15,85,35,248,42,15,94
SZ,002370,2017-01-03 10:46:57,28.9800,2,11600.0000,4,S,28.9700,28.9600,28.9500,28.9400,28.9300,29.1400,29.1500,29.1700,29.1800,29.1900,2,15,85,13,42,35,248,42,15,94
SZ,002370,2017-01-03 10:47:12,28.9700,2,11592.0000,4,S,28.9600,28.9500,28.9400,28.9300,28.9200,28.9700,29.1400,29.1500,29.1700,29.1800,19,75,13,42,98,15,55,258,42,15
SZ,002370,2017-01-03 10:47:39,28.9600,3,40558.0000,14,S,28.9600,28.9500,28.9400,28.9300,28.9200,28.9700,29.1400,29.1500,29.1700,29.1800,28,75,13,42,98,2,50,258,42,15
SZ,002370,2017-01-03 10:47:48,28.9700,1,5794.0000,2,B,28.9700,28.9600,28.9500,28.9400,28.9300,29.1400,29.1500,29.1700,29.1800,29.1900,2,30,75,13,42,50,258,42,15,94
SZ,002370,2017-01-03 10:47:57,28.9700,3,11588.0000,4,S,28.9700,28.9600,28.9500,28.9400,28.9300,29.1400,29.1500,29.1700,29.1800,29.1900,4,30,75,13,42,50,258,42,15,94
SZ,002370,2017-01-03 10:48:03,28.9700,1,2896.0000,1,S,28.9700,28.9600,28.9500,28.9400,28.9300,29.1400,29.1500,29.1700,29.1800,29.1900,3,30,75,13,42,50,258,42,15,94
SZ,002370,2017-01-03 10:48:06,28.9700,1,2898.0000,1,S,28.9700,28.9600,28.9500,28.9400,28.9300,29.1400,29.1500,29.1700,29.1800,29.1900,2,30,75,13,42,50,258,42,15,94
SZ,002370,2017-01-03 10:48:09,28.9700,2,5736.0000,2,S,28.9700,28.9600,28.9500,28.9400,28.9300,29.1400,29.1500,29.1700,29.1800,29.1900,0,30,75,13,42,50,258,42,15,94
SZ,002370,2017-01-03 10:48:12,28.9600,4,8574.0000,3,S,28.9600,28.9500,28.9400,28.9300,28.9200,29.1400,29.1500,29.1700,29.1800,29.1900,27,75,13,42,98,50,258,42,15,94
SZ,002370,2017-01-03 10:48:15,28.9600,4,8572.0000,3,S,28.9600,28.9500,28.9400,28.9300,28.9200,29.0000,29.1400,29.1500,29.1700,29.1800,24,75,13,42,98,300,50,258,42,15
SZ,002370,2017-01-03 10:48:18,28.9600,3,5732.0000,2,S,28.9600,28.9500,28.9400,28.9300,28.9200,29.0000,29.1400,29.1500,29.1700,29.1800,22,75,13,42,98,300,50,258,42,15
SZ,002370,2017-01-03 10:48:21,28.9600,4,8572.0000,3,S,28.9600,28.9500,28.9400,28.9300,28.9200,29.0000,29.1400,29.1500,29.1700,29.1800,19,75,13,42,98,300,50,258,42,15
SZ,002370,2017-01-03 10:48:24,28.9700,3,8576.0000,3,B,28.9700,28.9600,28.9500,28.9400,28.9300,29.0000,29.1400,29.1500,29.1700,29.1800,0,18,75,13,42,300,50,258,42,15
SZ,002370,2017-01-03 10:48:27,28.9600,2,1910.0000,1,S,28.9600,28.9500,28.9400,28.9300,28.9200,29.0000,29.1400,29.1500,29.1700,29.1800,18,75,13,42,98,300,50,258,42,15
SZ,002370,2017-01-03 10:48:45,28.9600,5,55024.0000,19,S,28.9600,28.9500,28.9400,28.9300,28.9200,29.0000,29.1400,29.1500,29.1700,29.1800,0,78,13,42,98,300,52,258,42,15
