市场代码,证券代码,时间,最新价,成交笔数,成交额,成交量,方向,买一价,买二价,买三价,买四价,买五价,卖一价,卖二价,卖三价,卖四价,卖五价,买一量,买二量,买三量,买四量,买五量,卖一量,卖二量,卖三量,卖四量,卖五量
SZ,002332,2017-01-03 09:30:03,12.8000,11,134473.0000,105,S,12.8000,12.7800,12.7600,12.7500,12.7400,12.8700,12.9200,12.9400,12.9700,12.9800,29,46,35,50,123,6,10,5,24,78
SZ,002332,2017-01-03 09:30:36,12.8100,1,2562.0000,2,S,12.8100,12.8000,12.7800,12.7700,12.7600,12.8700,12.9200,12.9400,12.9700,12.9800,28,31,46,40,35,6,10,5,24,95
SZ,002332,2017-01-03 09:30:48,12.8100,1,1281.0000,1,S,12.8100,12.8000,12.7800,12.7700,12.7600,12.8700,12.9200,12.9400,12.9700,12.9800,38,31,46,40,35,6,10,5,24,95
SZ,002332,2017-01-03 09:31:15,12.8100,1,1281.0000,1,S,12.8100,12.8000,12.7800,12.7700,12.7600,12.8700,12.9200,12.9400,12.9700,12.9800,40,31,46,40,35,6,10,5,24,95
SZ,002332,2017-01-03 09:32:03,12.8200,4,52562.0000,41,S,12.8100,12.8000,12.7900,12.7800,12.7700,12.8200,12.8700,12.9200,12.9400,12.9700,50,45,220,46,40,159,6,10,5,24
SZ,002332,2017-01-03 09:32:09,12.8100,1,16653.0000,13,S,12.8100,12.8000,12.7900,12.7800,12.7700,12.8200,12.8700,12.9200,12.9400,12.9700,37,45,220,46,40,159,6,10,5,24
SZ,002332,2017-01-03 09:32:12,12.8200,1,1282.0000,1,B,12.8100,12.8000,12.7900,12.7800,12.7700,12.8200,12.8700,12.9200,12.9400,12.9700,37,45,220,46,40,158,6,10,5,24
SZ,002332,2017-01-03 09:32:18,12.8100,1,5124.0000,4,S,12.8100,12.8000,12.7900,12.7800,12.7700,12.8200,12.8700,12.9200,12.9400,12.9700,20,45,220,46,40,158,6,10,5,24
SZ,002332,2017-01-03 09:32:24,12.8100,3,20511.0000,16,S,12.8100,12.8000,12.7900,12.7800,12.7700,12.8200,12.8700,12.9200,12.9400,12.9700,19,48,220,46,40,143,6,10,5,24
SZ,002332,2017-01-03 09:32:33,12.8100,1,6405.0000,5,S,12.8100,12.8000,12.7900,12.7800,12.7700,12.8200,12.8700,12.9200,12.9400,12.9700,14,48,220,46,40,143,6,10,5,24
SZ,002332,2017-01-03 09:32:36,12.8200,1,1282.0000,1,B,12.8100,12.8000,12.7900,12.7800,12.7700,12.8200,12.8700,12.9200,12.9400,12.9700,24,48,220,46,40,142,6,10,5,24
SZ,002332,2017-01-03 09:32:39,12.8100,2,2562.0000,2,S,12.8100,12.8000,12.7900,12.7800,12.7700,12.8200,12.8700,12.9200,12.9400,12.9700,31,48,220,46,40,142,6,10,5,24
SZ,002332,2017-01-03 09:32:42,12.8200,2,66662.0000,52,B,12.8100,12.8000,12.7900,12.7800,12.7700,12.8200,12.8700,12.9200,12.9400,12.9700,29,57,220,46,40,92,6,10,5,24
SZ,002332,2017-01-03 09:32:48,12.8100,3,21778.0000,17,S,12.8100,12.8000,12.7900,12.7800,12.7700,12.8200,12.8700,12.9200,12.9400,12.9700,18,57,220,46,40,91,6,10,5,24
SZ,002332,2017-01-03 09:32:54,12.8200,2,70510.0000,55,B,12.8100,12.8000,12.7900,12.7800,12.7700,12.8200,12.8700,12.9200,12.9400,12.9700,18,57,220,46,40,36,6,10,5,24
SZ,002332,2017-01-03 09:32:57,12.8100,2,6405.0000,5,S,12.8100,12.8000,12.7900,12.7800,12.7700,12.8200,12.8700,12.9200,12.9400,12.9700,114,57,220,46,40,36,6,10,5,24
SZ,002332,2017-01-03 09:33:00,12.8200,1,46152.0000,36,B,12.8200,12.8100,12.8000,12.7900,12.7800,12.8700,12.9200,12.9400,12.9700,12.9800,15,114,61,220,46,6,10,5,24,95
SZ,002332,2017-01-03 09:33:06,12.8200,1,12820.0000,10,S,12.8200,12.8100,12.8000,12.7900,12.7800,12.8700,12.9200,12.9400,12.9700,12.9800,5,114,61,220,46,6,10,5,24,95
SZ,002332,2017-01-03 09:33:15,12.8200,3,17948.0000,14,S,12.8200,12.8100,12.8000,12.7900,12.7800,12.8700,12.9000,12.9200,12.9400,12.9700,57,114,61,220,46,6,17,10,5,24
SZ,002332,2017-01-03 09:33:18,12.8200,5,73074.0000,57,S,12.8100,12.8000,12.7900,12.7800,12.7700,12.8200,12.8700,12.9000,12.9200,12.9400,114,61,220,46,40,157,6,17,10,5
SZ,002332,2017-01-03 09:33:36,12.8200,2,12820.0000,10,B,12.8100,12.8000,12.7900,12.7800,12.7700,12.8200,12.8700,12.9000,12.9200,12.9400,114,61,220,46,40,147,6,17,10,25
SZ,002332,2017-01-03 09:33:39,12.8200,1,3846.0000,3,B,12.8100,12.8000,12.7900,12.7800,12.7700,12.8200,12.8700,12.9000,12.9200,12.9400,114,61,220,46,40,144,6,17,10,25
SZ,002332,2017-01-03 09:33:48,12.8200,1,12820.0000,10,B,12.8100,12.8000,12.7900,12.7800,12.7700,12.8200,12.8700,12.9000,12.9200,12.9400,114,61,220,46,40,134,6,17,10,25
SZ,002332,2017-01-03 09:33:51,12.8200,1,23076.0000,18,B,12.8100,12.8000,12.7900,12.7800,12.7700,12.8200,12.8700,12.9000,12.9200,12.9400,114,61,220,46,40,116,6,17,10,25
SZ,002332,2017-01-03 09:33:54,12.8200,1,10256.0000,8,B,12.8100,12.8000,12.7900,12.7800,12.7700,12.8200,12.8700,12.9000,12.9200,12.9400,114,61,220,46,40,108,6,17,10,25
SZ,002332,2017-01-03 09:34:03,12.8200,2,70510.0000,55,B,12.8100,12.8000,12.7900,12.7800,12.7700,12.8200,12.8700,12.9000,12.9200,12.9400,114,55,220,46,40,53,6,17,10,25
SZ,002332,2017-01-03 09:34:12,12.8100,5,90972.0000,71,S,12.8100,12.8000,12.7900,12.7800,12.7700,12.8200,12.8700,12.9000,12.9200,12.9400,64,55,220,46,40,32,6,17,10,25
SZ,002332,2017-01-03 09:34:21,12.8200,1,12820.0000,10,B,12.8100,12.8000,12.7900,12.7800,12.7700,12.8200,12.8700,12.9000,12.9200,12.9400,64,55,220,46,40,22,6,17,10,25
SZ,002332,2017-01-03 09:34:24,12.8200,1,11538.0000,9,B,12.8100,12.8000,12.7900,12.7800,12.7700,12.8200,12.8700,12.9000,12.9200,12.9400,64,46,220,46,40,13,6,17,10,25
SZ,002332,2017-01-03 09:34:30,12.8200,1,12820.0000,10,B,12.8100,12.8000,12.7900,12.7800,12.7700,12.8200,12.8700,12.9000,12.9200,12.9400,64,46,220,77,40,3,6,17,10,25
SZ,002332,2017-01-03 09:34:36,12.8200,1,3846.0000,3,B,12.8200,12.8100,12.8000,12.7900,12.7800,12.8700,12.9000,12.9200,12.9400,12.9700,47,64,46,220,77,6,17,10,25,26
SZ,002332,2017-01-03 09:35:06,12.9000,2,12882.0000,10,B,12.8200,12.8100,12.8000,12.7900,12.7800,12.9000,12.9200,12.9400,12.9700,12.9800,65,64,39,220,77,13,10,43,26,95
SZ,002332,2017-01-03 09:35:18,12.8200,1,2564.0000,2,S,12.8200,12.8100,12.8000,12.7900,12.7800,12.9000,12.9200,12.9400,12.9700,12.9800,73,64,39,220,77,13,10,43,26,95
SZ,002332,2017-01-03 09:35:24,12.9000,1,2580.0000,2,B,12.8200,12.8100,12.8000,12.7900,12.7800,12.9000,12.9200,12.9400,12.9700,12.9800,73,64,39,220,77,11,10,43,26,95
SZ,002332,2017-01-03 09:35:36,12.9200,2,27110.0000,21,B,12.9200,12.8300,12.8200,12.8100,12.8000,12.9400,12.9700,12.9800,12.9900,13.0000,8,46,73,64,45,56,26,95,120,34
SZ,002332,2017-01-03 09:35:42,12.9200,1,10336.0000,8,S,12.8300,12.8200,12.8100,12.8000,12.7900,12.8800,12.9200,12.9400,12.9700,12.9800,46,73,64,60,220,3,16,56,26,95
SZ,002332,2017-01-03 09:36:39,12.8400,2,7704.0000,6,S,12.8400,12.8300,12.8200,12.8100,12.8000,12.9000,12.9100,12.9200,12.9300,12.9400,3,67,202,69,85,37,50,71,40,59
SZ,002332,2017-01-03 09:36:45,12.9000,2,12900.0000,10,B,12.8400,12.8300,12.8200,12.8100,12.8000,12.9000,12.9100,12.9200,12.9300,12.9400,3,107,202,69,85,27,50,71,40,59
SZ,002332,2017-01-03 09:37:21,12.8700,1,25740.0000,20,S,12.8400,12.8300,12.8200,12.8100,12.8000,12.8700,12.9000,12.9100,12.9200,12.9300,13,107,212,69,128,40,67,50,61,40
SZ,002332,2017-01-03 09:37:51,12.8700,1,1287.0000,1,B,12.8400,12.8300,12.8200,12.8100,12.8000,12.8700,12.9000,12.9100,12.9200,12.9300,29,117,212,69,122,39,67,20,76,40
SZ,002332,2017-01-03 09:38:18,12.8700,1,12870.0000,10,B,12.8400,12.8300,12.8200,12.8100,12.8000,12.8700,12.9000,12.9100,12.9200,12.9300,49,117,262,69,150,29,67,20,96,40
SZ,002332,2017-01-03 09:39:00,12.8700,1,12870.0000,10,B,12.8500,12.8400,12.8300,12.8200,12.8100,12.8700,12.9000,12.9100,12.9200,12.9300,12,53,111,262,69,19,67,20,96,40
SZ,002332,2017-01-03 09:39:06,12.8700,1,1287.0000,1,B,12.8500,12.8400,12.8300,12.8200,12.8100,12.8700,12.9000,12.9100,12.9200,12.9300,12,53,111,262,69,18,67,20,96,40
SZ,002332,2017-01-03 09:39:12,12.8500,1,1285.0000,1,S,12.8500,12.8400,12.8300,12.8200,12.8100,12.8700,12.9000,12.9100,12.9200,12.9300,15,53,111,262,69,18,67,20,105,40
SZ,002332,2017-01-03 09:39:18,12.8700,7,61701.0000,48,B,12.8700,12.8400,12.8300,12.8200,12.8100,12.9000,12.9100,12.9200,12.9300,12.9400,8,38,111,262,69,67,20,105,40,70
SZ,002332,2017-01-03 09:39:45,12.8700,1,10296.0000,8,S,12.8400,12.8300,12.8200,12.8100,12.8000,12.8700,12.9000,12.9100,12.9200,12.9300,38,111,182,69,159,3,67,50,105,40
SZ,002332,2017-01-03 09:40:03,12.8700,1,3887.0000,3,B,12.8700,12.8400,12.8300,12.8200,12.8100,12.9000,12.9100,12.9200,12.9300,12.9400,22,38,111,125,69,67,50,105,40,75
SZ,002332,2017-01-03 09:40:12,12.8700,1,3861.0000,3,S,12.8700,12.8400,12.8300,12.8200,12.8100,12.9000,12.9100,12.9200,12.9300,12.9400,19,38,111,125,69,67,50,105,40,75
SZ,002332,2017-01-03 09:42:12,12.8700,1,12870.0000,10,S,12.8700,12.8400,12.8300,12.8200,12.8100,12.8900,12.9000,12.9100,12.9200,12.9300,21,57,121,125,74,9,77,53,105,40
SZ,002332,2017-01-03 09:42:24,12.8900,1,1289.0000,1,B,12.8700,12.8400,12.8300,12.8200,12.8100,12.8900,12.9000,12.9100,12.9200,12.9300,21,57,121,125,74,8,77,53,115,40
SZ,002332,2017-01-03 09:42:36,12.8900,1,10312.0000,8,B,12.8900,12.8700,12.8400,12.8300,12.8200,12.9000,12.9100,12.9200,12.9300,12.9400,7,21,57,121,125,77,53,115,40,72
SZ,002332,2017-01-03 09:43:03,12.8900,1,9023.0000,7,S,12.8700,12.8400,12.8300,12.8200,12.8100,12.8900,12.9000,12.9100,12.9200,12.9300,24,48,121,125,73,19,72,53,115,40
SZ,002332,2017-01-03 09:43:12,12.8700,1,1287.0000,1,S,12.8700,12.8400,12.8300,12.8200,12.8100,12.8900,12.9000,12.9100,12.9200,12.9300,23,48,121,125,73,24,72,53,115,45
SZ,002332,2017-01-03 09:43:21,12.8700,1,1287.0000,1,S,12.8700,12.8400,12.8300,12.8200,12.8100,12.8900,12.9000,12.9100,12.9200,12.9300,22,48,121,125,73,24,72,53,115,45
SZ,002332,2017-01-03 09:43:51,12.8900,1,1289.0000,1,B,12.8700,12.8500,12.8400,12.8300,12.8200,12.8900,12.9000,12.9100,12.9200,12.9300,22,19,103,121,125,23,82,53,120,48
SZ,002332,2017-01-03 09:44:06,12.8900,1,19335.0000,15,B,12.8700,12.8500,12.8400,12.8300,12.8200,12.8900,12.9000,12.9100,12.9200,12.9300,22,19,103,121,125,8,82,53,120,48
SZ,002332,2017-01-03 09:44:09,12.8900,2,10312.0000,8,B,12.8900,12.8700,12.8500,12.8400,12.8300,12.9000,12.9100,12.9200,12.9300,12.9400,41,22,19,103,121,82,53,120,48,72
SZ,002332,2017-01-03 09:44:18,12.8900,1,15468.0000,12,S,12.8900,12.8700,12.8500,12.8400,12.8300,12.9000,12.9100,12.9200,12.9300,12.9400,29,22,19,103,121,92,56,106,48,72
SZ,002332,2017-01-03 09:44:27,12.8900,1,11601.0000,9,S,12.8900,12.8700,12.8500,12.8400,12.8300,12.9000,12.9100,12.9200,12.9300,12.9400,20,51,19,103,121,92,56,106,48,72
SZ,002332,2017-01-03 09:44:54,12.9000,1,3870.0000,3,B,12.8900,12.8700,12.8600,12.8500,12.8400,12.9000,12.9100,12.9200,12.9300,12.9400,40,51,1,19,100,89,56,106,48,72
SZ,002332,2017-01-03 09:44:57,12.9000,1,24510.0000,19,B,12.8900,12.8700,12.8600,12.8500,12.8400,12.9000,12.9100,12.9200,12.9300,12.9400,40,51,1,19,100,70,56,106,48,72
SZ,002332,2017-01-03 09:45:00,12.8900,2,5156.0000,4,S,12.8900,12.8700,12.8600,12.8500,12.8400,12.9000,12.9100,12.9200,12.9300,12.9400,36,51,1,19,100,70,56,106,48,72
SZ,002332,2017-01-03 09:46:12,12.9000,2,12900.0000,10,B,12.8900,12.8700,12.8600,12.8500,12.8400,12.9000,12.9100,12.9200,12.9300,12.9400,36,107,1,19,100,60,56,106,183,72
SZ,002332,2017-01-03 09:46:18,12.8900,1,12890.0000,10,S,12.8900,12.8800,12.8700,12.8600,12.8500,12.9000,12.9100,12.9200,12.9300,12.9400,26,5,107,1,19,60,56,106,183,72
SZ,002332,2017-01-03 09:46:24,12.8900,1,1289.0000,1,S,12.8900,12.8800,12.8700,12.8600,12.8500,12.9000,12.9100,12.9200,12.9300,12.9400,25,5,107,1,19,60,56,106,183,72
SZ,002332,2017-01-03 09:46:27,12.9000,1,24510.0000,19,B,12.8900,12.8800,12.8700,12.8600,12.8500,12.9000,12.9100,12.9200,12.9300,12.9400,25,5,107,1,19,41,56,106,183,72
SZ,002332,2017-01-03 09:46:36,12.9000,3,19344.0000,15,B,12.8900,12.8800,12.8700,12.8600,12.8500,12.9000,12.9100,12.9200,12.9300,12.9400,19,5,107,1,49,33,56,106,183,72
SZ,002332,2017-01-03 09:46:48,12.9000,1,2580.0000,2,B,12.8900,12.8800,12.8700,12.8600,12.8500,12.9000,12.9100,12.9200,12.9300,12.9400,19,5,107,1,49,31,56,106,183,54
SZ,002332,2017-01-03 09:47:09,12.9000,1,2580.0000,2,B,12.8900,12.8800,12.8700,12.8600,12.8500,12.9000,12.9100,12.9200,12.9300,12.9400,19,12,107,1,49,29,56,106,183,54
SZ,002332,2017-01-03 09:47:12,12.8900,1,24491.0000,19,S,12.8800,12.8700,12.8600,12.8500,12.8400,12.8900,12.9000,12.9100,12.9200,12.9300,12,107,1,49,89,2,29,56,106,183
SZ,002332,2017-01-03 09:47:15,12.8800,1,1288.0000,1,S,12.8800,12.8700,12.8600,12.8500,12.8400,12.8900,12.9000,12.9100,12.9200,12.9300,11,107,1,49,89,24,29,56,106,183
SZ,002332,2017-01-03 09:47:21,12.8900,2,7734.0000,6,B,12.8800,12.8700,12.8600,12.8500,12.8400,12.8900,12.9000,12.9100,12.9200,12.9300,11,107,1,49,89,18,29,56,106,183
SZ,002332,2017-01-03 09:47:48,12.8900,6,39910.0000,31,B,12.8700,12.8600,12.8500,12.8400,12.8300,12.8900,12.9000,12.9100,12.9200,12.9300,88,1,49,89,121,17,29,56,106,183
SZ,002332,2017-01-03 09:47:51,12.8900,1,21913.0000,17,B,12.8900,12.8700,12.8600,12.8500,12.8400,12.9000,12.9100,12.9200,12.9300,12.9400,10,88,1,49,89,29,56,106,183,54
SZ,002332,2017-01-03 09:47:57,12.8900,1,10312.0000,8,S,12.8900,12.8700,12.8600,12.8500,12.8400,12.9000,12.9100,12.9200,12.9300,12.9400,12,88,1,49,89,29,56,106,183,54
SZ,002332,2017-01-03 09:48:03,12.8900,2,7734.0000,6,S,12.8900,12.8700,12.8600,12.8500,12.8400,12.9000,12.9100,12.9200,12.9300,12.9400,6,88,1,49,89,77,56,106,183,54
SZ,002332,2017-01-03 09:48:18,12.8900,2,33514.0000,26,S,12.8800,12.8700,12.8600,12.8500,12.8400,12.8900,12.9000,12.9100,12.9200,12.9300,16,88,1,49,89,21,77,66,106,183
SZ,002332,2017-01-03 09:48:30,12.8800,1,3864.0000,3,S,12.8800,12.8700,12.8600,12.8500,12.8400,12.8900,12.9000,12.9100,12.9200,12.9300,14,88,1,49,89,21,77,63,106,183
SZ,002332,2017-01-03 09:48:36,12.8800,2,3864.0000,3,S,12.8800,12.8700,12.8600,12.8500,12.8400,12.9000,12.9100,12.9200,12.9300,12.9400,11,88,1,49,89,77,63,106,183,49
SZ,002332,2017-01-03 09:48:51,12.8900,1,20624.0000,16,S,12.8900,12.8800,12.8700,12.8600,12.8500,12.9000,12.9100,12.9200,12.9300,12.9400,13,31,88,1,49,77,63,106,183,49
SZ,002332,2017-01-03 09:48:54,12.8900,2,16757.0000,13,S,12.8800,12.8700,12.8600,12.8500,12.8400,12.8900,12.9000,12.9100,12.9200,12.9300,31,71,1,49,89,37,87,63,106,183
SZ,002332,2017-01-03 09:49:09,12.8900,1,11601.0000,9,B,12.8800,12.8700,12.8600,12.8500,12.8400,12.8900,12.9000,12.9100,12.9200,12.9300,35,71,1,49,89,28,87,43,106,183
SZ,002332,2017-01-03 09:49:18,12.8900,1,12890.0000,10,B,12.8800,12.8700,12.8600,12.8500,12.8400,12.8900,12.9000,12.9100,12.9200,12.9300,35,71,1,49,89,18,107,43,106,183
SZ,002332,2017-01-03 09:49:21,12.8800,5,45080.0000,35,S,12.8700,12.8600,12.8500,12.8400,12.8300,12.8800,12.8900,12.9000,12.9100,12.9200,71,1,49,89,121,9,18,107,43,106
SZ,002332,2017-01-03 09:49:24,12.8800,1,11592.0000,9,B,12.8800,12.8700,12.8600,12.8500,12.8400,12.8900,12.9000,12.9100,12.9200,12.9300,1,71,1,49,89,18,107,43,106,183
SZ,002332,2017-01-03 09:49:33,12.8800,2,18032.0000,14,S,12.8700,12.8600,12.8500,12.8400,12.8300,12.8800,12.8900,12.9000,12.9100,12.9200,71,1,49,89,121,26,18,107,48,106
SZ,002332,2017-01-03 09:49:45,12.8800,1,7728.0000,6,B,12.8700,12.8600,12.8500,12.8400,12.8300,12.8800,12.8900,12.9000,12.9100,12.9200,71,1,49,89,121,20,28,107,48,106
SZ,002332,2017-01-03 09:50:03,12.8800,1,12880.0000,10,B,12.8700,12.8600,12.8500,12.8400,12.8300,12.8800,12.8900,12.9000,12.9100,12.9200,81,1,49,89,121,10,28,107,48,106
SZ,002332,2017-01-03 09:50:09,12.8800,1,3864.0000,3,B,12.8700,12.8600,12.8500,12.8400,12.8300,12.8800,12.8900,12.9000,12.9100,12.9200,81,1,49,89,121,28,28,107,48,106
SZ,002332,2017-01-03 09:50:18,12.8800,1,2576.0000,2,B,12.8700,12.8600,12.8500,12.8400,12.8300,12.8800,12.8900,12.9000,12.9100,12.9200,122,1,49,89,121,26,28,107,48,106
SZ,002332,2017-01-03 09:50:24,12.8800,4,34776.0000,27,B,12.8800,12.8700,12.8600,12.8500,12.8400,12.8900,12.9000,12.9100,12.9200,12.9300,11,152,1,49,89,28,107,48,106,183
SZ,002332,2017-01-03 09:50:36,12.8900,1,6445.0000,5,B,12.8800,12.8700,12.8600,12.8500,12.8400,12.8900,12.9000,12.9100,12.9200,12.9300,21,143,1,49,89,23,97,48,106,183
SZ,002332,2017-01-03 09:50:42,12.8900,1,12890.0000,10,B,12.8800,12.8700,12.8600,12.8500,12.8400,12.8900,12.9000,12.9100,12.9200,12.9300,25,143,1,49,89,13,97,48,106,183
SZ,002332,2017-01-03 09:50:45,12.8900,2,12890.0000,10,B,12.8800,12.8700,12.8600,12.8500,12.8400,12.8900,12.9000,12.9100,12.9200,12.9300,25,144,1,49,89,3,97,48,106,183
SZ,002332,2017-01-03 09:50:54,12.8900,1,3867.0000,3,B,12.8900,12.8800,12.8700,12.8600,12.8500,12.9000,12.9100,12.9200,12.9300,12.9400,5,25,152,1,52,97,48,106,183,49
SZ,002332,2017-01-03 09:51:09,12.9000,7,123840.0000,96,B,12.9000,12.8900,12.8800,12.8700,12.8600,12.9100,12.9200,12.9300,12.9400,12.9500,4,35,15,152,1,48,106,183,49,127
SZ,002332,2017-01-03 09:51:15,12.9100,5,60676.0000,47,B,12.9000,12.8900,12.8800,12.8700,12.8600,12.9100,12.9200,12.9300,12.9400,12.9500,3,40,23,152,1,2,106,183,49,127
SZ,002332,2017-01-03 09:51:27,12.9200,6,81394.0000,63,B,12.9000,12.8900,12.8800,12.8700,12.8600,12.9200,12.9300,12.9400,12.9500,12.9700,3,40,12,152,1,45,183,49,127,80
SZ,002332,2017-01-03 09:51:51,12.9000,2,38700.0000,30,S,12.9000,12.8900,12.8800,12.8700,12.8600,12.9200,12.9300,12.9400,12.9500,12.9700,93,55,31,122,1,45,183,59,127,80
SZ,002332,2017-01-03 09:51:54,12.9200,4,58140.0000,45,B,12.9200,12.9000,12.8900,12.8800,12.8700,12.9300,12.9400,12.9500,12.9700,12.9800,5,93,55,31,122,183,59,127,80,203
SZ,002332,2017-01-03 09:52:09,12.9300,1,1293.0000,1,B,12.9200,12.9100,12.9000,12.8900,12.8800,12.9300,12.9400,12.9500,12.9700,12.9800,105,19,93,55,31,182,59,127,80,203
SZ,002332,2017-01-03 09:52:18,12.9200,3,64620.0000,50,S,12.9200,12.9100,12.9000,12.8900,12.8800,12.9300,12.9400,12.9500,12.9700,12.9800,75,19,93,53,31,162,59,127,80,203
SZ,002332,2017-01-03 09:52:21,12.9300,4,59478.0000,46,B,12.9200,12.9100,12.9000,12.8900,12.8800,12.9300,12.9400,12.9500,12.9700,12.9800,75,19,93,53,31,141,59,127,80,203
SZ,002332,2017-01-03 09:52:24,12.9200,1,6460.0000,5,S,12.9200,12.9100,12.9000,12.8900,12.8800,12.9300,12.9400,12.9500,12.9700,12.9800,70,19,93,53,31,141,59,127,80,203
SZ,002332,2017-01-03 09:52:36,12.9200,2,68476.0000,53,S,12.9200,12.9100,12.9000,12.8900,12.8800,12.9300,12.9400,12.9500,12.9700,12.9800,26,19,93,23,31,141,62,127,90,203
SZ,002332,2017-01-03 09:52:45,12.9200,1,6460.0000,5,S,12.9200,12.9100,12.9000,12.8900,12.8800,12.9300,12.9400,12.9500,12.9700,12.9800,21,19,93,23,77,141,71,127,90,203
SZ,002332,2017-01-03 09:52:54,12.9200,3,47804.0000,37,S,12.9200,12.9100,12.9000,12.8900,12.8800,12.9300,12.9400,12.9500,12.9700,12.9800,2,19,93,23,77,141,71,127,90,203
SZ,002332,2017-01-03 09:53:00,12.9200,1,2584.0000,2,S,12.9100,12.9000,12.8900,12.8800,12.8700,12.9200,12.9300,12.9400,12.9500,12.9700,19,98,23,77,112,18,141,71,127,90
SZ,002332,2017-01-03 09:53:09,12.9000,2,27109.0000,21,S,12.9000,12.8900,12.8800,12.8700,12.8600,12.9200,12.9300,12.9400,12.9500,12.9700,96,23,77,112,1,18,141,71,127,90
SZ,002332,2017-01-03 09:53:15,12.9200,1,2584.0000,2,B,12.9000,12.8900,12.8800,12.8700,12.8600,12.9200,12.9300,12.9400,12.9500,12.9700,142,23,77,71,1,16,141,71,127,95
SZ,002332,2017-01-03 09:53:21,12.9200,1,2584.0000,2,B,12.9000,12.8900,12.8800,12.8700,12.8600,12.9200,12.9300,12.9400,12.9500,12.9700,142,23,77,71,1,14,141,71,127,95
SZ,002332,2017-01-03 09:53:24,12.9300,4,78858.0000,61,B,12.9200,12.9000,12.8900,12.8800,12.8700,12.9300,12.9400,12.9500,12.9700,12.9800,15,142,23,77,71,95,71,127,95,203
SZ,002332,2017-01-03 09:53:27,12.9200,1,1292.0000,1,S,12.9200,12.9000,12.8900,12.8800,12.8700,12.9300,12.9400,12.9500,12.9700,12.9800,14,142,23,77,71,95,71,127,95,203
SZ,002332,2017-01-03 09:53:30,12.9200,1,18088.0000,14,S,12.9000,12.8900,12.8800,12.8700,12.8600,12.9200,12.9300,12.9400,12.9500,12.9700,142,23,77,71,1,68,95,71,127,95
SZ,002332,2017-01-03 09:53:33,12.9000,1,38700.0000,30,S,12.9000,12.8900,12.8800,12.8700,12.8600,12.9200,12.9300,12.9400,12.9500,12.9700,112,23,77,71,1,68,95,71,127,95
SZ,002332,2017-01-03 09:53:39,12.9200,1,6460.0000,5,B,12.9000,12.8900,12.8800,12.8700,12.8600,12.9200,12.9300,12.9400,12.9500,12.9700,112,23,77,71,1,63,95,71,127,95
SZ,002332,2017-01-03 09:54:03,12.9000,2,64500.0000,50,S,12.9000,12.8900,12.8800,12.8700,12.8600,12.9100,12.9200,12.9300,12.9400,12.9500,62,53,77,71,1,71,63,95,71,127
SZ,002332,2017-01-03 09:54:24,12.9000,3,68370.0000,53,S,12.9000,12.8900,12.8800,12.8700,12.8600,12.9100,12.9200,12.9300,12.9400,12.9500,9,53,77,71,1,71,63,95,71,127
SZ,002332,2017-01-03 09:54:30,12.9000,1,3870.0000,3,S,12.9000,12.8900,12.8800,12.8700,12.8600,12.9100,12.9200,12.9300,12.9400,12.9500,6,53,77,71,1,71,63,95,68,127
SZ,002332,2017-01-03 09:54:33,12.9100,1,1291.0000,1,B,12.9000,12.8900,12.8800,12.8700,12.8600,12.9100,12.9200,12.9300,12.9400,12.9500,6,53,77,71,1,70,10,95,68,127
SZ,002332,2017-01-03 09:55:03,12.9000,2,6450.0000,5,S,12.9000,12.8900,12.8800,12.8700,12.8600,12.9100,12.9200,12.9300,12.9400,12.9500,6,53,77,71,1,70,47,95,68,127
SZ,002332,2017-01-03 09:55:09,12.9000,2,7740.0000,6,S,12.9000,12.8900,12.8800,12.8700,12.8600,12.9100,12.9200,12.9300,12.9400,12.9500,71,53,77,71,1,70,52,95,68,130
SZ,002332,2017-01-03 09:55:12,12.9000,1,12900.0000,10,S,12.9000,12.8900,12.8800,12.8700,12.8600,12.9100,12.9200,12.9300,12.9400,12.9500,61,53,77,71,1,70,52,95,68,130
SZ,002332,2017-01-03 09:55:15,12.9000,1,1290.0000,1,S,12.9000,12.8900,12.8800,12.8700,12.8600,12.9100,12.9200,12.9300,12.9400,12.9500,60,53,77,71,1,70,52,95,68,130
SZ,002332,2017-01-03 09:55:51,12.9100,1,42603.0000,33,B,12.9000,12.8900,12.8800,12.8700,12.8600,12.9100,12.9200,12.9300,12.9400,12.9500,157,53,87,71,9,37,52,95,68,130
SZ,002332,2017-01-03 09:56:03,12.9100,1,1291.0000,1,B,12.9000,12.8900,12.8800,12.8700,12.8600,12.9100,12.9200,12.9300,12.9400,12.9500,157,57,87,71,9,36,47,95,68,130
SZ,002332,2017-01-03 09:56:09,12.9100,2,46476.0000,36,B,12.9100,12.9000,12.8900,12.8800,12.8700,12.9200,12.9300,12.9400,12.9500,12.9700,1,157,57,87,71,47,95,68,130,76
SZ,002332,2017-01-03 09:56:27,12.9100,1,1291.0000,1,S,12.9100,12.9000,12.8900,12.8800,12.8700,12.9200,12.9300,12.9400,12.9500,12.9700,1,238,57,87,71,57,95,68,133,76
SZ,002332,2017-01-03 09:56:36,12.9200,3,41344.0000,32,B,12.9100,12.9000,12.8900,12.8800,12.8700,12.9200,12.9300,12.9400,12.9500,12.9700,1,238,57,87,71,25,95,98,133,76
SZ,002332,2017-01-03 09:56:42,12.9000,2,38701.0000,30,S,12.9000,12.8900,12.8800,12.8700,12.8600,12.9200,12.9300,12.9400,12.9500,12.9700,209,57,87,71,9,25,95,98,133,76
SZ,002332,2017-01-03 09:56:51,12.9000,4,257510.0000,200,S,12.9000,12.8900,12.8800,12.8700,12.8600,12.9100,12.9200,12.9300,12.9400,12.9500,9,57,87,71,9,3,95,98,98,133
SZ,002332,2017-01-03 09:57:09,12.9100,1,1291.0000,1,B,12.9000,12.8900,12.8800,12.8700,12.8600,12.9100,12.9200,12.9300,12.9400,12.9500,52,57,87,71,9,32,105,98,98,133
SZ,002332,2017-01-03 09:57:24,12.9100,2,25820.0000,20,B,12.9000,12.8900,12.8800,12.8700,12.8600,12.9100,12.9200,12.9300,12.9400,12.9500,52,57,87,71,9,57,105,98,120,133
SZ,002332,2017-01-03 09:57:30,12.9200,6,129143.0000,100,B,12.9000,12.8900,12.8800,12.8700,12.8600,12.9200,12.9300,12.9400,12.9500,12.9700,52,57,87,71,9,62,98,120,133,76
SZ,002332,2017-01-03 09:57:48,12.9200,2,64600.0000,50,B,12.9000,12.8900,12.8800,12.8700,12.8600,12.9200,12.9300,12.9400,12.9500,12.9700,94,57,87,71,29,14,98,120,133,76
SZ,002332,2017-01-03 09:57:54,12.9200,2,6460.0000,5,B,12.9000,12.8900,12.8800,12.8700,12.8600,12.9200,12.9300,12.9400,12.9500,12.9700,94,53,87,71,29,19,98,120,133,76
SZ,002332,2017-01-03 09:58:00,12.9000,3,38700.0000,30,S,12.9000,12.8900,12.8800,12.8700,12.8600,12.9200,12.9300,12.9400,12.9500,12.9700,64,53,87,71,29,19,98,120,133,76
SZ,002332,2017-01-03 09:58:15,12.9100,1,64550.0000,50,S,12.9100,12.9000,12.8900,12.8800,12.8700,12.9200,12.9300,12.9400,12.9500,12.9700,14,114,53,89,91,208,98,120,133,76
SZ,002332,2017-01-03 09:58:18,12.9100,1,1291.0000,1,S,12.9100,12.9000,12.8900,12.8800,12.8700,12.9200,12.9300,12.9400,12.9500,12.9700,13,114,53,89,91,208,98,120,133,76
SZ,002332,2017-01-03 09:58:21,12.9100,1,16783.0000,13,S,12.9000,12.8900,12.8800,12.8700,12.8600,12.9100,12.9200,12.9300,12.9400,12.9500,114,53,89,91,29,37,208,98,120,133
SZ,002332,2017-01-03 09:58:36,12.9100,1,6455.0000,5,B,12.9000,12.8900,12.8800,12.8700,12.8600,12.9100,12.9200,12.9300,12.9400,12.9500,123,53,87,91,29,32,208,98,120,133
SZ,002332,2017-01-03 09:58:39,12.9200,4,59400.0000,46,B,12.9000,12.8900,12.8800,12.8700,12.8600,12.9200,12.9300,12.9400,12.9500,12.9700,123,53,87,91,29,194,98,120,133,76
SZ,002332,2017-01-03 09:58:42,12.9000,2,14190.0000,11,S,12.9000,12.8900,12.8800,12.8700,12.8600,12.9200,12.9300,12.9400,12.9500,12.9700,112,53,87,91,29,194,98,120,133,76
SZ,002332,2017-01-03 09:58:54,12.9000,1,1290.0000,1,S,12.9000,12.8900,12.8800,12.8700,12.8600,12.9200,12.9300,12.9400,12.9500,12.9700,111,53,87,91,29,194,98,100,133,76
SZ,002332,2017-01-03 09:59:09,12.9000,2,12900.0000,10,S,12.9000,12.8900,12.8800,12.8700,12.8600,12.9200,12.9300,12.9400,12.9500,12.9700,101,53,87,91,29,25,98,100,133,76
SZ,002332,2017-01-03 09:59:27,12.9000,2,11610.0000,9,S,12.9000,12.8900,12.8800,12.8700,12.8600,12.9200,12.9300,12.9400,12.9500,12.9700,92,53,90,91,29,25,98,100,133,76
SZ,002332,2017-01-03 09:59:33,12.9000,3,90300.0000,70,S,12.9000,12.8900,12.8800,12.8700,12.8600,12.9200,12.9300,12.9400,12.9500,12.9700,22,53,90,91,29,25,98,100,133,76
SZ,002332,2017-01-03 09:59:54,12.9000,1,10320.0000,8,S,12.9000,12.8900,12.8800,12.8700,12.8600,12.9200,12.9300,12.9400,12.9500,12.9700,57,53,90,121,29,55,108,100,133,76
SZ,002332,2017-01-03 10:00:21,12.9000,4,51600.0000,40,S,12.9000,12.8900,12.8800,12.8700,12.8600,12.9100,12.9200,12.9300,12.9400,12.9500,30,53,90,121,29,40,29,108,150,133
SZ,002332,2017-01-03 10:00:27,12.9000,1,1290.0000,1,S,12.9000,12.8900,12.8800,12.8700,12.8600,12.9100,12.9200,12.9300,12.9400,12.9500,29,53,90,121,29,40,29,108,150,133
SZ,002332,2017-01-03 10:00:33,12.9000,3,37900.0000,29,S,12.8900,12.8800,12.8700,12.8600,12.8500,12.9000,12.9100,12.9200,12.9300,12.9400,53,90,121,29,28,20,40,33,108,150
SZ,002332,2017-01-03 10:00:36,12.9000,1,25800.0000,20,B,12.8900,12.8800,12.8700,12.8600,12.8500,12.9000,12.9100,12.9200,12.9300,12.9400,53,90,121,29,28,10,40,33,108,150
SZ,002332,2017-01-03 10:00:54,12.9000,2,13700.0000,11,B,12.9000,12.8900,12.8800,12.8700,12.8600,12.9100,12.9200,12.9300,12.9400,12.9500,7,95,90,121,29,43,33,108,150,133
SZ,002332,2017-01-03 10:01:03,12.9000,1,9520.0000,7,S,12.8900,12.8800,12.8700,12.8600,12.8500,12.9000,12.9100,12.9200,12.9300,12.9400,95,134,121,29,28,1,43,32,105,150
SZ,002332,2017-01-03 10:01:09,12.9000,1,1290.0000,1,B,12.8900,12.8800,12.8700,12.8600,12.8500,12.9000,12.9100,12.9200,12.9300,12.9400,95,134,121,29,28,0,43,32,105,150
SZ,002332,2017-01-03 10:01:39,12.9000,4,32245.0000,25,B,12.8900,12.8800,12.8700,12.8600,12.8500,12.9000,12.9100,12.9200,12.9300,12.9400,95,134,121,29,78,49,43,32,105,150
SZ,002332,2017-01-03 10:01:45,12.9000,5,98010.0000,76,B,12.8900,12.8800,12.8700,12.8600,12.8500,12.9000,12.9100,12.9200,12.9300,12.9400,70,134,121,29,78,3,43,32,105,150
SZ,002332,2017-01-03 10:01:48,12.9000,1,4670.0000,4,B,12.9000,12.8900,12.8800,12.8700,12.8600,12.9100,12.9200,12.9300,12.9400,12.9500,0,70,134,121,29,43,32,105,150,133
SZ,002332,2017-01-03 10:02:15,12.8900,2,1779.0000,1,S,12.8900,12.8800,12.8700,12.8600,12.8500,12.9000,12.9100,12.9200,12.9300,12.9400,69,134,121,29,78,86,43,29,105,150
SZ,002332,2017-01-03 10:02:36,12.9000,1,1290.0000,1,B,12.8900,12.8800,12.8700,12.8600,12.8500,12.9000,12.9100,12.9200,12.9300,12.9400,69,134,121,29,78,85,43,29,105,120
SZ,002332,2017-01-03 10:02:39,12.9000,1,1290.0000,1,B,12.8900,12.8800,12.8700,12.8600,12.8500,12.9000,12.9100,12.9200,12.9300,12.9400,69,134,121,29,78,84,43,39,105,120
SZ,002332,2017-01-03 10:02:51,12.9000,2,59340.0000,46,B,12.8900,12.8800,12.8700,12.8600,12.8500,12.9000,12.9100,12.9200,12.9300,12.9400,89,134,121,29,78,38,43,39,105,120
SZ,002332,2017-01-03 10:03:30,12.8900,1,1289.0000,1,S,12.8900,12.8800,12.8700,12.8600,12.8500,12.9000,12.9100,12.9200,12.9300,12.9400,93,134,123,29,78,78,128,39,105,120
SZ,002332,2017-01-03 10:03:54,12.9000,2,59340.0000,46,B,12.8900,12.8800,12.8700,12.8600,12.8500,12.9000,12.9100,12.9200,12.9300,12.9400,143,134,123,29,78,59,128,39,105,120
SZ,002332,2017-01-03 10:04:09,12.9000,1,1290.0000,1,B,12.8900,12.8800,12.8700,12.8600,12.8500,12.9000,12.9100,12.9200,12.9300,12.9400,143,134,123,29,78,58,128,39,105,120
SZ,002332,2017-01-03 10:04:33,12.8900,2,21913.0000,17,S,12.8900,12.8800,12.8700,12.8600,12.8500,12.9000,12.9100,12.9200,12.9300,12.9400,126,134,123,29,78,58,130,39,105,120
SZ,002332,2017-01-03 10:05:00,12.9000,3,59340.0000,46,B,12.8900,12.8800,12.8700,12.8600,12.8500,12.9000,12.9100,12.9200,12.9300,12.9400,126,134,153,29,78,25,133,39,105,120
SZ,002332,2017-01-03 10:05:09,12.8900,4,71724.0000,56,S,12.8900,12.8800,12.8700,12.8600,12.8500,12.9100,12.9200,12.9300,12.9400,12.9500,100,134,153,29,78,133,39,105,120,133
SZ,002332,2017-01-03 10:05:18,12.8700,27,506603.0000,393,S,12.8600,12.8500,12.8400,12.8300,12.8200,12.8700,12.9100,12.9200,12.9300,12.9400,29,78,89,171,224,418,133,39,105,120
SZ,002332,2017-01-03 10:05:27,12.8600,3,7716.0000,6,S,12.8600,12.8500,12.8400,12.8300,12.8200,12.8700,12.9100,12.9200,12.9300,12.9400,23,78,89,171,224,418,127,39,105,120
SZ,002332,2017-01-03 10:05:39,12.8700,1,1287.0000,1,B,12.8600,12.8500,12.8400,12.8300,12.8200,12.8700,12.9100,12.9200,12.9300,12.9400,27,78,89,171,224,417,127,39,105,120
SZ,002332,2017-01-03 10:05:45,12.8600,1,3858.0000,3,S,12.8600,12.8500,12.8400,12.8300,12.8200,12.8700,12.9100,12.9200,12.9300,12.9400,24,78,89,171,224,417,127,39,105,120
SZ,002332,2017-01-03 10:06:18,12.8700,2,9008.0000,7,B,12.8600,12.8500,12.8400,12.8300,12.8200,12.8700,12.9100,12.9200,12.9300,12.9400,79,82,89,145,224,411,127,39,105,120
SZ,002332,2017-01-03 10:06:30,12.8600,1,1286.0000,1,S,12.8600,12.8500,12.8400,12.8300,12.8200,12.8700,12.9100,12.9200,12.9300,12.9400,84,85,89,145,224,411,127,39,105,120
SZ,002332,2017-01-03 10:06:42,12.8700,1,15444.0000,12,B,12.8600,12.8500,12.8400,12.8300,12.8200,12.8700,12.9100,12.9200,12.9300,12.9400,84,85,89,145,224,399,127,39,105,120
SZ,002332,2017-01-03 10:06:51,12.8600,2,25720.0000,20,S,12.8600,12.8500,12.8400,12.8300,12.8200,12.8700,12.9100,12.9200,12.9300,12.9400,64,85,89,145,224,399,127,39,105,120
SZ,002332,2017-01-03 10:07:00,12.8600,2,11574.0000,9,S,12.8600,12.8500,12.8400,12.8300,12.8200,12.8700,12.9100,12.9200,12.9300,12.9400,55,85,89,145,224,399,127,39,105,120
SZ,002332,2017-01-03 10:07:03,12.8700,1,33462.0000,26,B,12.8600,12.8500,12.8400,12.8300,12.8200,12.8700,12.9100,12.9200,12.9300,12.9400,64,85,89,145,224,373,127,39,105,120
SZ,002332,2017-01-03 10:07:09,12.8700,3,27027.0000,21,B,12.8600,12.8500,12.8400,12.8300,12.8200,12.8700,12.9100,12.9200,12.9300,12.9400,64,85,89,145,224,357,127,39,90,120
SZ,002332,2017-01-03 10:07:12,12.8700,1,41184.0000,32,B,12.8600,12.8500,12.8400,12.8300,12.8200,12.8700,12.9100,12.9200,12.9300,12.9400,31,85,89,145,224,325,127,39,90,120
SZ,002332,2017-01-03 10:07:18,12.8700,3,23166.0000,18,B,12.8600,12.8500,12.8400,12.8300,12.8200,12.8700,12.9100,12.9200,12.9300,12.9400,103,85,129,145,224,307,127,39,90,120
SZ,002332,2017-01-03 10:08:00,12.8700,1,41184.0000,32,B,12.8600,12.8500,12.8400,12.8300,12.8200,12.8700,12.9100,12.9200,12.9300,12.9400,172,88,129,175,224,275,127,39,80,120
SZ,002332,2017-01-03 10:08:09,12.8700,1,64350.0000,50,B,12.8600,12.8500,12.8400,12.8300,12.8200,12.8700,12.9100,12.9200,12.9300,12.9400,172,88,129,175,224,225,127,39,80,120
SZ,002332,2017-01-03 10:08:18,12.8700,2,41184.0000,32,B,12.8600,12.8500,12.8400,12.8300,12.8200,12.8700,12.9100,12.9200,12.9300,12.9400,172,128,129,175,254,193,127,39,80,120
SZ,002332,2017-01-03 10:08:21,12.8600,2,32170.0000,25,S,12.8600,12.8500,12.8400,12.8300,12.8200,12.8700,12.9100,12.9200,12.9300,12.9400,167,128,129,175,254,173,127,39,80,120
SZ,002332,2017-01-03 10:08:24,12.8700,1,6435.0000,5,B,12.8600,12.8500,12.8400,12.8300,12.8200,12.8700,12.9000,12.9100,12.9200,12.9300,167,128,129,175,254,168,30,127,39,80
SZ,002332,2017-01-03 10:08:30,12.8700,1,12870.0000,10,B,12.8600,12.8500,12.8400,12.8300,12.8200,12.8700,12.9000,12.9100,12.9200,12.9300,167,128,129,165,254,158,30,127,39,90
SZ,002332,2017-01-03 10:08:33,12.8700,1,128700.0000,100,B,12.8600,12.8500,12.8400,12.8300,12.8200,12.8700,12.9000,12.9100,12.9200,12.9300,167,136,129,165,254,58,30,127,39,90
SZ,002332,2017-01-03 10:08:36,12.8700,1,1287.0000,1,B,12.8600,12.8500,12.8400,12.8300,12.8200,12.8700,12.9000,12.9100,12.9200,12.9300,187,136,129,165,254,57,30,127,39,90
SZ,002332,2017-01-03 10:08:39,12.8700,1,1287.0000,1,B,12.8600,12.8500,12.8400,12.8300,12.8200,12.8700,12.9000,12.9100,12.9200,12.9300,206,136,129,165,254,56,30,127,39,90
SZ,002332,2017-01-03 10:08:45,12.8700,1,42471.0000,33,B,12.8600,12.8500,12.8400,12.8300,12.8200,12.8700,12.9000,12.9100,12.9200,12.9300,206,136,129,165,254,23,30,127,39,90
SZ,002332,2017-01-03 10:08:51,12.8700,2,30425.0000,24,B,12.8700,12.8600,12.8500,12.8400,12.8300,12.9000,12.9100,12.9200,12.9300,12.9400,27,172,136,129,165,30,127,39,90,120
SZ,002332,2017-01-03 10:09:06,12.8700,1,3861.0000,3,S,12.8700,12.8600,12.8500,12.8400,12.8300,12.9000,12.9100,12.9200,12.9300,12.9400,52,101,136,129,165,30,127,39,90,120
SZ,002332,2017-01-03 10:09:18,12.9000,1,2580.0000,2,B,12.8700,12.8600,12.8500,12.8400,12.8300,12.9000,12.9100,12.9200,12.9300,12.9400,53,100,128,129,165,28,127,39,90,120
SZ,002332,2017-01-03 10:09:30,12.9100,6,85042.0000,66,B,12.8700,12.8600,12.8500,12.8400,12.8300,12.9100,12.9200,12.9300,12.9400,12.9500,29,100,128,129,165,123,39,90,120,135
SZ,002332,2017-01-03 10:10:09,12.9000,2,2580.0000,2,B,12.8800,12.8700,12.8600,12.8500,12.8400,12.9000,12.9100,12.9200,12.9300,12.9400,85,39,44,128,129,79,123,35,90,70
SZ,002332,2017-01-03 10:10:15,12.9000,3,41280.0000,32,B,12.8800,12.8700,12.8600,12.8500,12.8400,12.9000,12.9100,12.9200,12.9300,12.9400,85,38,44,128,129,47,123,35,90,70
SZ,002332,2017-01-03 10:10:18,12.8800,2,3868.0000,3,S,12.8800,12.8700,12.8600,12.8500,12.8400,12.9000,12.9100,12.9200,12.9300,12.9400,85,38,44,128,129,45,123,35,90,70
SZ,002332,2017-01-03 10:10:21,12.9000,1,1290.0000,1,B,12.8800,12.8700,12.8600,12.8500,12.8400,12.9000,12.9100,12.9200,12.9300,12.9400,85,38,44,128,129,44,123,35,90,70
SZ,002332,2017-01-03 10:10:27,12.9000,1,7740.0000,6,B,12.8800,12.8700,12.8600,12.8500,12.8400,12.9000,12.9100,12.9200,12.9300,12.9400,85,38,44,128,129,38,123,35,90,70
SZ,002332,2017-01-03 10:10:30,12.8800,1,1288.0000,1,S,12.8800,12.8700,12.8600,12.8500,12.8400,12.9000,12.9100,12.9200,12.9300,12.9400,84,38,44,144,129,38,143,35,90,70
SZ,002332,2017-01-03 10:10:48,12.9000,2,55470.0000,43,B,12.9000,12.8800,12.8700,12.8600,12.8500,12.9100,12.9200,12.9300,12.9400,12.9500,357,84,38,35,144,143,35,90,70,135
SZ,002332,2017-01-03 10:11:00,12.9100,2,41312.0000,32,B,12.9000,12.8800,12.8700,12.8600,12.8500,12.9100,12.9200,12.9300,12.9400,12.9500,413,28,38,35,144,111,35,90,70,135
SZ,002332,2017-01-03 10:11:06,12.9000,2,532770.0000,413,S,12.8800,12.8700,12.8600,12.8500,12.8400,12.9000,12.9100,12.9200,12.9300,12.9400,28,38,35,144,129,375,111,35,105,70
SZ,002332,2017-01-03 10:11:18,12.9000,1,2580.0000,2,B,12.8800,12.8700,12.8600,12.8500,12.8400,12.9000,12.9100,12.9200,12.9300,12.9400,28,38,70,144,129,373,121,35,105,70
SZ,002332,2017-01-03 10:11:21,12.9000,2,33540.0000,26,B,12.8800,12.8700,12.8600,12.8500,12.8400,12.9000,12.9100,12.9200,12.9300,12.9400,28,38,70,144,129,347,121,35,105,70
SZ,002332,2017-01-03 10:11:39,12.9000,1,1290.0000,1,B,12.8800,12.8700,12.8600,12.8500,12.8400,12.9000,12.9100,12.9200,12.9300,12.9400,33,38,130,144,129,346,121,35,105,70
SZ,002332,2017-01-03 10:12:06,12.9000,1,18060.0000,14,B,12.8800,12.8700,12.8600,12.8500,12.8400,12.9000,12.9100,12.9200,12.9300,12.9400,101,46,130,144,129,332,157,29,105,70
SZ,002332,2017-01-03 10:12:18,12.9000,1,2580.0000,2,B,12.8800,12.8700,12.8600,12.8500,12.8400,12.9000,12.9100,12.9200,12.9300,12.9400,101,46,124,152,129,330,157,29,105,70
SZ,002332,2017-01-03 10:12:36,12.8800,1,12880.0000,10,S,12.8800,12.8700,12.8600,12.8500,12.8400,12.9000,12.9100,12.9200,12.9300,12.9400,91,52,124,152,129,330,177,39,105,70
SZ,002332,2017-01-03 10:13:03,12.8800,1,16744.0000,13,S,12.8800,12.8700,12.8600,12.8500,12.8400,12.9000,12.9100,12.9200,12.9300,12.9400,88,52,124,152,129,330,177,39,106,70
SZ,002332,2017-01-03 10:13:06,12.9000,1,63210.0000,49,B,12.8800,12.8700,12.8600,12.8500,12.8400,12.9000,12.9100,12.9200,12.9300,12.9400,88,52,124,152,129,281,177,39,106,70
SZ,002332,2017-01-03 10:13:09,12.9000,1,1290.0000,1,B,12.8800,12.8700,12.8600,12.8500,12.8400,12.9000,12.9100,12.9200,12.9300,12.9400,88,102,124,152,129,280,177,39,106,70
SZ,002332,2017-01-03 10:13:18,12.9000,1,2580.0000,2,B,12.8900,12.8800,12.8700,12.8600,12.8500,12.9000,12.9100,12.9200,12.9300,12.9400,21,87,102,124,152,278,177,39,106,70
SZ,002332,2017-01-03 10:13:33,12.8900,1,1289.0000,1,S,12.8900,12.8800,12.8700,12.8600,12.8500,12.9000,12.9100,12.9200,12.9300,12.9400,20,87,102,89,152,278,180,39,106,70
SZ,002332,2017-01-03 10:14:03,12.9000,2,3870.0000,3,B,12.8900,12.8800,12.8700,12.8600,12.8500,12.9000,12.9100,12.9200,12.9300,12.9400,29,87,137,89,152,275,180,39,106,70
SZ,002332,2017-01-03 10:14:06,12.9000,1,6450.0000,5,B,12.8900,12.8800,12.8700,12.8600,12.8500,12.9000,12.9100,12.9200,12.9300,12.9400,29,87,137,89,152,270,180,39,106,70
SZ,002332,2017-01-03 10:14:09,12.9000,1,59340.0000,46,B,12.8900,12.8800,12.8700,12.8600,12.8500,12.9000,12.9100,12.9200,12.9300,12.9400,39,87,137,89,152,224,180,39,106,70
SZ,002332,2017-01-03 10:14:12,12.9000,1,1290.0000,1,B,12.8900,12.8800,12.8700,12.8600,12.8500,12.9000,12.9100,12.9200,12.9300,12.9400,89,87,137,89,152,223,180,39,106,70
SZ,002332,2017-01-03 10:14:18,12.8900,1,1289.0000,1,S,12.8900,12.8800,12.8700,12.8600,12.8500,12.9000,12.9100,12.9200,12.9300,12.9400,88,87,137,89,152,223,180,39,106,70
SZ,002332,2017-01-03 10:14:39,12.9000,1,1290.0000,1,B,12.8900,12.8800,12.8700,12.8600,12.8500,12.9000,12.9100,12.9200,12.9300,12.9400,88,87,137,89,152,224,180,39,96,70
SZ,002332,2017-01-03 10:14:48,12.9000,5,54140.0000,42,B,12.8900,12.8800,12.8700,12.8600,12.8500,12.9000,12.9100,12.9200,12.9300,12.9400,48,87,137,89,152,222,180,39,96,70
SZ,002332,2017-01-03 10:14:54,12.9000,1,55470.0000,43,B,12.8900,12.8800,12.8700,12.8600,12.8500,12.9000,12.9100,12.9200,12.9300,12.9400,48,87,137,89,152,179,180,39,96,70
SZ,002332,2017-01-03 10:15:06,12.9000,1,23220.0000,18,B,12.8900,12.8800,12.8700,12.8600,12.8500,12.9000,12.9100,12.9200,12.9300,12.9400,48,87,137,89,152,161,180,29,96,70
SZ,002332,2017-01-03 10:15:09,12.9000,2,30960.0000,24,B,12.8900,12.8800,12.8700,12.8600,12.8500,12.9000,12.9100,12.9200,12.9300,12.9400,48,87,137,89,152,137,180,29,96,70
SZ,002332,2017-01-03 10:15:15,12.9000,1,58050.0000,45,B,12.8900,12.8800,12.8700,12.8600,12.8500,12.9000,12.9100,12.9200,12.9300,12.9400,48,87,137,89,152,92,180,29,96,70
SZ,002332,2017-01-03 10:15:21,12.9000,1,39990.0000,31,B,12.8900,12.8800,12.8700,12.8600,12.8500,12.9000,12.9100,12.9200,12.9300,12.9400,48,87,137,89,152,61,180,29,96,70
SZ,002332,2017-01-03 10:16:06,12.8900,1,51560.0000,40,S,12.8900,12.8800,12.8700,12.8600,12.8500,12.9000,12.9100,12.9200,12.9300,12.9400,18,87,137,89,152,84,180,29,96,70
SZ,002332,2017-01-03 10:16:09,12.9000,1,1290.0000,1,B,12.8900,12.8800,12.8700,12.8600,12.8500,12.9000,12.9100,12.9200,12.9300,12.9400,18,87,137,89,152,83,180,29,96,70
SZ,002332,2017-01-03 10:16:21,12.9000,1,59340.0000,46,B,12.8900,12.8800,12.8700,12.8600,12.8500,12.9000,12.9100,12.9200,12.9300,12.9400,18,87,137,89,152,37,180,29,96,70
SZ,002332,2017-01-03 10:16:33,12.9000,2,2579.0000,2,B,12.8900,12.8800,12.8700,12.8600,12.8500,12.9000,12.9100,12.9200,12.9300,12.9400,17,87,137,89,152,36,180,29,96,70
SZ,002332,2017-01-03 10:16:36,12.9000,1,9030.0000,7,B,12.8900,12.8800,12.8700,12.8600,12.8500,12.9000,12.9100,12.9200,12.9300,12.9400,17,87,137,39,152,29,180,29,96,70
SZ,002332,2017-01-03 10:17:00,12.9000,4,20640.0000,16,B,12.8900,12.8800,12.8700,12.8600,12.8500,12.9000,12.9100,12.9200,12.9300,12.9400,17,87,137,39,152,13,180,29,96,70
SZ,002332,2017-01-03 10:17:15,12.9000,2,20640.0000,16,B,12.8900,12.8800,12.8700,12.8600,12.8500,12.9000,12.9100,12.9200,12.9300,12.9400,11,87,137,39,152,7,180,29,96,70
SZ,002332,2017-01-03 10:17:24,12.9100,3,59378.0000,46,B,12.8900,12.8800,12.8700,12.8600,12.8500,12.9100,12.9200,12.9300,12.9400,12.9500,11,87,137,39,142,141,29,86,70,135
SZ,002332,2017-01-03 10:17:30,12.9100,1,19365.0000,15,B,12.8900,12.8800,12.8700,12.8600,12.8500,12.9100,12.9200,12.9300,12.9400,12.9500,11,87,137,39,142,129,29,86,70,135
SZ,002332,2017-01-03 10:17:39,12.9000,1,1290.0000,1,B,12.8900,12.8800,12.8700,12.8600,12.8500,12.9000,12.9100,12.9200,12.9300,12.9400,11,87,137,39,142,5,129,29,86,70
SZ,002332,2017-01-03 10:17:57,12.9000,2,19350.0000,15,B,12.9000,12.8900,12.8800,12.8700,12.8600,12.9100,12.9200,12.9300,12.9400,12.9500,314,23,87,137,39,109,64,86,70,135
SZ,002332,2017-01-03 10:18:09,12.9000,1,3870.0000,3,S,12.9000,12.8900,12.8800,12.8700,12.8600,12.9100,12.9200,12.9300,12.9400,12.9500,311,34,87,137,39,109,64,116,70,135
SZ,002332,2017-01-03 10:18:12,12.9100,1,20656.0000,16,B,12.9000,12.8900,12.8800,12.8700,12.8600,12.9100,12.9200,12.9300,12.9400,12.9500,350,34,48,137,39,93,64,116,70,135
SZ,002332,2017-01-03 10:18:21,12.9000,1,1290.0000,1,S,12.9000,12.8900,12.8800,12.8700,12.8600,12.9100,12.9200,12.9300,12.9400,12.9500,349,34,48,137,39,93,64,116,70,135
SZ,002332,2017-01-03 10:18:27,12.9100,4,30984.0000,24,B,12.9000,12.8900,12.8800,12.8700,12.8600,12.9100,12.9200,12.9300,12.9400,12.9500,349,34,48,137,39,69,64,116,70,135
SZ,002332,2017-01-03 10:18:30,12.9000,1,3870.0000,3,S,12.9000,12.8900,12.8800,12.8700,12.8600,12.9100,12.9200,12.9300,12.9400,12.9500,346,34,48,137,39,69,64,116,70,135
SZ,002332,2017-01-03 10:18:36,12.9100,3,67132.0000,52,B,12.9000,12.8900,12.8800,12.8700,12.8600,12.9100,12.9200,12.9300,12.9400,12.9500,346,34,48,137,39,17,64,116,70,135
SZ,002332,2017-01-03 10:18:51,12.9100,3,19365.0000,15,B,12.9000,12.8900,12.8800,12.8700,12.8600,12.9100,12.9200,12.9300,12.9400,12.9500,346,34,48,137,39,2,64,116,83,135
SZ,002332,2017-01-03 10:19:09,12.9200,2,5165.0000,4,B,12.9100,12.9000,12.8900,12.8800,12.8700,12.9200,12.9300,12.9400,12.9500,12.9600,43,346,34,48,137,63,116,83,135,5
SZ,002332,2017-01-03 10:19:30,12.9100,3,38730.0000,30,S,12.9100,12.9000,12.8900,12.8800,12.8700,12.9200,12.9300,12.9400,12.9500,12.9600,13,39,34,48,137,63,116,83,111,5
SZ,002332,2017-01-03 10:19:33,12.9200,2,27132.0000,21,B,12.9100,12.9000,12.8900,12.8800,12.8700,12.9200,12.9300,12.9400,12.9500,12.9600,13,39,34,48,137,42,116,83,111,5
SZ,002332,2017-01-03 10:19:39,12.9100,1,16783.0000,13,S,12.9000,12.8900,12.8800,12.8700,12.8600,12.9100,12.9200,12.9300,12.9400,12.9500,48,34,48,137,19,11,42,116,83,111
SZ,002332,2017-01-03 10:19:45,12.9200,21,402245.0000,311,B,12.9400,12.9000,12.8900,12.8800,12.8700,12.9500,12.9600,12.9700,12.9800,12.9900,45,48,34,48,137,57,5,81,178,163
SZ,002332,2017-01-03 10:19:54,12.9400,1,38820.0000,30,S,12.9400,12.9000,12.8900,12.8800,12.8700,12.9500,12.9600,12.9700,12.9800,12.9900,15,48,34,48,137,57,5,81,178,163
SZ,002332,2017-01-03 10:20:00,12.9500,3,38832.0000,30,B,12.9000,12.8900,12.8800,12.8700,12.8600,12.9500,12.9600,12.9700,12.9800,12.9900,48,34,48,137,19,43,5,91,178,163
SZ,002332,2017-01-03 10:20:12,12.9500,4,62160.0000,48,B,12.9500,12.9000,12.8900,12.8800,12.8700,12.9600,12.9700,12.9800,12.9900,13.0000,52,48,34,48,137,5,91,178,163,157
SZ,002332,2017-01-03 10:20:15,12.9500,2,12950.0000,10,S,12.9500,12.9000,12.8900,12.8800,12.8700,12.9600,12.9700,12.9800,12.9900,13.0000,42,48,34,48,137,5,91,178,163,157
SZ,002332,2017-01-03 10:20:21,12.9600,2,7776.0000,6,B,12.9600,12.9500,12.9100,12.9000,12.8900,12.9700,12.9800,12.9900,13.0000,13.0100,10,42,2,48,34,91,178,163,159,40
SZ,002332,2017-01-03 10:20:24,12.9600,2,15552.0000,12,S,12.9500,12.9100,12.9000,12.8900,12.8800,12.9700,12.9800,12.9900,13.0000,13.0100,42,2,50,34,48,91,178,163,159,40
SZ,002332,2017-01-03 10:20:27,12.9700,10,133584.0000,103,B,12.9700,12.9600,12.9500,12.9100,12.9000,12.9800,12.9900,13.0000,13.0100,13.0200,54,44,42,2,11,178,163,159,40,23
SZ,002332,2017-01-03 10:20:33,12.9700,2,27237.0000,21,S,12.9700,12.9600,12.9500,12.9100,12.9000,12.9800,12.9900,13.0000,13.0100,13.0200,97,44,42,2,27,178,193,159,40,23
SZ,002332,2017-01-03 10:20:36,12.9700,3,53177.0000,41,S,12.9700,12.9600,12.9500,12.9100,12.9000,12.9800,12.9900,13.0000,13.0100,13.0200,56,44,42,2,27,178,193,159,40,23
SZ,002332,2017-01-03 10:20:39,12.9700,3,53178.0000,41,S,12.9700,12.9600,12.9500,12.9100,12.9000,12.9800,12.9900,13.0000,13.0100,13.0200,16,44,42,2,27,177,193,159,40,23
SZ,002332,2017-01-03 10:20:42,12.9700,1,20752.0000,16,S,12.9600,12.9500,12.9100,12.9000,12.8900,12.9700,12.9800,12.9900,13.0000,13.0100,44,42,2,27,58,34,177,193,159,40
SZ,002332,2017-01-03 10:20:45,12.9600,2,57024.0000,44,S,12.9600,12.9500,12.9100,12.9000,12.8900,12.9700,12.9800,12.9900,13.0000,13.0100,42,42,2,27,58,34,177,193,161,40
SZ,002332,2017-01-03 10:20:48,12.9500,3,106272.0000,82,S,12.9500,12.9100,12.9000,12.8900,12.8800,12.9700,12.9800,12.9900,13.0000,13.0100,22,2,27,58,48,27,177,193,161,40
SZ,002332,2017-01-03 10:21:00,12.9600,2,29786.0000,23,B,12.9100,12.9000,12.8900,12.8800,12.8700,12.9600,12.9700,12.9800,12.9900,13.0000,2,27,58,48,137,14,63,177,193,164
SZ,002332,2017-01-03 10:21:03,12.9600,3,20736.0000,16,B,12.9100,12.9000,12.8900,12.8800,12.8700,12.9700,12.9800,12.9900,13.0000,13.0100,2,27,58,48,137,63,182,193,164,40
SZ,002332,2017-01-03 10:21:21,12.9200,1,1292.0000,1,S,12.9200,12.9100,12.9000,12.8900,12.8800,12.9600,12.9700,12.9800,12.9900,13.0000,99,2,27,34,48,31,170,202,193,171
SZ,002332,2017-01-03 10:21:24,12.9100,3,130490.0000,101,S,12.9000,12.8900,12.8800,12.8700,12.8600,12.9100,12.9600,12.9700,12.9800,12.9900,27,34,48,137,19,699,31,180,202,193
SZ,002332,2017-01-03 10:21:27,12.9100,1,19365.0000,15,B,12.9000,12.8900,12.8800,12.8700,12.8600,12.9100,12.9600,12.9700,12.9800,12.9900,27,34,48,137,19,684,41,180,202,193
SZ,002332,2017-01-03 10:21:33,12.9100,1,3873.0000,3,B,12.9000,12.8900,12.8800,12.8700,12.8600,12.9100,12.9600,12.9700,12.9800,12.9900,27,34,48,137,13,681,41,185,202,193
SZ,002332,2017-01-03 10:21:42,12.9000,3,25800.0000,20,S,12.9000,12.8900,12.8800,12.8700,12.8600,12.9100,12.9600,12.9700,12.9800,12.9900,70,34,48,137,13,681,41,175,202,193
SZ,002332,2017-01-03 10:21:54,12.9000,2,38700.0000,30,S,12.9000,12.8900,12.8800,12.8700,12.8600,12.9100,12.9600,12.9700,12.9800,12.9900,40,34,48,137,13,681,41,161,202,193
SZ,002332,2017-01-03 10:22:06,12.9000,2,25800.0000,20,S,12.9000,12.8900,12.8800,12.8700,12.8600,12.9100,12.9600,12.9700,12.9800,12.9900,26,34,48,137,13,681,41,141,212,213
SZ,002332,2017-01-03 10:22:09,12.9100,1,1291.0000,1,B,12.9000,12.8900,12.8800,12.8700,12.8600,12.9100,12.9600,12.9700,12.9800,12.9900,121,34,60,137,13,680,41,141,212,213
SZ,002332,2017-01-03 10:22:15,12.9000,2,284000.0000,220,S,12.9000,12.8900,12.8800,12.8700,12.8600,12.9100,12.9200,12.9600,12.9700,12.9800,131,34,60,137,13,480,3,41,141,212
SZ,002332,2017-01-03 10:22:18,12.9100,1,25820.0000,20,B,12.9000,12.8900,12.8800,12.8700,12.8600,12.9100,12.9200,12.9600,12.9700,12.9800,185,34,60,137,13,460,3,41,141,212
SZ,002332,2017-01-03 10:22:21,12.9100,2,45185.0000,35,B,12.9000,12.8900,12.8800,12.8700,12.8600,12.9100,12.9200,12.9600,12.9700,12.9800,205,34,60,137,13,425,3,41,141,212
SZ,002332,2017-01-03 10:22:36,12.9000,5,258000.0000,200,S,12.9000,12.8900,12.8800,12.8700,12.8600,12.9100,12.9200,12.9600,12.9700,12.9800,4,38,60,137,13,425,3,41,911,312
SZ,002332,2017-01-03 10:22:42,12.9100,1,1291.0000,1,B,12.9000,12.8900,12.8800,12.8700,12.8600,12.9100,12.9200,12.9500,12.9600,12.9700,4,38,73,137,13,424,3,30,41,911
SZ,002332,2017-01-03 10:22:48,12.8900,6,38674.0000,30,S,12.8900,12.8800,12.8700,12.8600,12.8500,12.9100,12.9200,12.9500,12.9600,12.9700,32,73,137,99,72,424,3,30,51,892
SZ,002332,2017-01-03 10:23:18,12.9100,1,64550.0000,50,B,12.9000,12.8900,12.8800,12.8700,12.8600,12.9100,12.9200,12.9500,12.9600,12.9700,84,32,73,137,99,374,3,30,51,912
SZ,002332,2017-01-03 10:23:21,12.9000,3,64500.0000,50,S,12.9000,12.8900,12.8800,12.8700,12.8600,12.9100,12.9200,12.9500,12.9600,12.9700,34,32,73,137,99,374,3,30,45,912
SZ,002332,2017-01-03 10:23:36,12.9000,6,114860.0000,89,S,12.9000,12.8900,12.8800,12.8700,12.8600,12.9100,12.9200,12.9500,12.9600,12.9700,28,32,283,137,99,324,3,30,45,912
SZ,002332,2017-01-03 10:23:39,12.9000,2,27091.0000,21,S,12.9000,12.8900,12.8800,12.8700,12.8600,12.9100,12.9200,12.9500,12.9600,12.9700,8,32,283,137,99,323,3,30,45,912
SZ,002332,2017-01-03 10:23:48,12.9100,1,64550.0000,50,B,12.9000,12.8900,12.8800,12.8700,12.8600,12.9100,12.9500,12.9600,12.9700,12.9800,8,32,283,137,99,276,30,45,902,312
SZ,002332,2017-01-03 10:23:51,12.9100,1,12910.0000,10,B,12.9000,12.8900,12.8800,12.8700,12.8600,12.9100,12.9500,12.9600,12.9700,12.9800,8,32,283,137,99,266,30,45,902,312
SZ,002332,2017-01-03 10:24:03,12.9100,1,6455.0000,5,B,12.9000,12.8900,12.8800,12.8700,12.8600,12.9100,12.9500,12.9600,12.9700,12.9800,45,32,283,137,109,311,30,45,902,312
SZ,002332,2017-01-03 10:24:12,12.9100,1,64550.0000,50,B,12.9000,12.8900,12.8800,12.8700,12.8600,12.9100,12.9500,12.9600,12.9700,12.9800,45,32,283,137,119,261,30,45,902,312
SZ,002332,2017-01-03 10:24:24,12.9000,3,25800.0000,20,S,12.9000,12.8900,12.8800,12.8700,12.8600,12.9100,12.9500,12.9600,12.9700,12.9800,25,82,83,137,119,261,30,45,902,312
SZ,002332,2017-01-03 10:24:27,12.9000,1,30960.0000,24,S,12.9000,12.8900,12.8800,12.8700,12.8600,12.9100,12.9500,12.9600,12.9700,12.9800,1,82,83,137,119,261,30,45,902,312
SZ,002332,2017-01-03 10:24:42,12.9100,1,1291.0000,1,B,12.9000,12.8900,12.8800,12.8700,12.8600,12.9100,12.9500,12.9600,12.9700,12.9800,36,82,83,137,119,260,30,45,132,312
SZ,002332,2017-01-03 10:24:57,12.9000,2,25800.0000,20,S,12.9000,12.8900,12.8800,12.8700,12.8600,12.9100,12.9500,12.9600,12.9700,12.9800,16,82,83,137,119,260,41,75,132,312
SZ,002332,2017-01-03 10:25:00,12.9100,1,1291.0000,1,B,12.9000,12.8900,12.8800,12.8700,12.8600,12.9100,12.9500,12.9600,12.9700,12.9800,61,82,83,137,119,259,41,75,132,312
SZ,002332,2017-01-03 10:25:03,12.9100,1,1291.0000,1,B,12.9000,12.8900,12.8800,12.8700,12.8600,12.9100,12.9500,12.9600,12.9700,12.9800,61,87,83,137,119,258,41,75,132,312
SZ,002332,2017-01-03 10:25:09,12.9100,1,1291.0000,1,B,12.9000,12.8900,12.8800,12.8700,12.8600,12.9100,12.9500,12.9600,12.9700,12.9800,61,87,83,127,119,257,41,75,133,312
SZ,002332,2017-01-03 10:25:15,12.9000,2,38700.0000,30,S,12.9000,12.8900,12.8800,12.8700,12.8600,12.9100,12.9500,12.9600,12.9700,12.9800,31,87,83,127,119,257,41,75,133,312
SZ,002332,2017-01-03 10:25:18,12.9000,1,25800.0000,20,S,12.9000,12.8900,12.8800,12.8700,12.8600,12.9100,12.9500,12.9600,12.9700,12.9800,11,87,83,127,119,257,41,75,133,312
SZ,002332,2017-01-03 10:25:21,12.9000,2,14190.0000,11,S,12.9000,12.8900,12.8800,12.8700,12.8600,12.9100,12.9500,12.9600,12.9700,12.9800,23,87,83,127,119,257,41,75,133,312
SZ,002332,2017-01-03 10:25:54,12.9000,3,129000.0000,100,S,12.9000,12.8900,12.8800,12.8700,12.8600,12.9100,12.9500,12.9600,12.9700,12.9800,92,87,93,127,189,257,41,75,133,312
SZ,002332,2017-01-03 10:25:57,12.9000,2,64500.0000,50,S,12.9000,12.8900,12.8800,12.8700,12.8600,12.9100,12.9500,12.9600,12.9700,12.9800,42,87,93,127,189,257,41,75,133,312
SZ,002332,2017-01-03 10:26:00,12.9000,1,38700.0000,30,S,12.9000,12.8900,12.8800,12.8700,12.8600,12.9100,12.9500,12.9600,12.9700,12.9800,12,87,93,127,189,257,41,75,133,312
SZ,002332,2017-01-03 10:26:36,12.9000,1,1290.0000,1,S,12.9000,12.8900,12.8800,12.8700,12.8600,12.9100,12.9200,12.9500,12.9600,12.9700,49,87,83,127,189,257,6,41,75,133
SZ,002332,2017-01-03 10:26:39,12.9000,3,39991.0000,31,S,12.9000,12.8900,12.8800,12.8700,12.8600,12.9100,12.9200,12.9500,12.9600,12.9700,19,87,83,127,189,256,6,41,75,133
SZ,002332,2017-01-03 10:27:03,12.9000,3,103250.0000,80,S,12.9000,12.8900,12.8800,12.8700,12.8600,12.9100,12.9200,12.9500,12.9600,12.9700,183,95,80,119,189,206,6,41,75,133
SZ,002332,2017-01-03 10:27:06,12.9000,3,103200.0000,80,S,12.9000,12.8900,12.8800,12.8700,12.8600,12.9100,12.9200,12.9500,12.9600,12.9700,103,95,80,119,189,206,6,41,75,133
SZ,002332,2017-01-03 10:27:09,12.9000,2,64500.0000,50,S,12.9000,12.8900,12.8800,12.8700,12.8600,12.9100,12.9200,12.9500,12.9600,12.9700,53,95,80,119,189,206,6,41,75,133
SZ,002332,2017-01-03 10:27:12,12.9000,1,38700.0000,30,S,12.9000,12.8900,12.8800,12.8700,12.8600,12.9100,12.9200,12.9500,12.9600,12.9700,23,95,80,119,189,206,6,41,75,133
SZ,002332,2017-01-03 10:27:15,12.9100,1,3873.0000,3,B,12.9000,12.8900,12.8800,12.8700,12.8600,12.9100,12.9200,12.9500,12.9600,12.9700,23,95,80,119,189,203,6,41,75,133
SZ,002332,2017-01-03 10:27:18,12.9100,1,129100.0000,100,B,12.9000,12.8900,12.8800,12.8700,12.8600,12.9100,12.9200,12.9500,12.9600,12.9700,23,95,80,119,189,103,6,41,75,133
SZ,002332,2017-01-03 10:27:27,12.9000,2,64500.0000,50,S,12.8900,12.8800,12.8700,12.8600,12.8500,12.9100,12.9200,12.9500,12.9600,12.9700,95,80,119,189,77,103,6,41,75,133
SZ,002332,2017-01-03 10:27:30,12.9000,1,5160.0000,4,S,12.8900,12.8800,12.8700,12.8600,12.8500,12.9000,12.9100,12.9200,12.9500,12.9600,95,80,119,189,77,26,103,6,41,75
SZ,002332,2017-01-03 10:27:33,12.9000,2,33540.0000,26,B,12.9000,12.8900,12.8800,12.8700,12.8600,12.9100,12.9200,12.9500,12.9600,12.9700,32,95,80,119,189,103,6,41,75,133
SZ,002332,2017-01-03 10:28:09,12.9100,1,1291.0000,1,B,12.9000,12.8900,12.8800,12.8700,12.8600,12.9100,12.9200,12.9500,12.9600,12.9700,126,95,70,119,189,102,6,41,45,133
SZ,002332,2017-01-03 10:28:21,12.9000,5,77400.0000,60,S,12.9000,12.8900,12.8800,12.8700,12.8600,12.9100,12.9200,12.9500,12.9600,12.9700,66,95,70,119,189,102,6,41,45,133
SZ,002332,2017-01-03 10:28:39,12.9000,2,38700.0000,30,S,12.9000,12.8900,12.8800,12.8700,12.8600,12.9100,12.9200,12.9500,12.9600,12.9700,26,95,70,119,189,902,6,41,45,133
SZ,002332,2017-01-03 10:29:00,12.9000,1,12900.0000,10,S,12.9000,12.8900,12.8800,12.8700,12.8600,12.9100,12.9200,12.9500,12.9600,12.9700,16,95,80,119,189,905,3,42,45,133
SZ,002332,2017-01-03 10:29:12,12.9100,1,20656.0000,16,B,12.9000,12.8900,12.8800,12.8700,12.8600,12.9100,12.9200,12.9500,12.9600,12.9700,55,97,80,119,179,839,3,42,45,133
SZ,002332,2017-01-03 10:29:24,12.9000,1,1290.0000,1,S,12.9000,12.8900,12.8800,12.8700,12.8600,12.9100,12.9200,12.9500,12.9600,12.9700,73,97,80,119,179,839,3,42,45,133
SZ,002332,2017-01-03 10:29:39,12.9000,2,39991.0000,31,S,12.9000,12.8900,12.8800,12.8700,12.8600,12.9100,12.9200,12.9500,12.9600,12.9700,43,95,80,119,179,838,3,42,45,133
SZ,002332,2017-01-03 10:29:54,12.9000,3,55470.0000,43,S,12.8900,12.8800,12.8700,12.8600,12.8500,12.9000,12.9100,12.9200,12.9500,12.9600,104,80,119,179,52,7,838,3,42,45
SZ,002332,2017-01-03 10:30:00,12.9000,1,1290.0000,1,B,12.8900,12.8800,12.8700,12.8600,12.8500,12.9000,12.9100,12.9200,12.9500,12.9600,108,80,129,179,52,6,838,3,42,45
SZ,002332,2017-01-03 10:30:06,12.9000,1,3870.0000,3,B,12.8900,12.8800,12.8700,12.8600,12.8500,12.9000,12.9100,12.9200,12.9500,12.9600,108,80,129,179,52,3,838,3,42,45
SZ,002332,2017-01-03 10:30:12,12.9000,1,3870.0000,3,B,12.9000,12.8900,12.8800,12.8700,12.8600,12.9100,12.9200,12.9500,12.9600,12.9700,4,108,80,129,179,838,3,42,45,133
SZ,002332,2017-01-03 10:30:15,12.9100,1,2582.0000,2,B,12.9000,12.8900,12.8800,12.8700,12.8600,12.9100,12.9200,12.9500,12.9600,12.9700,14,108,80,129,179,836,3,42,45,133
SZ,002332,2017-01-03 10:30:36,12.9000,2,5160.0000,4,S,12.9000,12.8900,12.8800,12.8700,12.8600,12.9100,12.9200,12.9500,12.9600,12.9700,30,99,80,129,179,833,6,42,45,133
SZ,002332,2017-01-03 10:30:51,12.9100,1,11619.0000,9,B,12.9000,12.8900,12.8800,12.8700,12.8600,12.9100,12.9200,12.9500,12.9600,12.9700,127,100,80,129,179,824,6,42,45,133
SZ,002332,2017-01-03 10:30:54,12.9100,4,40021.0000,31,B,12.9000,12.8900,12.8800,12.8700,12.8600,12.9100,12.9200,12.9500,12.9600,12.9700,127,100,80,129,179,793,6,42,45,133
SZ,002332,2017-01-03 10:31:09,12.9100,1,1291.0000,1,B,12.9000,12.8900,12.8800,12.8700,12.8600,12.9100,12.9200,12.9500,12.9600,12.9700,127,111,80,129,179,792,6,42,45,133
SZ,002332,2017-01-03 10:31:15,12.9100,1,1291.0000,1,B,12.9000,12.8900,12.8800,12.8700,12.8600,12.9100,12.9200,12.9500,12.9600,12.9700,127,111,80,129,179,791,6,42,45,133
SZ,002332,2017-01-03 10:31:36,12.9100,1,1291.0000,1,B,12.9000,12.8900,12.8800,12.8700,12.8600,12.9100,12.9200,12.9500,12.9600,12.9700,127,111,80,129,179,790,6,42,45,133
SZ,002332,2017-01-03 10:31:54,12.9100,1,6455.0000,5,B,12.9000,12.8900,12.8800,12.8700,12.8600,12.9100,12.9200,12.9500,12.9600,12.9700,137,111,80,129,179,785,6,42,45,133
SZ,002332,2017-01-03 10:32:00,12.9100,1,1291.0000,1,B,12.9000,12.8900,12.8800,12.8700,12.8600,12.9100,12.9200,12.9500,12.9600,12.9700,157,111,80,129,179,784,6,42,45,133
SZ,002332,2017-01-03 10:32:27,12.9100,1,2582.0000,2,B,12.9000,12.8900,12.8800,12.8700,12.8600,12.9100,12.9200,12.9500,12.9600,12.9700,177,111,70,129,179,782,6,42,45,170
SZ,002332,2017-01-03 10:32:36,12.9000,2,16780.0000,13,S,12.9000,12.8900,12.8800,12.8700,12.8600,12.9100,12.9200,12.9500,12.9600,12.9700,174,111,70,129,179,772,6,42,45,170
SZ,002332,2017-01-03 10:32:39,12.9100,3,28401.0000,22,B,12.9000,12.8900,12.8800,12.8700,12.8600,12.9100,12.9200,12.9500,12.9600,12.9700,173,111,70,129,179,751,6,42,45,170
SZ,002332,2017-01-03 10:32:45,12.9100,1,25820.0000,20,B,12.9000,12.8900,12.8800,12.8700,12.8600,12.9100,12.9200,12.9500,12.9600,12.9700,173,111,70,129,179,731,6,42,45,170
SZ,002332,2017-01-03 10:32:51,12.9100,1,142010.0000,110,B,12.9000,12.8900,12.8800,12.8700,12.8600,12.9100,12.9200,12.9500,12.9600,12.9700,180,111,70,129,179,621,6,42,45,170
SZ,002332,2017-01-03 10:32:57,12.9100,4,63239.0000,49,B,12.9000,12.8900,12.8800,12.8700,12.8600,12.9100,12.9200,12.9500,12.9600,12.9700,170,111,70,129,179,592,6,42,45,170
SZ,002332,2017-01-03 10:33:09,12.9100,1,206560.0000,160,B,12.9000,12.8900,12.8800,12.8700,12.8600,12.9100,12.9200,12.9500,12.9600,12.9700,170,111,50,79,179,432,6,42,45,170
SZ,002332,2017-01-03 10:33:21,12.9000,2,14200.0000,11,S,12.9000,12.8900,12.8800,12.8700,12.8600,12.9100,12.9200,12.9500,12.9600,12.9700,169,111,50,89,93,422,6,42,45,170
SZ,002332,2017-01-03 10:33:24,12.9000,1,1290.0000,1,S,12.9000,12.8900,12.8800,12.8700,12.8600,12.9100,12.9200,12.9500,12.9600,12.9700,168,111,40,89,93,422,6,42,45,170
SZ,002332,2017-01-03 10:33:36,12.9000,1,1290.0000,1,S,12.9000,12.8900,12.8800,12.8700,12.8600,12.9100,12.9200,12.9500,12.9600,12.9700,167,111,40,89,103,422,6,42,95,170
SZ,002332,2017-01-03 10:33:39,12.9100,1,25820.0000,20,B,12.9000,12.8900,12.8800,12.8700,12.8600,12.9100,12.9200,12.9500,12.9600,12.9700,167,111,40,89,103,402,6,42,95,170
SZ,002332,2017-01-03 10:34:09,12.9100,1,1291.0000,1,B,12.9000,12.8900,12.8800,12.8700,12.8600,12.9100,12.9200,12.9500,12.9600,12.9700,192,111,40,89,103,401,6,42,95,170
SZ,002332,2017-01-03 10:34:12,12.9000,2,14190.0000,11,S,12.9000,12.8900,12.8800,12.8700,12.8600,12.9100,12.9200,12.9500,12.9600,12.9700,181,111,40,89,103,401,6,42,95,170
SZ,002332,2017-01-03 10:34:51,12.9000,2,11610.0000,9,S,12.9000,12.8900,12.8800,12.8700,12.8600,12.9100,12.9200,12.9500,12.9600,12.9700,184,111,36,96,103,404,6,42,95,170
SZ,002332,2017-01-03 10:34:54,12.9000,12,237360.0000,184,S,12.8900,12.8800,12.8700,12.8600,12.8500,12.9000,12.9100,12.9200,12.9500,12.9600,111,36,96,103,82,16,404,6,42,95
SZ,002332,2017-01-03 10:34:57,12.9000,1,12900.0000,10,B,12.8900,12.8800,12.8700,12.8600,12.8500,12.9000,12.9100,12.9200,12.9500,12.9600,111,36,96,103,82,6,404,6,42,95
SZ,002332,2017-01-03 10:35:06,12.9000,1,5160.0000,4,B,12.8900,12.8800,12.8700,12.8600,12.8500,12.9000,12.9100,12.9200,12.9500,12.9600,111,36,96,103,82,2,404,6,42,95
SZ,002332,2017-01-03 10:35:09,12.9000,1,2580.0000,2,B,12.9000,12.8900,12.8800,12.8700,12.8600,12.9100,12.9200,12.9500,12.9600,12.9700,90,111,36,96,103,404,6,42,95,170
SZ,002332,2017-01-03 10:35:12,12.9100,1,1291.0000,1,B,12.9000,12.8900,12.8800,12.8700,12.8600,12.9100,12.9200,12.9500,12.9600,12.9700,90,111,36,96,103,403,6,42,95,170
SZ,002332,2017-01-03 10:35:39,12.9100,1,1291.0000,1,B,12.9000,12.8900,12.8800,12.8700,12.8600,12.9100,12.9200,12.9500,12.9600,12.9700,101,111,36,96,103,402,6,42,95,170
SZ,002332,2017-01-03 10:36:00,12.9100,2,14201.0000,11,B,12.9000,12.8900,12.8800,12.8700,12.8600,12.9100,12.9200,12.9500,12.9600,12.9700,101,111,36,96,103,391,6,42,95,170
SZ,002332,2017-01-03 10:36:03,12.9100,1,1291.0000,1,B,12.9000,12.8900,12.8800,12.8700,12.8600,12.9100,12.9200,12.9500,12.9600,12.9700,101,111,36,96,103,390,6,42,95,170
SZ,002332,2017-01-03 10:36:39,12.9000,1,1290.0000,1,S,12.9000,12.8900,12.8800,12.8700,12.8600,12.9100,12.9200,12.9500,12.9600,12.9700,100,111,36,106,103,390,6,42,95,170
SZ,002332,2017-01-03 10:37:09,12.9100,1,1291.0000,1,B,12.9000,12.8900,12.8800,12.8700,12.8600,12.9100,12.9200,12.9500,12.9600,12.9700,100,111,36,106,103,409,6,44,95,170
SZ,002332,2017-01-03 10:37:24,12.9000,1,1290.0000,1,S,12.9000,12.8900,12.8800,12.8700,12.8600,12.9100,12.9200,12.9500,12.9600,12.9700,99,111,36,106,103,409,6,44,95,170
SZ,002332,2017-01-03 10:37:42,12.9000,1,6450.0000,5,S,12.9000,12.8900,12.8800,12.8700,12.8600,12.9100,12.9200,12.9500,12.9600,12.9700,94,111,36,106,103,409,6,44,95,170
SZ,002332,2017-01-03 10:38:39,12.9100,1,1291.0000,1,B,12.9000,12.8900,12.8800,12.8700,12.8600,12.9100,12.9200,12.9500,12.9600,12.9700,96,111,36,96,103,408,6,44,95,170
SZ,002332,2017-01-03 10:38:48,12.9000,1,9030.0000,7,S,12.9000,12.8900,12.8800,12.8700,12.8600,12.9100,12.9200,12.9500,12.9600,12.9700,99,111,24,96,103,411,6,44,95,170
SZ,002332,2017-01-03 10:38:54,12.9000,3,11610.0000,9,S,12.9000,12.8900,12.8800,12.8700,12.8600,12.9100,12.9200,12.9500,12.9600,12.9700,90,111,24,96,103,405,3,44,95,170
SZ,002332,2017-01-03 10:39:06,12.9100,1,18074.0000,14,B,12.9000,12.8900,12.8800,12.8700,12.8600,12.9100,12.9200,12.9500,12.9600,12.9700,95,111,24,108,103,391,3,44,95,170
SZ,002332,2017-01-03 10:39:09,12.9000,1,63210.0000,49,S,12.9000,12.8900,12.8800,12.8700,12.8600,12.9100,12.9200,12.9500,12.9600,12.9700,46,111,24,108,103,391,3,44,95,170
SZ,002332,2017-01-03 10:39:36,12.9000,1,6450.0000,5,S,12.9000,12.8900,12.8800,12.8700,12.8600,12.9100,12.9200,12.9500,12.9600,12.9700,41,112,24,108,103,391,3,44,95,170
SZ,002332,2017-01-03 10:39:39,12.9100,1,1291.0000,1,B,12.9000,12.8900,12.8800,12.8700,12.8600,12.9100,12.9200,12.9500,12.9600,12.9700,41,112,24,108,103,390,3,44,95,170
SZ,002332,2017-01-03 10:39:48,12.9000,1,6450.0000,5,S,12.9000,12.8900,12.8800,12.8700,12.8600,12.9100,12.9200,12.9500,12.9600,12.9700,36,112,24,108,103,390,3,44,95,170
SZ,002332,2017-01-03 10:40:03,12.9100,1,1291.0000,1,B,12.9000,12.8900,12.8800,12.8700,12.8600,12.9100,12.9200,12.9500,12.9600,12.9700,36,112,24,108,103,389,3,44,95,170
SZ,002332,2017-01-03 10:40:09,12.9100,1,1291.0000,1,B,12.9000,12.8900,12.8800,12.8700,12.8600,12.9100,12.9200,12.9500,12.9600,12.9700,36,112,24,108,103,388,3,44,95,170
SZ,002332,2017-01-03 10:40:12,12.9100,1,18074.0000,14,B,12.9000,12.8900,12.8800,12.8700,12.8600,12.9100,12.9200,12.9500,12.9600,12.9700,36,112,24,108,103,374,3,44,95,170
SZ,002332,2017-01-03 10:40:27,12.9000,1,1290.0000,1,S,12.9000,12.8900,12.8800,12.8700,12.8600,12.9100,12.9200,12.9500,12.9600,12.9700,35,112,24,108,103,378,3,44,95,170
SZ,002332,2017-01-03 10:40:39,12.9000,1,1290.0000,1,S,12.9000,12.8900,12.8800,12.8700,12.8600,12.9100,12.9200,12.9500,12.9600,12.9700,34,112,24,108,103,378,3,44,95,170
SZ,002332,2017-01-03 10:40:54,12.9000,3,18060.0000,14,S,12.9000,12.8900,12.8800,12.8700,12.8600,12.9100,12.9200,12.9500,12.9600,12.9700,20,112,24,108,103,378,3,44,95,170
SZ,002332,2017-01-03 10:41:06,12.9100,1,20656.0000,16,B,12.9000,12.8900,12.8800,12.8700,12.8600,12.9100,12.9200,12.9500,12.9600,12.9700,20,112,24,108,103,362,3,44,95,170
SZ,002332,2017-01-03 10:41:21,12.9100,1,20656.0000,16,B,12.9000,12.8900,12.8800,12.8700,12.8600,12.9100,12.9200,12.9500,12.9600,12.9700,40,112,24,108,103,342,3,44,95,170
SZ,002332,2017-01-03 10:41:30,12.9000,2,5160.0000,4,S,12.9000,12.8900,12.8800,12.8700,12.8600,12.9100,12.9200,12.9500,12.9600,12.9700,36,112,24,108,103,342,3,44,95,170
SZ,002332,2017-01-03 10:41:36,12.9100,1,1291.0000,1,B,12.9000,12.8900,12.8800,12.8700,12.8600,12.9100,12.9200,12.9500,12.9600,12.9700,36,112,24,108,103,341,3,44,95,170
SZ,002332,2017-01-03 10:41:39,12.9100,1,1291.0000,1,B,12.9000,12.8900,12.8800,12.8700,12.8600,12.9100,12.9200,12.9500,12.9600,12.9700,36,112,24,108,103,340,3,44,95,170
SZ,002332,2017-01-03 10:41:42,12.9100,1,3873.0000,3,B,12.9000,12.8900,12.8800,12.8700,12.8600,12.9100,12.9200,12.9500,12.9600,12.9700,36,112,24,108,103,337,3,44,95,170
SZ,002332,2017-01-03 10:41:51,12.9100,1,19365.0000,15,B,12.9000,12.8900,12.8800,12.8700,12.8600,12.9100,12.9200,12.9500,12.9600,12.9700,36,112,24,108,103,322,3,44,105,170
SZ,002332,2017-01-03 10:42:00,12.9100,1,1291.0000,1,B,12.9000,12.8900,12.8800,12.8700,12.8600,12.9100,12.9200,12.9500,12.9600,12.9700,36,112,24,108,103,321,3,44,105,170
SZ,002332,2017-01-03 10:42:06,12.9100,1,20656.0000,16,B,12.9000,12.8900,12.8800,12.8700,12.8600,12.9100,12.9200,12.9500,12.9600,12.9700,36,112,24,108,103,305,3,44,105,170
SZ,002332,2017-01-03 10:42:42,12.9100,1,20656.0000,16,B,12.9000,12.8900,12.8800,12.8700,12.8600,12.9100,12.9200,12.9500,12.9600,12.9700,39,112,34,98,103,289,3,44,105,170
SZ,002332,2017-01-03 10:42:54,12.9000,2,3870.0000,3,S,12.9000,12.8900,12.8800,12.8700,12.8600,12.9100,12.9200,12.9500,12.9600,12.9700,36,112,34,98,103,289,3,44,105,170
SZ,002332,2017-01-03 10:43:00,12.9100,1,1291.0000,1,B,12.9000,12.8900,12.8800,12.8700,12.8600,12.9100,12.9200,12.9500,12.9600,12.9700,36,112,34,98,103,288,3,44,105,170
SZ,002332,2017-01-03 10:43:09,12.9100,1,1291.0000,1,B,12.9000,12.8900,12.8800,12.8700,12.8600,12.9100,12.9200,12.9500,12.9600,12.9700,36,112,34,98,103,287,3,44,105,170
SZ,002332,2017-01-03 10:43:15,12.9100,1,19365.0000,15,B,12.9000,12.8900,12.8800,12.8700,12.8600,12.9100,12.9200,12.9500,12.9600,12.9700,36,112,34,98,103,272,3,44,105,170
SZ,002332,2017-01-03 10:43:36,12.9100,1,20656.0000,16,B,12.9000,12.8900,12.8800,12.8700,12.8600,12.9100,12.9200,12.9500,12.9600,12.9700,36,112,34,98,103,256,3,44,105,170
SZ,002332,2017-01-03 10:43:39,12.9000,1,1290.0000,1,S,12.9000,12.8900,12.8800,12.8700,12.8600,12.9100,12.9200,12.9500,12.9600,12.9700,35,112,34,98,103,256,3,44,105,170
SZ,002332,2017-01-03 10:43:54,12.9100,1,20656.0000,16,B,12.9000,12.8900,12.8800,12.8700,12.8600,12.9100,12.9200,12.9500,12.9600,12.9700,35,113,34,98,103,240,3,44,105,170
SZ,002332,2017-01-03 10:44:15,12.9100,2,20656.0000,16,B,12.9000,12.8900,12.8800,12.8700,12.8600,12.9100,12.9200,12.9500,12.9600,12.9700,36,113,34,98,103,224,3,44,105,170
SZ,002332,2017-01-03 10:44:18,12.9100,1,1291.0000,1,B,12.9000,12.8900,12.8800,12.8700,12.8600,12.9100,12.9200,12.9500,12.9600,12.9700,36,113,34,98,103,223,3,44,105,170
SZ,002332,2017-01-03 10:44:27,12.9000,1,1290.0000,1,S,12.9000,12.8900,12.8800,12.8700,12.8600,12.9100,12.9200,12.9500,12.9600,12.9700,35,113,34,98,103,223,3,44,105,170
SZ,002332,2017-01-03 10:44:39,12.9100,2,21947.0000,17,B,12.9000,12.8900,12.8800,12.8700,12.8600,12.9100,12.9200,12.9500,12.9600,12.9700,35,113,34,98,103,206,3,44,105,170
SZ,002332,2017-01-03 10:45:12,12.9100,1,20656.0000,16,B,12.9000,12.8900,12.8800,12.8700,12.8600,12.9100,12.9200,12.9500,12.9600,12.9700,35,113,34,98,103,190,3,44,105,170
SZ,002332,2017-01-03 10:45:24,12.9100,1,12910.0000,10,B,12.9000,12.8900,12.8800,12.8700,12.8600,12.9100,12.9200,12.9500,12.9600,12.9700,35,113,34,98,103,180,3,44,105,170
SZ,002332,2017-01-03 10:45:39,12.9100,1,19365.0000,15,B,12.9000,12.8900,12.8800,12.8700,12.8600,12.9100,12.9200,12.9500,12.9600,12.9700,35,113,34,98,103,165,3,44,105,170
SZ,002332,2017-01-03 10:45:42,12.9100,1,2582.0000,2,B,12.9000,12.8900,12.8800,12.8700,12.8600,12.9100,12.9200,12.9500,12.9600,12.9700,35,113,34,98,103,163,3,44,105,170
SZ,002332,2017-01-03 10:45:54,12.9000,2,10320.0000,8,S,12.9000,12.8900,12.8800,12.8700,12.8600,12.9100,12.9200,12.9500,12.9600,12.9700,27,113,34,100,103,163,3,44,105,170
SZ,002332,2017-01-03 10:46:09,12.9100,1,1291.0000,1,B,12.9000,12.8900,12.8800,12.8700,12.8600,12.9100,12.9200,12.9500,12.9600,12.9700,27,113,34,100,103,162,8,44,105,170
SZ,002332,2017-01-03 10:46:15,12.9100,1,2582.0000,2,B,12.9000,12.8900,12.8800,12.8700,12.8600,12.9100,12.9200,12.9500,12.9600,12.9700,27,113,34,100,103,160,8,44,105,170
SZ,002332,2017-01-03 10:46:33,12.9000,6,54180.0000,42,S,12.8900,12.8800,12.8700,12.8600,12.8500,12.9000,12.9100,12.9200,12.9500,12.9600,113,34,100,103,82,1,160,8,44,105
SZ,002332,2017-01-03 10:46:39,12.8900,1,1289.0000,1,S,12.8900,12.8800,12.8700,12.8600,12.8500,12.9000,12.9100,12.9200,12.9500,12.9600,112,34,100,103,82,1,160,8,44,105
SZ,002332,2017-01-03 10:47:00,12.9000,2,5157.0000,4,B,12.8900,12.8800,12.8700,12.8600,12.8500,12.9100,12.9200,12.9500,12.9600,12.9700,109,34,100,103,82,311,8,44,105,170
SZ,002332,2017-01-03 10:47:21,12.9100,1,1291.0000,1,B,12.9000,12.8900,12.8800,12.8700,12.8600,12.9100,12.9200,12.9500,12.9600,12.9700,13,109,34,100,103,310,18,44,105,170
SZ,002332,2017-01-03 10:47:39,12.9100,2,65841.0000,51,B,12.9000,12.8900,12.8800,12.8700,12.8600,12.9100,12.9200,12.9500,12.9600,12.9700,13,139,34,100,103,259,18,44,105,170
SZ,002332,2017-01-03 10:48:00,12.9100,1,69714.0000,54,B,12.9000,12.8900,12.8800,12.8700,12.8600,12.9100,12.9200,12.9500,12.9600,12.9700,13,139,34,100,103,205,18,44,105,170
SZ,002332,2017-01-03 10:48:27,12.9000,1,1290.0000,1,S,12.9000,12.8900,12.8800,12.8700,12.8600,12.9100,12.9200,12.9500,12.9600,12.9700,42,139,34,100,114,205,18,44,105,170
SZ,002332,2017-01-03 10:49:09,12.9100,1,1291.0000,1,B,12.9000,12.8900,12.8800,12.8700,12.8600,12.9100,12.9200,12.9500,12.9600,12.9700,42,139,34,100,114,204,18,44,105,170
SZ,002332,2017-01-03 10:49:15,12.9000,3,54180.0000,42,S,12.8900,12.8800,12.8700,12.8600,12.8500,12.9000,12.9100,12.9200,12.9500,12.9600,139,34,100,114,84,8,204,18,44,105
SZ,002332,2017-01-03 10:49:57,12.9000,1,9030.0000,7,B,12.8900,12.8800,12.8700,12.8600,12.8500,12.9000,12.9100,12.9200,12.9500,12.9600,139,34,93,114,52,1,204,18,44,105
SZ,002332,2017-01-03 10:50:00,12.8900,12,179171.0000,139,S,12.8800,12.8700,12.8600,12.8500,12.8400,12.8900,12.9000,12.9100,12.9200,12.9500,34,93,114,52,55,661,1,204,18,44
SZ,002332,2017-01-03 10:50:18,12.8900,1,6445.0000,5,B,12.8800,12.8700,12.8600,12.8500,12.8400,12.8900,12.9000,12.9100,12.9200,12.9500,34,93,114,52,55,656,1,204,18,44
SZ,002332,2017-01-03 10:50:39,12.8900,1,1289.0000,1,B,12.8800,12.8700,12.8600,12.8500,12.8400,12.8900,12.9000,12.9100,12.9200,12.9500,34,93,114,52,55,655,1,204,13,44
SZ,002332,2017-01-03 10:50:42,12.8800,1,1288.0000,1,S,12.8800,12.8700,12.8600,12.8500,12.8400,12.8900,12.9000,12.9100,12.9200,12.9500,33,93,114,52,55,655,1,204,13,44
SZ,002332,2017-01-03 10:51:12,12.8800,6,199770.0000,155,S,12.8800,12.8700,12.8600,12.8500,12.8400,12.8900,12.9000,12.9100,12.9200,12.9500,27,143,114,52,55,525,4,204,13,44
SZ,002332,2017-01-03 10:51:39,12.8800,1,5152.0000,4,S,12.8800,12.8700,12.8600,12.8500,12.8400,12.8900,12.9000,12.9100,12.9200,12.9500,23,143,104,52,55,525,4,204,13,144
SZ,002332,2017-01-03 10:51:45,12.8800,1,3864.0000,3,S,12.8800,12.8700,12.8600,12.8500,12.8400,12.8900,12.9000,12.9100,12.9200,12.9500,25,143,104,52,55,525,4,204,13,144
SZ,002332,2017-01-03 10:52:03,12.8900,1,2578.0000,2,B,12.8800,12.8700,12.8600,12.8500,12.8400,12.8900,12.9000,12.9100,12.9200,12.9500,49,143,104,52,55,523,4,204,13,144
SZ,002332,2017-01-03 10:52:09,12.8900,1,1289.0000,1,B,12.8800,12.8700,12.8600,12.8500,12.8400,12.8900,12.9000,12.9100,12.9200,12.9500,49,144,104,52,55,522,4,204,13,144
SZ,002332,2017-01-03 10:52:27,12.8800,1,1288.0000,1,S,12.8800,12.8700,12.8600,12.8500,12.8400,12.8900,12.9000,12.9100,12.9200,12.9500,52,144,104,52,55,522,4,204,13,144
SZ,002332,2017-01-03 10:52:30,12.8900,1,2578.0000,2,B,12.8800,12.8700,12.8600,12.8500,12.8400,12.8900,12.9000,12.9100,12.9200,12.9500,52,144,104,52,55,520,4,204,13,144
SZ,002332,2017-01-03 10:52:36,12.8900,1,2578.0000,2,B,12.8800,12.8700,12.8600,12.8500,12.8400,12.8900,12.9000,12.9100,12.9200,12.9500,52,144,104,52,55,518,4,204,13,144
SZ,002332,2017-01-03 10:52:45,12.8800,1,23184.0000,18,S,12.8800,12.8700,12.8600,12.8500,12.8400,12.8900,12.9000,12.9100,12.9200,12.9500,34,144,104,52,55,518,4,204,13,144
SZ,002332,2017-01-03 10:52:48,12.8900,1,6445.0000,5,B,12.8800,12.8700,12.8600,12.8500,12.8400,12.8900,12.9000,12.9100,12.9200,12.9500,34,144,104,52,55,513,4,204,13,144
SZ,002332,2017-01-03 10:53:09,12.8900,1,5156.0000,4,B,12.8800,12.8700,12.8600,12.8500,12.8400,12.8900,12.9000,12.9100,12.9200,12.9500,46,150,104,52,55,509,4,204,13,144
SZ,002332,2017-01-03 10:53:39,12.8900,1,1289.0000,1,B,12.8800,12.8700,12.8600,12.8500,12.8400,12.8900,12.9000,12.9100,12.9200,12.9500,46,150,104,52,55,508,4,204,13,144
SZ,002332,2017-01-03 10:53:42,12.8800,1,1288.0000,1,S,12.8800,12.8700,12.8600,12.8500,12.8400,12.8900,12.9000,12.9100,12.9200,12.9500,45,150,104,52,55,508,4,204,13,144
SZ,002332,2017-01-03 10:54:00,12.8900,1,1289.0000,1,B,12.8800,12.8700,12.8600,12.8500,12.8400,12.8900,12.9000,12.9100,12.9200,12.9500,45,150,104,52,55,507,4,204,13,144
SZ,002332,2017-01-03 10:55:09,12.8900,1,1289.0000,1,B,12.8800,12.8700,12.8600,12.8500,12.8400,12.8900,12.9000,12.9100,12.9200,12.9500,60,150,104,52,55,506,4,204,13,144
SZ,002332,2017-01-03 10:55:39,12.8800,3,14169.0000,11,S,12.8800,12.8700,12.8600,12.8500,12.8400,12.8900,12.9000,12.9100,12.9200,12.9500,52,150,104,52,55,508,4,204,13,144
SZ,002332,2017-01-03 10:55:48,12.8800,8,66976.0000,52,S,12.8700,12.8600,12.8500,12.8400,12.8300,12.8800,12.8900,12.9000,12.9100,12.9200,150,104,52,55,155,18,508,4,204,13
SZ,002332,2017-01-03 10:56:30,12.8700,1,1287.0000,1,S,12.8700,12.8600,12.8500,12.8400,12.8300,12.8800,12.8900,12.9000,12.9100,12.9200,149,104,52,65,155,18,508,4,204,13
SZ,002332,2017-01-03 10:56:39,12.8900,2,24473.0000,19,B,12.8800,12.8700,12.8600,12.8500,12.8400,12.8900,12.9000,12.9100,12.9200,12.9500,2,149,93,52,65,507,4,204,13,143
SZ,002332,2017-01-03 10:56:45,12.8800,2,2576.0000,2,S,12.8700,12.8600,12.8500,12.8400,12.8300,12.8800,12.8900,12.9000,12.9100,12.9200,149,83,52,65,155,2,507,1,204,13
SZ,002332,2017-01-03 10:57:06,12.8700,4,64350.0000,50,S,12.8700,12.8600,12.8500,12.8400,12.8300,12.8800,12.8900,12.9000,12.9100,12.9200,99,83,42,65,155,2,507,1,204,13
SZ,002332,2017-01-03 10:57:42,12.8800,1,2576.0000,2,B,12.8800,12.8700,12.8600,12.8500,12.8400,12.8900,12.9000,12.9100,12.9200,12.9500,43,99,83,42,65,507,1,204,13,143
SZ,002332,2017-01-03 10:58:00,12.8900,1,1289.0000,1,B,12.8800,12.8700,12.8600,12.8500,12.8400,12.8900,12.9000,12.9100,12.9200,12.9500,48,99,83,42,95,506,1,204,13,143
SZ,002332,2017-01-03 10:58:03,12.8900,1,1289.0000,1,B,12.8800,12.8700,12.8600,12.8500,12.8400,12.8900,12.9000,12.9100,12.9200,12.9500,48,99,83,42,95,505,1,204,13,143
SZ,002332,2017-01-03 10:58:06,12.8800,1,12880.0000,10,S,12.8800,12.8700,12.8600,12.8500,12.8400,12.8900,12.9000,12.9100,12.9200,12.9500,38,99,83,42,95,505,1,204,13,143
SZ,002332,2017-01-03 10:58:09,12.8900,1,1289.0000,1,B,12.8800,12.8700,12.8600,12.8500,12.8400,12.8900,12.9000,12.9100,12.9200,12.9500,38,99,83,42,95,504,1,204,13,143
SZ,002332,2017-01-03 10:58:45,12.8900,1,2578.0000,2,B,12.8800,12.8700,12.8600,12.8500,12.8400,12.8900,12.9000,12.9100,12.9200,12.9500,38,104,83,52,95,502,1,204,13,143
SZ,002332,2017-01-03 10:59:00,12.8900,1,24491.0000,19,B,12.8800,12.8700,12.8600,12.8500,12.8400,12.8900,12.9000,12.9100,12.9200,12.9500,38,104,83,52,95,483,1,204,13,143
SZ,002332,2017-01-03 10:59:12,12.8900,1,25780.0000,20,B,12.8800,12.8700,12.8600,12.8500,12.8400,12.8900,12.9000,12.9100,12.9200,12.9500,38,104,83,52,95,463,1,204,13,143
SZ,002332,2017-01-03 10:59:30,12.8800,1,1288.0000,1,S,12.8800,12.8700,12.8600,12.8500,12.8400,12.8900,12.9000,12.9100,12.9200,12.9500,37,104,83,52,95,463,4,204,13,143
SZ,002332,2017-01-03 10:59:33,12.8800,1,25760.0000,20,S,12.8800,12.8700,12.8600,12.8500,12.8400,12.8900,12.9000,12.9100,12.9200,12.9500,17,104,83,52,95,463,4,204,13,143
SZ,002332,2017-01-03 10:59:39,12.8900,1,1289.0000,1,B,12.8800,12.8700,12.8600,12.8500,12.8400,12.8900,12.9000,12.9100,12.9200,12.9500,17,104,83,52,95,462,4,204,13,143
SZ,002332,2017-01-03 11:00:15,12.8800,1,3864.0000,3,S,12.8800,12.8700,12.8600,12.8500,12.8400,12.8900,12.9000,12.9100,12.9200,12.9500,14,104,83,52,95,462,1,204,13,143
SZ,002332,2017-01-03 11:00:42,12.8800,1,1288.0000,1,S,12.8800,12.8700,12.8600,12.8500,12.8400,12.8900,12.9000,12.9100,12.9200,12.9500,13,124,83,52,95,462,1,204,13,143
SZ,002332,2017-01-03 11:01:09,12.8900,1,1289.0000,1,B,12.8800,12.8700,12.8600,12.8500,12.8400,12.8900,12.9000,12.9100,12.9200,12.9500,33,104,83,52,95,461,1,204,13,143
SZ,002332,2017-01-03 11:01:48,12.8900,1,11601.0000,9,B,12.8800,12.8700,12.8600,12.8500,12.8400,12.8900,12.9000,12.9100,12.9200,12.9500,38,104,83,52,95,452,1,204,13,143
SZ,002332,2017-01-03 11:02:06,12.8900,1,12890.0000,10,B,12.8800,12.8700,12.8600,12.8500,12.8400,12.8900,12.9000,12.9100,12.9200,12.9500,43,104,83,52,95,442,1,204,13,143
SZ,002332,2017-01-03 11:02:33,12.8800,7,59248.0000,46,S,12.8800,12.8700,12.8600,12.8500,12.8400,12.8900,12.9000,12.9100,12.9200,12.9500,12,104,83,72,95,442,1,204,13,143
SZ,002332,2017-01-03 11:02:39,12.8900,1,1289.0000,1,B,12.8800,12.8700,12.8600,12.8500,12.8400,12.8900,12.9000,12.9100,12.9200,12.9500,12,104,83,72,95,441,1,204,13,143
SZ,002332,2017-01-03 11:03:30,12.8800,1,1288.0000,1,S,12.8800,12.8700,12.8600,12.8500,12.8400,12.8900,12.9000,12.9100,12.9200,12.9500,11,94,83,72,95,441,1,204,13,143
SZ,002332,2017-01-03 11:03:42,12.8800,1,12880.0000,10,S,12.8800,12.8700,12.8600,12.8500,12.8400,12.8900,12.9000,12.9100,12.9200,12.9500,1,94,83,72,95,441,4,204,13,143
SZ,002332,2017-01-03 11:03:45,12.8800,1,1288.0000,1,S,12.8700,12.8600,12.8500,12.8400,12.8300,12.8900,12.9000,12.9100,12.9200,12.9500,94,83,72,95,186,441,4,204,13,143
SZ,002332,2017-01-03 11:04:09,12.8900,1,1289.0000,1,B,12.8700,12.8600,12.8500,12.8400,12.8300,12.8900,12.9000,12.9100,12.9200,12.9500,94,83,72,95,186,440,4,204,13,143
SZ,002332,2017-01-03 11:05:00,12.8900,1,1289.0000,1,B,12.8700,12.8600,12.8500,12.8400,12.8300,12.8900,12.9000,12.9100,12.9200,12.9500,103,83,72,95,186,439,4,204,13,143
SZ,002332,2017-01-03 11:05:12,12.8800,1,3864.0000,3,S,12.8800,12.8700,12.8600,12.8500,12.8400,12.8900,12.9000,12.9100,12.9200,12.9500,7,103,83,72,95,439,1,204,13,143
SZ,002332,2017-01-03 11:05:39,12.8900,1,1289.0000,1,B,12.8800,12.8700,12.8600,12.8500,12.8400,12.8900,12.9000,12.9100,12.9200,12.9500,12,113,83,72,95,438,1,204,13,143
SZ,002332,2017-01-03 11:06:09,12.8900,1,6445.0000,5,B,12.8800,12.8700,12.8600,12.8500,12.8400,12.8900,12.9000,12.9100,12.9200,12.9500,12,113,83,72,40,433,1,204,13,143
SZ,002332,2017-01-03 11:06:36,12.8800,1,6440.0000,5,S,12.8800,12.8700,12.8600,12.8500,12.8400,12.8900,12.9000,12.9100,12.9200,12.9500,17,113,83,72,40,433,3,204,13,141
SZ,002332,2017-01-03 11:06:45,12.8800,1,1288.0000,1,S,12.8800,12.8700,12.8600,12.8500,12.8400,12.8900,12.9000,12.9100,12.9200,12.9500,26,113,83,72,40,433,3,204,13,141
SZ,002332,2017-01-03 11:07:09,12.8900,1,1289.0000,1,B,12.8800,12.8700,12.8600,12.8500,12.8400,12.8900,12.9000,12.9100,12.9200,12.9500,26,113,83,72,40,455,3,204,13,141
SZ,002332,2017-01-03 11:07:15,12.8800,4,21896.0000,17,S,12.8800,12.8700,12.8600,12.8500,12.8400,12.8900,12.9000,12.9100,12.9200,12.9500,9,113,83,72,40,455,3,204,13,141
SZ,002332,2017-01-03 11:07:18,12.8800,1,11592.0000,9,S,12.8700,12.8600,12.8500,12.8400,12.8300,12.8900,12.9000,12.9100,12.9200,12.9500,113,83,72,40,186,455,3,204,13,141
SZ,002332,2017-01-03 11:07:30,12.8700,1,1287.0000,1,S,12.8700,12.8600,12.8500,12.8400,12.8300,12.8900,12.9000,12.9100,12.9200,12.9500,112,83,72,40,186,455,3,204,13,141
SZ,002332,2017-01-03 11:08:39,12.8800,1,1288.0000,1,B,12.8700,12.8600,12.8500,12.8400,12.8300,12.8800,12.8900,12.9000,12.9100,12.9200,112,83,72,79,186,45,455,6,209,13
SZ,002332,2017-01-03 11:08:42,12.8800,2,11588.0000,9,B,12.8700,12.8600,12.8500,12.8400,12.8300,12.8800,12.8900,12.9000,12.9100,12.9200,108,83,72,79,186,40,455,6,209,13
SZ,002332,2017-01-03 11:09:00,12.8800,1,1288.0000,1,B,12.8700,12.8600,12.8500,12.8400,12.8300,12.8800,12.8900,12.9000,12.9100,12.9200,118,83,72,79,186,39,455,6,209,13
SZ,002332,2017-01-03 11:09:03,12.8800,1,1288.0000,1,B,12.8700,12.8600,12.8500,12.8400,12.8300,12.8800,12.8900,12.9000,12.9100,12.9200,118,83,72,79,186,38,455,6,209,13
SZ,002332,2017-01-03 11:09:30,12.8700,10,128700.0000,100,S,12.8700,12.8600,12.8500,12.8400,12.8300,12.8800,12.8900,12.9000,12.9100,12.9200,18,83,72,79,186,43,455,6,209,13
SZ,002332,2017-01-03 11:09:39,12.8700,2,7722.0000,6,S,12.8700,12.8600,12.8500,12.8400,12.8300,12.8800,12.8900,12.9000,12.9100,12.9200,12,93,72,79,186,51,452,3,209,13
SZ,002332,2017-01-03 11:10:09,12.8800,1,1288.0000,1,B,12.8700,12.8600,12.8500,12.8400,12.8300,12.8800,12.8900,12.9000,12.9100,12.9200,80,143,72,79,186,70,429,3,209,13
SZ,002332,2017-01-03 11:10:33,12.8900,7,386607.0000,300,B,12.8700,12.8600,12.8500,12.8400,12.8300,12.8900,12.9000,12.9100,12.9200,12.9500,80,143,72,79,186,222,3,209,13,141
SZ,002332,2017-01-03 11:10:45,12.8700,1,1287.0000,1,S,12.8700,12.8600,12.8500,12.8400,12.8300,12.8900,12.9000,12.9100,12.9200,12.9500,92,143,72,79,186,222,3,209,13,141
SZ,002332,2017-01-03 11:10:57,12.8900,2,286158.0000,222,B,12.8900,12.8700,12.8600,12.8500,12.8400,12.9000,12.9100,12.9200,12.9500,12.9600,43,92,143,72,91,3,209,13,141,106
SZ,002332,2017-01-03 11:11:24,12.8900,3,225575.0000,175,S,12.8700,12.8600,12.8500,12.8400,12.8300,12.8900,12.9000,12.9100,12.9200,12.9500,92,143,72,91,186,176,3,209,13,141
SZ,002332,2017-01-03 11:11:30,12.8700,1,1287.0000,1,S,12.8700,12.8600,12.8500,12.8400,12.8300,12.8900,12.9000,12.9100,12.9200,12.9500,91,143,72,91,186,176,3,209,13,141
SZ,002332,2017-01-03 11:11:39,12.9000,3,228154.0000,177,B,12.8700,12.8600,12.8500,12.8400,12.8300,12.9000,12.9100,12.9200,12.9500,12.9600,91,143,72,91,186,2,209,13,141,106
SZ,002332,2017-01-03 11:12:00,12.8900,1,3867.0000,3,S,12.8900,12.8700,12.8600,12.8500,12.8400,12.9000,12.9100,12.9200,12.9500,12.9600,227,23,143,67,101,9,209,13,141,106
SZ,002332,2017-01-03 11:12:09,12.9000,1,1290.0000,1,B,12.8900,12.8700,12.8600,12.8500,12.8400,12.9000,12.9100,12.9200,12.9500,12.9600,227,23,143,67,101,8,209,13,141,106
SZ,002332,2017-01-03 11:12:33,12.9000,2,10320.0000,8,B,12.9000,12.8900,12.8700,12.8600,12.8500,12.9100,12.9200,12.9500,12.9600,12.9700,6,227,23,147,57,209,13,141,106,181
SZ,002332,2017-01-03 11:13:09,12.9100,1,1291.0000,1,B,12.9000,12.8900,12.8700,12.8600,12.8500,12.9100,12.9200,12.9500,12.9600,12.9700,6,227,23,147,57,208,13,141,106,181
SZ,002332,2017-01-03 11:13:48,12.9000,1,1290.0000,1,S,12.9000,12.8900,12.8700,12.8600,12.8500,12.9100,12.9200,12.9500,12.9600,12.9700,13,227,23,147,57,213,13,141,106,181
SZ,002332,2017-01-03 11:14:03,12.9000,3,25800.0000,20,S,12.9000,12.8900,12.8700,12.8600,12.8500,12.9100,12.9200,12.9500,12.9600,12.9700,13,232,23,147,57,213,13,141,106,181
SZ,002332,2017-01-03 11:14:39,12.9100,2,12901.0000,10,B,12.9000,12.8900,12.8700,12.8600,12.8500,12.9100,12.9200,12.9500,12.9600,12.9700,4,256,23,147,57,222,23,141,116,181
SZ,002332,2017-01-03 11:14:45,12.9100,1,24529.0000,19,B,12.9000,12.8900,12.8700,12.8600,12.8500,12.9100,12.9200,12.9500,12.9600,12.9700,4,256,33,147,57,203,23,141,116,181
SZ,002332,2017-01-03 11:15:33,12.9000,1,1290.0000,1,S,12.9000,12.8900,12.8700,12.8600,12.8500,12.9100,12.9200,12.9500,12.9600,12.9700,3,256,33,147,57,203,23,141,116,181
SZ,002332,2017-01-03 11:15:54,12.9000,1,2580.0000,2,S,12.9000,12.8900,12.8700,12.8600,12.8500,12.9100,12.9200,12.9400,12.9500,12.9600,1,256,33,147,57,203,23,16,141,116
SZ,002332,2017-01-03 11:16:00,12.9100,1,1291.0000,1,B,12.9000,12.8900,12.8700,12.8600,12.8500,12.9100,12.9200,12.9400,12.9500,12.9600,101,256,33,147,57,219,23,16,141,116
SZ,002332,2017-01-03 11:16:09,12.9100,1,1291.0000,1,B,12.9000,12.8900,12.8700,12.8600,12.8500,12.9100,12.9200,12.9400,12.9500,12.9600,101,256,33,147,57,218,26,16,141,116
SZ,002332,2017-01-03 11:16:18,12.9000,2,9030.0000,7,S,12.9000,12.8900,12.8700,12.8600,12.8500,12.9100,12.9200,12.9400,12.9500,12.9600,94,256,33,147,57,218,26,16,141,116
SZ,002332,2017-01-03 11:16:48,12.9000,1,1290.0000,1,S,12.9000,12.8900,12.8700,12.8600,12.8500,12.9100,12.9200,12.9400,12.9500,12.9600,93,256,33,147,60,218,26,31,141,116
SZ,002332,2017-01-03 11:17:42,12.9100,1,1291.0000,1,B,12.9000,12.8900,12.8700,12.8600,12.8500,12.9100,12.9200,12.9400,12.9500,12.9600,93,256,33,147,60,217,26,31,141,116
SZ,002332,2017-01-03 11:17:45,12.9000,1,54180.0000,42,S,12.9000,12.8900,12.8700,12.8600,12.8500,12.9100,12.9200,12.9400,12.9500,12.9600,51,256,33,147,60,217,26,31,141,116
SZ,002332,2017-01-03 11:19:09,12.9100,1,1291.0000,1,B,12.9000,12.8900,12.8700,12.8600,12.8500,12.9100,12.9200,12.9400,12.9500,12.9600,51,256,38,147,60,199,27,31,141,116
SZ,002332,2017-01-03 11:19:33,12.9000,1,1290.0000,1,S,12.9000,12.8900,12.8700,12.8600,12.8500,12.9100,12.9200,12.9400,12.9500,12.9600,50,256,38,147,60,199,27,31,141,116
SZ,002332,2017-01-03 11:19:54,12.9000,1,10320.0000,8,S,12.9000,12.8900,12.8700,12.8600,12.8500,12.9100,12.9200,12.9400,12.9500,12.9600,42,256,38,147,60,199,27,31,141,116
SZ,002332,2017-01-03 11:20:03,12.9100,2,2582.0000,2,B,12.9000,12.8900,12.8700,12.8600,12.8500,12.9100,12.9200,12.9400,12.9500,12.9600,42,256,38,147,60,197,27,31,141,116
SZ,002332,2017-01-03 11:20:24,12.9000,2,7740.0000,6,S,12.9000,12.8900,12.8700,12.8600,12.8500,12.9100,12.9200,12.9400,12.9500,12.9600,36,256,38,147,60,197,24,15,142,116
SZ,002332,2017-01-03 11:20:27,12.9000,1,20640.0000,16,S,12.9000,12.8900,12.8700,12.8600,12.8500,12.9100,12.9200,12.9400,12.9500,12.9600,20,256,38,147,60,197,24,15,142,116
SZ,002332,2017-01-03 11:20:39,12.9100,1,1291.0000,1,B,12.9000,12.8900,12.8700,12.8600,12.8500,12.9100,12.9200,12.9400,12.9500,12.9600,20,256,38,147,60,196,24,15,142,116
SZ,002332,2017-01-03 11:20:48,12.9000,1,1290.0000,1,S,12.9000,12.8900,12.8700,12.8600,12.8500,12.9100,12.9200,12.9400,12.9500,12.9600,19,256,38,147,60,196,24,15,142,116
SZ,002332,2017-01-03 11:21:12,12.9000,1,12900.0000,10,S,12.9000,12.8900,12.8700,12.8600,12.8500,12.9100,12.9200,12.9400,12.9500,12.9600,9,256,38,147,60,196,24,15,142,116
SZ,002332,2017-01-03 11:21:21,12.9000,1,11610.0000,9,S,12.8900,12.8700,12.8600,12.8500,12.8400,12.9000,12.9100,12.9200,12.9300,12.9400,256,38,147,60,91,1,196,24,7,15
SZ,002332,2017-01-03 11:22:09,12.9000,2,10313.0000,8,B,12.8900,12.8700,12.8600,12.8500,12.8400,12.9000,12.9100,12.9200,12.9300,12.9400,249,28,147,60,91,10,196,24,7,15
SZ,002332,2017-01-03 11:22:33,12.8900,1,1289.0000,1,S,12.8900,12.8700,12.8600,12.8500,12.8400,12.9000,12.9100,12.9200,12.9300,12.9400,248,28,144,60,91,10,196,24,7,15
SZ,002332,2017-01-03 11:22:42,12.9000,1,1290.0000,1,B,12.8900,12.8700,12.8600,12.8500,12.8400,12.9000,12.9100,12.9200,12.9300,12.9400,248,28,144,60,91,9,196,24,7,15
SZ,002332,2017-01-03 11:23:39,12.9000,1,1290.0000,1,B,12.8900,12.8700,12.8600,12.8500,12.8400,12.9000,12.9100,12.9200,12.9300,12.9400,248,28,144,60,91,8,196,24,7,15
SZ,002332,2017-01-03 11:23:42,12.9000,1,10320.0000,8,B,12.9000,12.8900,12.8700,12.8600,12.8500,12.9100,12.9200,12.9300,12.9400,12.9500,91,248,28,144,60,196,24,7,15,142
SZ,002332,2017-01-03 11:23:48,12.9000,1,1290.0000,1,S,12.9000,12.8900,12.8700,12.8600,12.8500,12.9100,12.9200,12.9300,12.9400,12.9500,90,248,28,144,60,196,24,7,15,142
SZ,002332,2017-01-03 11:24:24,12.9000,1,3870.0000,3,S,12.9000,12.8900,12.8700,12.8600,12.8500,12.9100,12.9200,12.9300,12.9400,12.9500,87,248,28,144,60,196,24,7,15,142
SZ,002332,2017-01-03 11:25:09,12.9100,1,1291.0000,1,B,12.9000,12.8900,12.8700,12.8600,12.8500,12.9100,12.9200,12.9300,12.9400,12.9500,87,248,28,144,60,195,44,7,35,142
SZ,002332,2017-01-03 11:25:48,12.9100,6,251745.0000,195,B,12.9100,12.9000,12.8900,12.8700,12.8600,12.9200,12.9300,12.9400,12.9500,12.9600,5,96,248,28,144,44,7,35,142,96
SZ,002332,2017-01-03 11:25:54,12.9100,1,3873.0000,3,S,12.9100,12.9000,12.8900,12.8700,12.8600,12.9200,12.9300,12.9400,12.9500,12.9600,2,87,248,28,144,44,7,35,142,96
SZ,002332,2017-01-03 11:26:09,12.9000,2,11612.0000,9,S,12.9000,12.8900,12.8700,12.8600,12.8500,12.9200,12.9300,12.9400,12.9500,12.9600,80,248,28,144,60,44,47,35,142,96
SZ,002332,2017-01-03 11:26:12,12.9100,1,2582.0000,2,B,12.9100,12.9000,12.8900,12.8700,12.8600,12.9200,12.9300,12.9400,12.9500,12.9600,7,80,248,28,144,44,47,35,142,96
SZ,002332,2017-01-03 11:26:36,12.9100,1,1291.0000,1,S,12.9100,12.9000,12.8900,12.8700,12.8600,12.9200,12.9300,12.9400,12.9500,12.9600,6,80,248,28,144,44,47,35,142,96
SZ,002332,2017-01-03 11:26:39,12.9200,1,1292.0000,1,B,12.9100,12.9000,12.8900,12.8700,12.8600,12.9200,12.9300,12.9400,12.9500,12.9600,6,80,248,28,144,43,47,35,142,96
SZ,002332,2017-01-03 11:26:48,12.9100,1,1291.0000,1,S,12.9100,12.9000,12.8900,12.8700,12.8600,12.9200,12.9300,12.9400,12.9500,12.9600,5,80,248,28,144,43,47,35,142,96
SZ,002332,2017-01-03 11:27:00,12.9200,1,1292.0000,1,B,12.9100,12.9000,12.8900,12.8700,12.8600,12.9200,12.9300,12.9400,12.9500,12.9600,5,80,248,28,144,42,47,35,142,96
SZ,002332,2017-01-03 11:27:33,12.9100,1,6455.0000,5,S,12.9000,12.8900,12.8700,12.8600,12.8500,12.9100,12.9200,12.9300,12.9400,12.9500,80,248,28,144,60,32,42,47,35,162
SZ,002332,2017-01-03 11:27:36,12.9200,3,54232.0000,42,B,12.9000,12.8900,12.8700,12.8600,12.8500,12.9200,12.9300,12.9400,12.9500,12.9600,80,248,28,144,60,32,47,35,162,96
SZ,002332,2017-01-03 11:28:09,12.9300,4,16797.0000,13,B,12.9200,12.9100,12.9000,12.8900,12.8700,12.9300,12.9400,12.9500,12.9600,12.9700,15,110,111,248,38,51,35,162,96,185
SZ,002332,2017-01-03 11:28:30,12.9200,1,19380.0000,15,S,12.9100,12.9000,12.8900,12.8700,12.8600,12.9200,12.9300,12.9400,12.9500,12.9600,110,111,248,38,144,5,51,15,165,96
SZ,002332,2017-01-03 11:29:03,12.9200,3,12920.0000,10,B,12.9200,12.9100,12.9000,12.8900,12.8700,12.9300,12.9400,12.9500,12.9600,12.9700,190,110,111,248,38,51,15,165,96,185
SZ,002332,2017-01-03 11:29:39,12.9300,1,1293.0000,1,B,12.9200,12.9100,12.9000,12.8900,12.8700,12.9300,12.9400,12.9500,12.9600,12.9700,271,110,80,248,38,50,62,165,96,185
SZ,002332,2017-01-03 11:30:00,12.9300,2,18102.0000,14,B,12.9200,12.9100,12.9000,12.8900,12.8700,12.9300,12.9400,12.9500,12.9600,12.9700,271,110,80,248,38,36,62,165,96,185
SZ,002332,2017-01-03 13:00:03,12.9200,8,310101.0000,240,S,12.9200,12.9100,12.9000,12.8900,12.8800,12.9300,12.9400,12.9500,12.9600,12.9700,52,110,83,248,167,93,62,170,66,183
SZ,002332,2017-01-03 13:00:06,12.9300,6,50413.0000,39,B,12.9200,12.9100,12.9000,12.8900,12.8800,12.9300,12.9400,12.9500,12.9600,12.9700,38,110,83,248,167,68,62,170,66,183
SZ,002332,2017-01-03 13:00:12,12.9300,2,51720.0000,40,B,12.9200,12.9100,12.9000,12.8900,12.8800,12.9300,12.9400,12.9500,12.9600,12.9700,38,110,83,248,167,28,62,170,66,183
SZ,002332,2017-01-03 13:01:12,12.9300,1,1293.0000,1,B,12.9200,12.9100,12.9000,12.8900,12.8800,12.9300,12.9400,12.9500,12.9600,12.9700,38,110,83,248,167,334,162,170,66,183
SZ,002332,2017-01-03 13:01:15,12.9300,2,64650.0000,50,B,12.9200,12.9100,12.9000,12.8900,12.8800,12.9300,12.9400,12.9500,12.9600,12.9700,38,110,83,248,167,284,162,170,66,183
SZ,002332,2017-01-03 13:01:30,12.9200,2,25840.0000,20,S,12.9200,12.9100,12.9000,12.8900,12.8800,12.9300,12.9400,12.9500,12.9600,12.9700,18,110,83,248,167,383,162,170,66,183
SZ,002332,2017-01-03 13:01:36,12.9200,1,1292.0000,1,S,12.9200,12.9100,12.9000,12.8900,12.8800,12.9300,12.9400,12.9500,12.9600,12.9700,17,110,84,248,167,383,162,170,66,183
SZ,002332,2017-01-03 13:01:51,12.9300,2,2585.0000,2,B,12.9200,12.9100,12.9000,12.8900,12.8800,12.9300,12.9400,12.9500,12.9600,12.9700,16,110,84,248,167,382,162,167,66,183
SZ,002332,2017-01-03 13:01:54,12.9200,3,21965.0000,17,S,12.9100,12.9000,12.8900,12.8800,12.8700,12.9200,12.9300,12.9400,12.9500,12.9600,110,84,248,167,30,83,381,162,167,66
SZ,002332,2017-01-03 13:02:15,12.9100,2,129100.0000,100,S,12.9100,12.9000,12.8900,12.8800,12.8700,12.9200,12.9300,12.9400,12.9500,12.9600,10,84,248,167,30,188,389,162,167,66
SZ,002332,2017-01-03 13:02:27,12.9100,1,12910.0000,10,S,12.9000,12.8900,12.8800,12.8700,12.8600,12.9100,12.9200,12.9300,12.9400,12.9500,84,248,167,43,144,10,188,389,162,167
SZ,002332,2017-01-03 13:02:42,12.9100,1,1291.0000,1,B,12.9000,12.8900,12.8800,12.8700,12.8600,12.9100,12.9200,12.9300,12.9400,12.9500,94,248,167,43,144,9,191,389,162,167
SZ,002332,2017-01-03 13:04:12,12.9100,1,1291.0000,1,B,12.9000,12.8900,12.8800,12.8700,12.8600,12.9100,12.9200,12.9300,12.9400,12.9500,95,248,157,43,144,69,191,381,162,167
SZ,002332,2017-01-03 13:04:21,12.9100,1,6455.0000,5,B,12.9000,12.8900,12.8800,12.8700,12.8600,12.9100,12.9200,12.9300,12.9400,12.9500,95,248,157,43,144,64,191,381,162,167
SZ,002332,2017-01-03 13:04:33,12.9100,3,24529.0000,19,B,12.9000,12.8900,12.8800,12.8700,12.8600,12.9100,12.9200,12.9300,12.9400,12.9500,95,248,157,43,144,90,191,381,162,167
SZ,002332,2017-01-03 13:04:51,12.9000,1,1290.0000,1,S,12.9000,12.8900,12.8800,12.8700,12.8600,12.9100,12.9200,12.9300,12.9400,12.9500,94,248,157,43,144,90,191,381,162,167
SZ,002332,2017-01-03 13:05:09,12.9100,6,116190.0000,90,B,12.9100,12.9000,12.8900,12.8800,12.8700,12.9200,12.9300,12.9400,12.9500,12.9600,10,94,248,157,43,191,381,162,175,60
SZ,002332,2017-01-03 13:05:30,12.9200,1,2584.0000,2,B,12.9100,12.9000,12.8900,12.8800,12.8700,12.9200,12.9300,12.9400,12.9500,12.9600,10,94,248,157,43,290,381,162,175,60
SZ,002332,2017-01-03 13:05:36,12.9100,1,1291.0000,1,S,12.9100,12.9000,12.8900,12.8800,12.8700,12.9200,12.9300,12.9400,12.9500,12.9600,9,94,248,157,43,290,381,162,175,60
SZ,002332,2017-01-03 13:05:42,12.9200,1,1292.0000,1,B,12.9100,12.9000,12.8900,12.8800,12.8700,12.9200,12.9300,12.9400,12.9500,12.9600,9,94,248,157,43,289,381,162,175,60
SZ,002332,2017-01-03 13:06:06,12.9100,1,11619.0000,9,S,12.9000,12.8900,12.8800,12.8700,12.8600,12.9100,12.9200,12.9300,12.9400,12.9500,99,243,157,43,144,24,289,382,162,175
SZ,002332,2017-01-03 13:06:09,12.9100,1,1291.0000,1,B,12.9000,12.8900,12.8800,12.8700,12.8600,12.9100,12.9200,12.9300,12.9400,12.9500,99,243,157,43,144,23,289,382,162,175
SZ,002332,2017-01-03 13:06:27,12.9000,2,7740.0000,6,S,12.9000,12.8900,12.8800,12.8700,12.8600,12.9100,12.9200,12.9300,12.9400,12.9500,93,243,157,43,134,104,283,382,162,175
SZ,002332,2017-01-03 13:06:48,12.9000,1,3870.0000,3,S,12.9000,12.8900,12.8800,12.8700,12.8600,12.9100,12.9200,12.9300,12.9400,12.9500,90,243,157,43,134,133,283,382,162,175
SZ,002332,2017-01-03 13:06:57,12.9000,1,28380.0000,22,S,12.9000,12.8900,12.8800,12.8700,12.8600,12.9100,12.9200,12.9300,12.9400,12.9500,68,243,157,43,134,133,283,382,162,175
SZ,002332,2017-01-03 13:07:12,12.9100,1,1291.0000,1,B,12.9000,12.8900,12.8800,12.8700,12.8600,12.9100,12.9200,12.9300,12.9400,12.9500,68,243,157,43,134,132,283,382,162,175
SZ,002332,2017-01-03 13:07:54,12.9000,1,1290.0000,1,S,12.9000,12.8900,12.8800,12.8700,12.8600,12.9100,12.9200,12.9300,12.9400,12.9500,67,243,157,43,134,227,283,382,162,175
SZ,002332,2017-01-03 13:08:00,12.9100,1,1291.0000,1,B,12.9000,12.8900,12.8800,12.8700,12.8600,12.9100,12.9200,12.9300,12.9400,12.9500,67,243,157,43,134,226,283,382,162,175
SZ,002332,2017-01-03 13:08:15,12.9100,1,6455.0000,5,B,12.9000,12.8900,12.8800,12.8700,12.8600,12.9100,12.9200,12.9300,12.9400,12.9500,67,243,157,79,134,221,283,382,162,175
SZ,002332,2017-01-03 13:08:42,12.9100,1,1291.0000,1,B,12.9000,12.8900,12.8800,12.8700,12.8600,12.9100,12.9200,12.9300,12.9400,12.9500,67,243,157,79,134,220,283,382,162,175
SZ,002332,2017-01-03 13:09:09,12.9100,1,3873.0000,3,B,12.9000,12.8900,12.8800,12.8700,12.8600,12.9100,12.9200,12.9300,12.9400,12.9500,67,243,157,79,134,279,287,382,162,175
SZ,002332,2017-01-03 13:09:15,12.9100,5,117481.0000,91,B,12.9000,12.8900,12.8800,12.8700,12.8600,12.9100,12.9200,12.9300,12.9400,12.9500,67,243,157,79,134,188,287,382,162,175
SZ,002332,2017-01-03 13:09:36,12.9000,1,1290.0000,1,S,12.9000,12.8900,12.8800,12.8700,12.8600,12.9100,12.9200,12.9300,12.9400,12.9500,66,243,157,79,134,213,287,382,162,175
SZ,002332,2017-01-03 13:09:42,12.9000,5,65790.0000,51,S,12.9000,12.8900,12.8800,12.8700,12.8600,12.9100,12.9200,12.9300,12.9400,12.9500,15,243,157,79,134,213,287,382,162,175
SZ,002332,2017-01-03 13:09:54,12.9000,3,19350.0000,15,S,12.8900,12.8800,12.8700,12.8600,12.8500,12.9000,12.9100,12.9200,12.9300,12.9400,243,157,79,134,60,35,230,287,382,162
SZ,002332,2017-01-03 13:10:12,12.9000,1,1290.0000,1,B,12.8900,12.8800,12.8700,12.8600,12.8500,12.9000,12.9100,12.9200,12.9300,12.9400,243,157,79,134,60,34,263,287,382,162
SZ,002332,2017-01-03 13:11:18,12.9000,1,38700.0000,30,B,12.8900,12.8800,12.8700,12.8600,12.8500,12.9000,12.9100,12.9200,12.9300,12.9400,243,157,84,134,60,37,266,287,382,162
SZ,002332,2017-01-03 13:11:30,12.9000,2,12900.0000,10,B,12.8900,12.8800,12.8700,12.8600,12.8500,12.9000,12.9100,12.9200,12.9300,12.9400,243,157,84,134,60,27,67,29,56,37
SZ,002332,2017-01-03 13:11:39,12.9000,1,25800.0000,20,B,12.8900,12.8800,12.8700,12.8600,12.8500,12.9000,12.9100,12.9200,12.9300,12.9400,243,157,84,134,60,69,67,29,56,37
SZ,002332,2017-01-03 13:11:42,12.9000,1,1290.0000,1,B,12.8900,12.8800,12.8700,12.8600,12.8500,12.9000,12.9100,12.9200,12.9300,12.9400,243,157,84,134,60,68,183,29,56,37
SZ,002332,2017-01-03 13:11:54,12.8900,1,1289.0000,1,S,12.8900,12.8800,12.8700,12.8600,12.8500,12.9000,12.9100,12.9200,12.9300,12.9400,242,157,84,134,60,68,183,128,56,37
SZ,002332,2017-01-03 13:12:00,12.9000,1,1290.0000,1,B,12.8900,12.8800,12.8700,12.8600,12.8500,12.9000,12.9100,12.9200,12.9300,12.9400,242,157,84,134,60,150,183,128,56,37
SZ,002332,2017-01-03 13:12:03,12.9000,3,14190.0000,11,B,12.8900,12.8800,12.8700,12.8600,12.8500,12.9000,12.9100,12.9200,12.9300,12.9400,242,157,84,134,60,139,183,128,56,37
SZ,002332,2017-01-03 13:12:21,12.8900,4,281002.0000,218,S,12.8800,12.8700,12.8600,12.8500,12.8400,12.8900,12.9000,12.9100,12.9200,12.9300,157,84,134,60,61,49,139,183,128,56
SZ,002332,2017-01-03 13:12:24,12.8900,1,15468.0000,12,B,12.8800,12.8700,12.8600,12.8500,12.8400,12.8900,12.9000,12.9100,12.9200,12.9300,157,84,134,60,61,37,139,183,128,56
SZ,002332,2017-01-03 13:12:39,12.8900,6,239752.0000,186,B,12.8800,12.8700,12.8600,12.8500,12.8400,12.8900,12.9000,12.9100,12.9200,12.9300,159,84,134,60,61,5,139,183,128,56
SZ,002332,2017-01-03 13:12:48,12.8900,1,6446.0000,5,B,12.8900,12.8800,12.8700,12.8600,12.8500,12.9000,12.9100,12.9200,12.9300,12.9400,15,159,84,134,60,139,183,128,56,37
SZ,002332,2017-01-03 13:13:12,12.9000,1,1290.0000,1,B,12.8900,12.8800,12.8700,12.8600,12.8500,12.9000,12.9100,12.9200,12.9300,12.9400,95,159,84,134,65,138,183,128,61,37
SZ,002332,2017-01-03 13:13:21,12.8900,2,122456.0000,95,S,12.8800,12.8700,12.8600,12.8500,12.8400,12.8900,12.9000,12.9100,12.9200,12.9300,159,84,134,65,61,5,138,183,128,61
SZ,002332,2017-01-03 13:14:00,12.8900,1,6444.0000,5,B,12.8900,12.8800,12.8700,12.8600,12.8500,12.9000,12.9100,12.9200,12.9300,12.9400,127,159,84,134,65,237,183,128,61,37
SZ,002332,2017-01-03 13:14:30,12.8900,1,36092.0000,28,S,12.8900,12.8800,12.8700,12.8600,12.8500,12.9000,12.9100,12.9200,12.9300,12.9400,99,159,84,134,65,237,183,128,61,37
SZ,002332,2017-01-03 13:14:42,12.9000,1,1290.0000,1,B,12.8900,12.8800,12.8700,12.8600,12.8500,12.9000,12.9100,12.9200,12.9300,12.9400,99,159,84,134,65,311,183,128,61,37
SZ,002332,2017-01-03 13:14:54,12.8900,2,10318.0000,8,S,12.8900,12.8800,12.8700,12.8600,12.8500,12.9000,12.9100,12.9200,12.9300,12.9400,98,159,84,134,65,304,183,128,61,37
SZ,002332,2017-01-03 13:15:12,12.8900,1,2580.0000,2,S,12.8900,12.8800,12.8700,12.8600,12.8500,12.9000,12.9100,12.9200,12.9300,12.9400,96,159,84,134,65,304,183,128,61,37
SZ,002332,2017-01-03 13:15:21,12.8900,1,58004.0000,45,S,12.8900,12.8800,12.8700,12.8600,12.8500,12.9000,12.9100,12.9200,12.9300,12.9400,51,159,84,134,75,307,183,128,61,37
SZ,002332,2017-01-03 13:16:12,12.9000,1,1290.0000,1,B,12.8900,12.8800,12.8700,12.8600,12.8500,12.9000,12.9100,12.9200,12.9300,12.9400,238,159,84,134,77,306,183,128,61,37
SZ,002332,2017-01-03 13:16:39,12.8900,1,1290.0000,1,S,12.8900,12.8800,12.8700,12.8600,12.8500,12.9000,12.9100,12.9200,12.9300,12.9400,279,159,84,134,77,306,183,132,61,37
SZ,002332,2017-01-03 13:16:48,12.9000,1,10320.0000,8,B,12.8900,12.8800,12.8700,12.8600,12.8500,12.9000,12.9100,12.9200,12.9300,12.9400,279,159,84,134,77,347,183,132,61,37
SZ,002332,2017-01-03 13:17:30,12.9000,2,67080.0000,52,B,12.8900,12.8800,12.8700,12.8600,12.8500,12.9000,12.9100,12.9200,12.9300,12.9400,300,159,84,134,77,295,183,132,61,37
SZ,002332,2017-01-03 13:17:42,12.9000,2,12900.0000,10,B,12.8900,12.8800,12.8700,12.8600,12.8500,12.9000,12.9100,12.9200,12.9300,12.9400,330,159,84,134,77,385,183,132,61,37
SZ,002332,2017-01-03 13:17:51,12.8900,1,2576.0000,2,S,12.8900,12.8800,12.8700,12.8600,12.8500,12.9000,12.9100,12.9200,12.9300,12.9400,316,159,84,134,77,385,183,132,61,37
SZ,002332,2017-01-03 13:17:57,12.9000,2,2580.0000,2,B,12.8900,12.8800,12.8700,12.8600,12.8500,12.9000,12.9100,12.9200,12.9300,12.9400,315,159,84,134,77,384,183,132,61,37
SZ,002332,2017-01-03 13:18:06,12.9000,1,15480.0000,12,B,12.8900,12.8800,12.8700,12.8600,12.8500,12.9000,12.9100,12.9200,12.9300,12.9400,315,159,84,134,77,372,183,132,61,37
SZ,002332,2017-01-03 13:18:54,12.8900,1,14180.0000,11,S,12.8900,12.8800,12.8700,12.8600,12.8500,12.9000,12.9100,12.9200,12.9300,12.9400,274,172,84,134,77,460,150,132,61,37
