市场代码,证券代码,时间,最新价,成交笔数,成交额,成交量,方向,买一价,买二价,买三价,买四价,买五价,卖一价,卖二价,卖三价,卖四价,卖五价,买一量,买二量,买三量,买四量,买五量,卖一量,卖二量,卖三量,卖四量,卖五量
SZ,002376,2017-01-03 09:25:03,12.3300,16,178785.0000,145,S,12.3300,12.3200,12.3100,12.3000,12.2800,12.3500,12.4000,12.4100,12.4200,12.4400,148,76,167,232,10,40,122,1,8,74
SZ,002376,2017-01-03 09:30:00,12.3500,1,49400.0000,40,B,12.3600,12.3300,12.3200,12.3100,12.3000,12.4000,12.4100,12.4200,12.4400,12.4500,17,148,76,167,232,122,1,8,74,71
SZ,002376,2017-01-03 09:30:03,12.3500,23,522503.0000,423,S,12.3500,12.3400,12.3300,12.3200,12.3100,12.3900,12.4000,12.4100,12.4200,12.4300,159,6,30,266,167,3,3,1,8,82
SZ,002376,2017-01-03 09:30:09,12.3500,1,37050.0000,30,S,12.3500,12.3400,12.3300,12.3200,12.3100,12.3900,12.4000,12.4100,12.4200,12.4300,129,6,30,266,227,13,3,1,8,84
SZ,002376,2017-01-03 09:30:24,12.3900,2,7434.0000,6,B,12.3500,12.3400,12.3300,12.3200,12.3100,12.3900,12.4000,12.4200,12.4300,12.4400,194,6,60,266,227,7,3,28,119,74
SZ,002376,2017-01-03 09:30:27,12.3500,1,30875.0000,25,S,12.3600,12.3500,12.3400,12.3300,12.3200,12.3900,12.4000,12.4200,12.4300,12.4400,5,145,6,60,266,7,3,28,119,74
SZ,002376,2017-01-03 09:30:36,12.3600,1,2472.0000,2,S,12.3600,12.3500,12.3400,12.3300,12.3200,12.3900,12.4000,12.4100,12.4200,12.4300,68,168,6,73,266,7,8,26,30,119
SZ,002376,2017-01-03 09:30:42,12.3600,3,32136.0000,26,S,12.3600,12.3500,12.3400,12.3300,12.3200,12.3900,12.4000,12.4100,12.4200,12.4300,78,165,6,83,249,7,8,26,30,119
SZ,002376,2017-01-03 09:30:54,12.4000,3,14873.0000,12,B,12.3700,12.3600,12.3500,12.3400,12.3300,12.4000,12.4100,12.4200,12.4300,12.4400,8,93,169,6,83,3,26,185,119,74
SZ,002376,2017-01-03 09:31:06,12.3800,1,6190.0000,5,B,12.3700,12.3600,12.3500,12.3400,12.3300,12.3800,12.3900,12.4000,12.4100,12.4200,96,57,159,6,83,4,15,13,56,185
SZ,002376,2017-01-03 09:31:09,12.3700,2,29688.0000,24,S,12.3700,12.3600,12.3500,12.3400,12.3300,12.3800,12.3900,12.4000,12.4100,12.4200,101,57,174,6,83,4,15,13,56,185
SZ,002376,2017-01-03 09:31:12,12.3800,1,4952.0000,4,B,12.3800,12.3700,12.3600,12.3500,12.3400,12.3900,12.4000,12.4100,12.4200,12.4300,23,105,58,174,6,15,13,156,185,120
SZ,002376,2017-01-03 09:31:15,12.4100,7,124047.0000,100,B,12.3800,12.3700,12.3600,12.3500,12.3400,12.4100,12.4200,12.4300,12.4400,12.4500,23,105,57,174,6,94,185,120,74,73
SZ,002376,2017-01-03 09:31:18,12.3900,1,1239.0000,1,S,12.3900,12.3800,12.3700,12.3600,12.3500,12.4000,12.4100,12.4200,12.4300,12.4400,45,25,125,57,174,20,94,215,120,74
SZ,002376,2017-01-03 09:31:27,12.4000,1,6200.0000,5,B,12.3900,12.3800,12.3700,12.3600,12.3500,12.4000,12.4100,12.4200,12.4300,12.4400,267,62,125,57,169,41,102,195,120,74
SZ,002376,2017-01-03 09:31:30,12.4000,1,2480.0000,2,B,12.3900,12.3800,12.3700,12.3600,12.3500,12.4000,12.4100,12.4200,12.4300,12.4400,267,63,125,57,160,39,102,195,120,74
SZ,002376,2017-01-03 09:31:33,12.4000,1,6200.0000,5,B,12.3900,12.3800,12.3700,12.3600,12.3500,12.4000,12.4100,12.4200,12.4300,12.4400,267,63,125,57,162,34,302,195,120,74
SZ,002376,2017-01-03 09:31:39,12.3900,7,162309.0000,131,S,12.3900,12.3800,12.3700,12.3600,12.3500,12.4000,12.4100,12.4200,12.4300,12.4400,140,43,125,57,162,39,302,195,120,74
SZ,002376,2017-01-03 09:31:42,12.4000,7,89280.0000,72,B,12.4000,12.3900,12.3800,12.3700,12.3600,12.4100,12.4200,12.4300,12.4400,12.4500,39,140,43,125,57,302,195,120,74,73
SZ,002376,2017-01-03 09:31:48,12.4000,4,73160.0000,59,S,12.3900,12.3800,12.3700,12.3600,12.3500,12.4000,12.4100,12.4200,12.4300,12.4400,160,59,105,57,162,146,302,193,120,74
SZ,002376,2017-01-03 09:31:57,12.4000,2,35941.0000,29,B,12.3900,12.3800,12.3700,12.3600,12.3500,12.4000,12.4100,12.4200,12.4300,12.4400,141,59,105,57,162,303,302,193,120,74
SZ,002376,2017-01-03 09:32:00,12.3900,3,27268.0000,22,S,12.3900,12.3800,12.3700,12.3600,12.3500,12.4000,12.4100,12.4200,12.4300,12.4400,129,59,105,57,162,293,302,193,120,74
SZ,002376,2017-01-03 09:32:03,12.3900,2,105315.0000,85,S,12.3900,12.3800,12.3700,12.3600,12.3500,12.4000,12.4100,12.4200,12.4300,12.4400,44,59,105,77,162,293,302,193,120,74
SZ,002376,2017-01-03 09:32:09,12.3900,3,54516.0000,44,S,12.3800,12.3700,12.3600,12.3500,12.3400,12.3900,12.4000,12.4100,12.4200,12.4300,59,105,77,162,5,56,301,302,193,125
SZ,002376,2017-01-03 09:32:15,12.3900,2,23531.0000,19,B,12.3800,12.3700,12.3600,12.3500,12.3400,12.3900,12.4000,12.4100,12.4200,12.4300,49,105,77,162,5,58,301,302,193,125
SZ,002376,2017-01-03 09:32:18,12.3800,1,1238.0000,1,S,12.3800,12.3700,12.3600,12.3500,12.3400,12.3900,12.4000,12.4100,12.4200,12.4300,48,105,77,162,5,58,301,302,193,125
SZ,002376,2017-01-03 09:32:21,12.3800,2,13618.0000,11,S,12.3800,12.3700,12.3600,12.3500,12.3400,12.3900,12.4000,12.4100,12.4200,12.4300,37,105,77,162,5,87,301,302,193,125
SZ,002376,2017-01-03 09:32:24,12.3900,1,6195.0000,5,B,12.3800,12.3700,12.3600,12.3500,12.3400,12.3900,12.4000,12.4100,12.4200,12.4300,48,105,77,162,5,82,201,302,193,125
SZ,002376,2017-01-03 09:32:27,12.3900,1,24780.0000,20,B,12.3800,12.3700,12.3600,12.3500,12.3400,12.3900,12.4000,12.4100,12.4200,12.4300,47,105,77,162,5,72,201,302,193,125
SZ,002376,2017-01-03 09:32:30,12.3800,4,12380.0000,10,S,12.3800,12.3700,12.3600,12.3500,12.3400,12.3900,12.4000,12.4100,12.4200,12.4300,37,105,77,162,5,72,201,302,193,125
SZ,002376,2017-01-03 09:32:45,12.3800,5,154750.0000,125,S,12.3800,12.3700,12.3600,12.3500,12.3400,12.3900,12.4000,12.4100,12.4200,12.4300,35,105,77,162,5,67,201,302,193,165
SZ,002376,2017-01-03 09:32:51,12.3800,2,12380.0000,10,S,12.3800,12.3700,12.3600,12.3500,12.3400,12.3900,12.4000,12.4100,12.4200,12.4300,25,105,77,162,5,67,210,302,193,143
SZ,002376,2017-01-03 09:32:54,12.3800,1,12380.0000,10,S,12.3800,12.3700,12.3600,12.3500,12.3400,12.3900,12.4000,12.4100,12.4200,12.4300,15,105,77,162,5,67,210,302,193,142
SZ,002376,2017-01-03 09:32:57,12.3800,1,18570.0000,15,S,12.3700,12.3600,12.3500,12.3400,12.3300,12.3800,12.3900,12.4000,12.4100,12.4200,105,77,162,5,110,31,67,210,302,193
SZ,002376,2017-01-03 09:33:06,12.3800,3,30945.0000,25,B,12.3700,12.3600,12.3500,12.3400,12.3300,12.3800,12.3900,12.4000,12.4100,12.4200,100,77,162,5,110,26,67,210,302,193
SZ,002376,2017-01-03 09:33:12,12.3800,1,3714.0000,3,B,12.3700,12.3600,12.3500,12.3400,12.3300,12.3800,12.3900,12.4000,12.4100,12.4200,100,77,162,5,110,14,90,210,302,193
SZ,002376,2017-01-03 09:33:15,12.3900,3,28483.0000,23,B,12.3800,12.3700,12.3600,12.3500,12.3400,12.3900,12.4000,12.4100,12.4200,12.4300,20,100,78,162,5,81,202,302,193,142
SZ,002376,2017-01-03 09:33:18,12.3800,2,37140.0000,30,S,12.3700,12.3600,12.3500,12.3400,12.3300,12.3900,12.4000,12.4100,12.4200,12.4300,100,78,162,5,110,81,202,302,193,142
SZ,002376,2017-01-03 09:33:21,12.3900,1,3717.0000,3,B,12.3800,12.3700,12.3600,12.3500,12.3400,12.3900,12.4000,12.4100,12.4200,12.4300,20,100,78,162,5,89,202,302,193,142
SZ,002376,2017-01-03 09:33:33,12.3800,1,3714.0000,3,S,12.3800,12.3700,12.3600,12.3500,12.3400,12.3900,12.4000,12.4100,12.4200,12.4300,114,100,78,162,5,108,203,302,193,142
SZ,002376,2017-01-03 09:33:39,12.3800,1,6190.0000,5,S,12.3800,12.3700,12.3600,12.3500,12.3300,12.3900,12.4000,12.4100,12.4200,12.4300,158,100,78,162,110,118,203,302,193,142
SZ,002376,2017-01-03 09:33:45,12.3800,4,100279.0000,81,S,12.3800,12.3700,12.3600,12.3500,12.3300,12.3900,12.4000,12.4100,12.4200,12.4300,78,100,78,162,110,131,203,302,193,142
SZ,002376,2017-01-03 09:33:51,12.3900,3,37170.0000,30,B,12.3800,12.3700,12.3600,12.3500,12.3300,12.3900,12.4000,12.4100,12.4200,12.4300,78,100,78,162,110,101,186,302,193,142
SZ,002376,2017-01-03 09:33:57,12.3800,1,9904.0000,8,S,12.3800,12.3700,12.3600,12.3500,12.3300,12.3900,12.4000,12.4100,12.4200,12.4300,70,100,78,162,110,101,186,302,193,102
SZ,002376,2017-01-03 09:34:00,12.3700,3,123770.0000,100,S,12.3800,12.3700,12.3600,12.3500,12.3300,12.3900,12.4000,12.4100,12.4200,12.4300,34,70,78,162,80,101,186,302,193,102
SZ,002376,2017-01-03 09:34:09,12.3800,1,4952.0000,4,S,12.3800,12.3700,12.3600,12.3500,12.3300,12.3900,12.4000,12.4100,12.4200,12.4300,30,70,78,162,80,101,186,302,193,102
SZ,002376,2017-01-03 09:34:18,12.3800,1,1238.0000,1,S,12.3800,12.3700,12.3600,12.3500,12.3300,12.3900,12.4000,12.4100,12.4200,12.4300,29,70,91,162,67,90,186,302,193,102
SZ,002376,2017-01-03 09:34:30,12.3800,2,35902.0000,29,S,12.3700,12.3600,12.3500,12.3300,12.3200,12.3800,12.3900,12.4000,12.4100,12.4200,70,91,142,72,180,61,123,186,302,193
SZ,002376,2017-01-03 09:34:33,12.3800,1,2476.0000,2,B,12.3700,12.3600,12.3500,12.3300,12.3200,12.3800,12.3900,12.4000,12.4100,12.4200,70,91,142,68,180,106,153,186,302,193
SZ,002376,2017-01-03 09:34:42,12.3800,1,21046.0000,17,B,12.3700,12.3600,12.3500,12.3300,12.3200,12.3800,12.3900,12.4000,12.4100,12.4200,70,91,142,68,180,89,153,186,302,193
SZ,002376,2017-01-03 09:35:03,12.3800,1,12380.0000,10,B,12.3700,12.3600,12.3500,12.3300,12.3200,12.3800,12.3900,12.4000,12.4100,12.4200,70,91,142,58,180,79,123,186,302,193
SZ,002376,2017-01-03 09:35:15,12.3700,2,19792.0000,16,S,12.3700,12.3600,12.3500,12.3300,12.3200,12.3800,12.3900,12.4000,12.4100,12.4200,54,91,142,58,180,32,90,186,305,163
SZ,002376,2017-01-03 09:35:18,12.3700,1,1237.0000,1,S,12.3700,12.3600,12.3500,12.3300,12.3200,12.3800,12.3900,12.4000,12.4100,12.4200,53,91,142,58,180,40,110,203,305,163
SZ,002376,2017-01-03 09:35:21,12.3800,1,19808.0000,16,B,12.3700,12.3600,12.3500,12.3300,12.3200,12.3800,12.3900,12.4000,12.4100,12.4200,53,91,142,58,180,24,110,203,305,163
SZ,002376,2017-01-03 09:35:36,12.3700,3,65561.0000,53,S,12.3600,12.3500,12.3300,12.3200,12.3100,12.3800,12.3900,12.4000,12.4100,12.4200,111,142,58,180,211,43,110,203,305,163
SZ,002376,2017-01-03 09:35:39,12.3800,5,53234.0000,43,B,12.3800,12.3600,12.3500,12.3300,12.3200,12.3900,12.4000,12.4100,12.4200,12.4300,17,111,142,58,180,110,203,305,163,102
SZ,002376,2017-01-03 09:35:42,12.3800,1,21046.0000,17,S,12.3600,12.3500,12.3300,12.3200,12.3100,12.3800,12.3900,12.4000,12.4100,12.4200,111,142,58,180,211,3,110,203,305,163
SZ,002376,2017-01-03 09:35:57,12.3800,1,2476.0000,2,B,12.3700,12.3600,12.3500,12.3300,12.3200,12.3800,12.3900,12.4000,12.4100,12.4200,30,116,162,58,180,1,110,203,305,163
SZ,002376,2017-01-03 09:36:18,12.3700,1,1237.0000,1,S,12.3700,12.3600,12.3500,12.3300,12.3200,12.3800,12.3900,12.4000,12.4100,12.4200,30,116,162,58,180,1,120,202,305,183
SZ,002376,2017-01-03 09:36:24,12.3800,3,7424.0000,6,B,12.3700,12.3600,12.3500,12.3300,12.3200,12.3800,12.3900,12.4000,12.4100,12.4200,26,116,162,58,180,46,120,202,305,183
SZ,002376,2017-01-03 09:36:27,12.3700,1,3711.0000,3,S,12.3700,12.3600,12.3500,12.3300,12.3200,12.3800,12.3900,12.4000,12.4100,12.4200,23,116,162,58,180,128,121,202,305,183
SZ,002376,2017-01-03 09:36:33,12.3800,2,17332.0000,14,B,12.3700,12.3600,12.3500,12.3300,12.3200,12.3800,12.3900,12.4000,12.4100,12.4200,23,116,162,58,180,124,121,202,305,183
SZ,002376,2017-01-03 09:36:36,12.3800,1,2476.0000,2,B,12.3700,12.3600,12.3500,12.3300,12.3200,12.3800,12.3900,12.4000,12.4100,12.4200,23,116,165,58,180,122,121,202,305,163
SZ,002376,2017-01-03 09:36:42,12.3700,1,8659.0000,7,S,12.3700,12.3600,12.3500,12.3300,12.3200,12.3800,12.3900,12.4000,12.4100,12.4200,16,116,165,58,180,130,121,232,305,163
SZ,002376,2017-01-03 09:36:45,12.3700,2,19792.0000,16,S,12.3600,12.3500,12.3300,12.3200,12.3100,12.3700,12.3800,12.3900,12.4000,12.4100,116,165,58,180,211,4,130,121,242,305
SZ,002376,2017-01-03 09:37:00,12.3600,1,7416.0000,6,S,12.3600,12.3500,12.3300,12.3200,12.3100,12.3700,12.3800,12.3900,12.4000,12.4100,110,165,58,180,211,4,135,121,242,305
SZ,002376,2017-01-03 09:37:18,12.3600,2,25957.0000,21,S,12.3600,12.3500,12.3300,12.3200,12.3100,12.3700,12.3800,12.3900,12.4000,12.4100,90,165,58,180,211,3,135,121,242,305
SZ,002376,2017-01-03 09:37:21,12.3600,1,12360.0000,10,S,12.3600,12.3500,12.3300,12.3200,12.3100,12.3700,12.3800,12.3900,12.4000,12.4100,80,165,58,180,211,3,137,121,242,305
SZ,002376,2017-01-03 09:37:30,12.3600,3,24720.0000,20,S,12.3600,12.3500,12.3300,12.3200,12.3100,12.3700,12.3800,12.3900,12.4000,12.4100,71,165,58,180,211,3,137,121,242,305
SZ,002376,2017-01-03 09:37:36,12.3600,2,24720.0000,20,S,12.3600,12.3500,12.3300,12.3200,12.3100,12.3700,12.3800,12.3900,12.4000,12.4100,51,165,58,180,211,3,147,121,242,305
SZ,002376,2017-01-03 09:37:39,12.3600,4,21012.0000,17,S,12.3600,12.3500,12.3300,12.3200,12.3100,12.3700,12.3800,12.3900,12.4000,12.4100,83,165,58,180,211,3,147,121,242,305
SZ,002376,2017-01-03 09:37:48,12.3600,6,108768.0000,88,S,12.3500,12.3300,12.3200,12.3100,12.3000,12.3600,12.3700,12.3800,12.3900,12.4000,165,58,170,211,308,499,3,147,98,242
SZ,002376,2017-01-03 09:37:54,12.3500,1,28405.0000,23,S,12.3500,12.3300,12.3200,12.3100,12.3000,12.3600,12.3700,12.3800,12.3900,12.4000,142,58,170,211,308,521,3,147,98,242
SZ,002376,2017-01-03 09:37:57,12.3500,3,43225.0000,35,S,12.3500,12.3300,12.3200,12.3100,12.3000,12.3600,12.3700,12.3800,12.3900,12.4000,107,58,170,211,308,521,3,147,99,242
SZ,002376,2017-01-03 09:38:12,12.3500,3,68999.0000,56,S,12.3500,12.3300,12.3200,12.3100,12.3000,12.3600,12.3700,12.3800,12.3900,12.4000,51,70,170,211,308,523,3,151,99,247
SZ,002376,2017-01-03 09:38:15,12.3500,8,64381.0000,52,S,12.3300,12.3200,12.3100,12.3000,12.2800,12.3500,12.3600,12.3700,12.3800,12.3900,70,170,211,308,85,2,523,3,99,99
SZ,002376,2017-01-03 09:38:18,12.3300,3,18495.0000,15,S,12.3300,12.3200,12.3100,12.3000,12.2800,12.3500,12.3600,12.3700,12.3800,12.3900,103,170,211,308,85,22,518,3,119,99
SZ,002376,2017-01-03 09:38:33,12.3500,2,7400.0000,6,B,12.3300,12.3200,12.3100,12.3000,12.2800,12.3500,12.3600,12.3700,12.3800,12.3900,98,170,211,308,85,21,518,3,129,89
SZ,002376,2017-01-03 09:38:36,12.3300,1,1233.0000,1,S,12.3300,12.3200,12.3100,12.3000,12.2800,12.3500,12.3600,12.3700,12.3800,12.3900,97,190,211,308,85,21,518,3,129,89
SZ,002376,2017-01-03 09:38:39,12.3500,4,35777.0000,29,B,12.3300,12.3200,12.3100,12.3000,12.2800,12.3500,12.3600,12.3700,12.3800,12.3900,78,190,211,308,85,11,518,3,129,89
SZ,002376,2017-01-03 09:38:45,12.3300,1,2466.0000,2,S,12.3300,12.3200,12.3100,12.3000,12.2900,12.3500,12.3600,12.3700,12.3800,12.3900,80,190,211,302,10,31,516,3,129,89
SZ,002376,2017-01-03 09:38:54,12.3500,7,70297.0000,57,B,12.3400,12.3300,12.3200,12.3100,12.3000,12.3500,12.3600,12.3700,12.3800,12.3900,20,41,190,211,302,23,516,3,129,89
SZ,002376,2017-01-03 09:39:03,12.3500,2,6175.0000,5,B,12.3400,12.3300,12.3200,12.3100,12.3000,12.3500,12.3600,12.3700,12.3800,12.3900,20,41,190,211,326,18,516,3,129,89
SZ,002376,2017-01-03 09:39:12,12.3500,1,23304.0000,19,B,12.3500,12.3400,12.3300,12.3200,12.3100,12.3600,12.3700,12.3800,12.3900,12.4000,9,24,41,170,211,516,3,129,83,247
SZ,002376,2017-01-03 09:39:15,12.3400,3,40732.0000,33,S,12.3400,12.3300,12.3200,12.3100,12.3000,12.3600,12.3700,12.3800,12.3900,12.4000,0,41,170,211,326,516,3,129,83,247
SZ,002376,2017-01-03 09:39:33,12.3400,2,1234.0000,1,B,12.3400,12.3300,12.3200,12.3100,12.3000,12.3500,12.3600,12.3700,12.3800,12.3900,14,132,176,211,326,52,521,3,129,73
SZ,002376,2017-01-03 09:39:45,12.3500,4,29625.0000,24,B,12.3400,12.3300,12.3200,12.3100,12.3000,12.3500,12.3600,12.3700,12.3800,12.3900,21,142,176,211,326,43,521,3,129,73
SZ,002376,2017-01-03 09:39:48,12.3500,2,77805.0000,63,B,12.3500,12.3400,12.3300,12.3200,12.3100,12.3600,12.3700,12.3800,12.3900,12.4000,37,22,142,176,211,521,3,129,73,225
SZ,002376,2017-01-03 09:39:57,12.3500,1,1235.0000,1,S,12.3500,12.3400,12.3300,12.3200,12.3100,12.3600,12.3700,12.3800,12.3900,12.4000,91,22,142,176,211,521,3,129,73,225
SZ,002376,2017-01-03 09:40:00,12.3500,1,2470.0000,2,S,12.3500,12.3400,12.3300,12.3200,12.3100,12.3600,12.3700,12.3800,12.3900,12.4000,34,22,146,176,211,521,3,129,73,225
SZ,002376,2017-01-03 09:40:03,12.3500,2,11115.0000,9,S,12.3500,12.3400,12.3300,12.3200,12.3100,12.3600,12.3700,12.3800,12.3900,12.4000,25,22,146,176,211,521,3,129,73,225
SZ,002376,2017-01-03 09:40:06,12.3500,3,16064.0000,13,S,12.3500,12.3400,12.3300,12.3200,12.3100,12.3600,12.3700,12.3800,12.3900,12.4000,76,22,166,186,211,512,3,129,73,225
SZ,002376,2017-01-03 09:40:15,12.3600,1,370800.0000,300,B,12.3500,12.3400,12.3300,12.3200,12.3100,12.3600,12.3700,12.3800,12.3900,12.4000,76,22,166,186,211,212,3,129,73,225
SZ,002376,2017-01-03 09:40:18,12.3500,2,12359.0000,10,S,12.3500,12.3400,12.3300,12.3200,12.3100,12.3600,12.3700,12.3800,12.3900,12.4000,75,22,166,186,211,203,3,129,73,225
SZ,002376,2017-01-03 09:40:21,12.3600,1,84048.0000,68,B,12.3500,12.3400,12.3300,12.3200,12.3100,12.3600,12.3700,12.3800,12.3900,12.4000,20,22,166,186,211,135,3,129,73,225
SZ,002376,2017-01-03 09:40:33,12.3600,1,37080.0000,30,B,12.3500,12.3400,12.3300,12.3200,12.3100,12.3600,12.3700,12.3800,12.3900,12.4000,21,32,166,186,211,105,3,129,72,225
SZ,002376,2017-01-03 09:40:36,12.3600,1,67980.0000,55,B,12.3500,12.3400,12.3300,12.3200,12.3100,12.3600,12.3700,12.3800,12.3900,12.4000,21,32,166,186,211,50,3,129,72,225
SZ,002376,2017-01-03 09:40:39,12.3600,2,55620.0000,45,B,12.3500,12.3400,12.3300,12.3200,12.3100,12.3600,12.3700,12.3800,12.3900,12.4000,31,32,166,186,211,5,3,129,72,225
SZ,002376,2017-01-03 09:40:42,12.3600,1,6180.0000,5,B,12.3600,12.3500,12.3400,12.3300,12.3200,12.3700,12.3800,12.3900,12.4000,12.4100,13,31,32,166,186,3,125,72,225,301
SZ,002376,2017-01-03 09:41:03,12.3700,2,7422.0000,6,B,12.3700,12.3600,12.3500,12.3400,12.3300,12.3800,12.3900,12.4000,12.4100,12.4200,94,69,31,31,166,126,105,225,313,178
SZ,002376,2017-01-03 09:41:06,12.3700,1,24740.0000,20,S,12.3700,12.3600,12.3500,12.3400,12.3300,12.3800,12.3900,12.4000,12.4100,12.4200,95,69,31,10,174,126,105,225,313,178
SZ,002376,2017-01-03 09:41:18,12.3700,3,53203.0000,43,S,12.3700,12.3600,12.3500,12.3400,12.3300,12.3800,12.3900,12.4000,12.4100,12.4200,64,52,31,54,170,94,135,225,313,178
SZ,002376,2017-01-03 09:41:27,12.3800,1,21046.0000,17,B,12.3700,12.3600,12.3500,12.3400,12.3300,12.3800,12.3900,12.4000,12.4100,12.4200,57,52,11,54,162,77,135,225,313,178
SZ,002376,2017-01-03 09:41:33,12.3800,3,37114.0000,30,B,12.3700,12.3600,12.3500,12.3400,12.3300,12.3800,12.3900,12.4000,12.4100,12.4200,41,52,11,54,168,73,135,205,313,178
SZ,002376,2017-01-03 09:41:36,12.3800,12,133669.0000,108,B,12.3800,12.3600,12.3500,12.3400,12.3300,12.3900,12.4000,12.4100,12.4200,12.4300,23,52,11,54,168,135,205,313,178,67
SZ,002376,2017-01-03 09:41:39,12.3900,1,12390.0000,10,B,12.3800,12.3600,12.3500,12.3400,12.3300,12.3900,12.4000,12.4100,12.4200,12.4300,46,52,11,54,168,125,205,313,178,67
SZ,002376,2017-01-03 09:41:57,12.3900,2,14858.0000,12,B,12.3800,12.3600,12.3500,12.3400,12.3300,12.3900,12.4000,12.4100,12.4200,12.4300,79,52,11,34,168,133,205,313,178,17
SZ,002376,2017-01-03 09:42:00,12.3900,1,1239.0000,1,B,12.3800,12.3700,12.3600,12.3500,12.3400,12.3900,12.4000,12.4100,12.4200,12.4300,66,5,51,11,34,132,205,313,178,17
SZ,002376,2017-01-03 09:42:06,12.3800,1,1238.0000,1,S,12.3800,12.3700,12.3600,12.3500,12.3400,12.3900,12.4000,12.4100,12.4200,12.4300,65,5,51,11,34,134,205,313,179,17
SZ,002376,2017-01-03 09:42:09,12.3800,1,6190.0000,5,S,12.3800,12.3700,12.3600,12.3500,12.3400,12.3900,12.4000,12.4100,12.4200,12.4300,60,5,51,11,34,134,205,313,179,17
SZ,002376,2017-01-03 09:42:18,12.3800,1,1238.0000,1,S,12.3800,12.3600,12.3500,12.3400,12.3300,12.3900,12.4000,12.4100,12.4200,12.4300,99,51,11,64,168,137,205,313,179,17
SZ,002376,2017-01-03 09:42:24,12.3900,4,24780.0000,20,B,12.3800,12.3600,12.3500,12.3400,12.3300,12.3900,12.4000,12.4100,12.4200,12.4300,102,51,11,64,168,117,205,313,179,17
SZ,002376,2017-01-03 09:42:27,12.3800,4,30950.0000,25,S,12.3800,12.3600,12.3500,12.3400,12.3300,12.3900,12.4000,12.4100,12.4200,12.4300,77,51,11,64,168,117,205,313,179,17
SZ,002376,2017-01-03 09:42:36,12.3800,2,27238.0000,22,S,12.3800,12.3600,12.3500,12.3400,12.3300,12.3900,12.4000,12.4100,12.4200,12.4300,67,51,11,64,168,113,205,313,179,17
SZ,002376,2017-01-03 09:42:42,12.3900,9,140007.0000,113,B,12.3900,12.3800,12.3600,12.3500,12.3400,12.4000,12.4100,12.4200,12.4300,12.4400,87,68,51,11,64,205,313,179,17,79
SZ,002376,2017-01-03 09:42:45,12.3900,1,24780.0000,20,S,12.3900,12.3800,12.3600,12.3500,12.3400,12.4000,12.4100,12.4200,12.4300,12.4400,67,68,51,11,64,205,313,179,17,79
SZ,002376,2017-01-03 09:43:00,12.3900,1,16107.0000,13,S,12.3900,12.3800,12.3600,12.3500,12.3400,12.4000,12.4100,12.4200,12.4300,12.4400,56,64,51,16,84,205,313,189,17,79
SZ,002376,2017-01-03 09:43:03,12.4000,1,4960.0000,4,B,12.3900,12.3800,12.3600,12.3500,12.3400,12.4000,12.4100,12.4200,12.4300,12.4400,56,64,51,16,84,201,313,189,17,79
SZ,002376,2017-01-03 09:43:15,12.3900,1,19824.0000,16,S,12.3900,12.3800,12.3600,12.3500,12.3400,12.4000,12.4100,12.4200,12.4300,12.4400,53,64,51,6,114,201,313,189,17,79
SZ,002376,2017-01-03 09:43:18,12.4000,1,1240.0000,1,B,12.3900,12.3800,12.3600,12.3500,12.3400,12.4000,12.4100,12.4200,12.4300,12.4400,53,54,27,6,114,210,313,189,17,79
SZ,002376,2017-01-03 09:43:42,12.4000,1,7440.0000,6,B,12.3900,12.3800,12.3600,12.3500,12.3400,12.4000,12.4100,12.4200,12.4300,12.4400,53,54,52,11,114,204,313,189,17,79
SZ,002376,2017-01-03 09:43:45,12.3900,1,16107.0000,13,S,12.3900,12.3800,12.3600,12.3500,12.3400,12.4000,12.4100,12.4200,12.4300,12.4400,40,54,52,11,114,204,313,189,17,79
SZ,002376,2017-01-03 09:43:48,12.4000,2,37200.0000,30,B,12.3900,12.3800,12.3600,12.3500,12.3400,12.4000,12.4100,12.4200,12.4300,12.4400,40,54,52,11,114,174,313,189,17,79
SZ,002376,2017-01-03 09:43:54,12.3900,1,24780.0000,20,S,12.3900,12.3800,12.3600,12.3500,12.3400,12.4000,12.4100,12.4200,12.4300,12.4400,45,74,52,11,114,174,313,189,17,79
SZ,002376,2017-01-03 09:44:00,12.3900,1,4956.0000,4,S,12.3900,12.3800,12.3600,12.3500,12.3400,12.4000,12.4100,12.4200,12.4300,12.4400,41,74,52,44,114,174,313,189,67,79
SZ,002376,2017-01-03 09:44:03,12.3900,3,9912.0000,8,S,12.3900,12.3800,12.3600,12.3500,12.3400,12.4000,12.4100,12.4200,12.4300,12.4400,33,74,52,44,114,174,334,189,67,79
SZ,002376,2017-01-03 09:44:06,12.3900,4,26019.0000,21,S,12.3900,12.3800,12.3600,12.3500,12.3400,12.4000,12.4100,12.4200,12.4300,12.4400,36,74,52,44,114,174,334,189,67,79
SZ,002376,2017-01-03 09:44:12,12.4000,1,6200.0000,5,B,12.3900,12.3800,12.3600,12.3500,12.3400,12.4000,12.4100,12.4200,12.4300,12.4400,36,82,52,44,114,169,322,189,67,79
SZ,002376,2017-01-03 09:44:15,12.4000,1,32240.0000,26,B,12.3900,12.3800,12.3600,12.3500,12.3400,12.4000,12.4100,12.4200,12.4300,12.4400,36,82,52,44,120,143,322,189,67,79
SZ,002376,2017-01-03 09:44:18,12.3900,1,1239.0000,1,S,12.3900,12.3800,12.3600,12.3500,12.3400,12.4000,12.4100,12.4200,12.4300,12.4400,35,82,52,44,120,143,322,189,67,79
SZ,002376,2017-01-03 09:44:21,12.4000,1,9920.0000,8,B,12.3900,12.3800,12.3600,12.3500,12.3400,12.4000,12.4100,12.4200,12.4300,12.4400,35,82,52,44,120,135,322,189,67,79
SZ,002376,2017-01-03 09:44:24,12.4000,1,32240.0000,26,B,12.3900,12.3800,12.3600,12.3500,12.3400,12.4000,12.4100,12.4200,12.4300,12.4400,53,82,52,44,120,109,322,189,67,79
SZ,002376,2017-01-03 09:44:45,12.4000,1,16120.0000,13,B,12.3900,12.3800,12.3600,12.3500,12.3400,12.4000,12.4100,12.4200,12.4300,12.4400,58,82,52,44,120,116,305,189,70,79
SZ,002376,2017-01-03 09:44:51,12.3900,2,7435.0000,6,S,12.3900,12.3800,12.3600,12.3500,12.3400,12.4000,12.4100,12.4200,12.4300,12.4400,53,82,52,155,120,115,305,189,70,79
SZ,002376,2017-01-03 09:44:54,12.4000,2,16120.0000,13,B,12.3900,12.3800,12.3600,12.3500,12.3400,12.4000,12.4100,12.4200,12.4300,12.4400,40,82,52,156,120,102,305,189,70,79
SZ,002376,2017-01-03 09:44:57,12.4000,1,16120.0000,13,B,12.3900,12.3800,12.3600,12.3500,12.3400,12.4000,12.4100,12.4200,12.4300,12.4400,40,82,52,190,120,89,305,189,70,79
SZ,002376,2017-01-03 09:45:03,12.4000,3,49600.0000,40,B,12.3900,12.3800,12.3600,12.3500,12.3400,12.4000,12.4100,12.4200,12.4300,12.4400,16,82,52,190,120,49,305,189,70,79
SZ,002376,2017-01-03 09:45:09,12.4100,5,112882.0000,91,B,12.3900,12.3800,12.3600,12.3500,12.3400,12.4100,12.4200,12.4300,12.4400,12.4500,16,82,52,190,120,263,189,70,79,186
SZ,002376,2017-01-03 09:45:15,12.4000,3,70680.0000,57,B,12.3900,12.3800,12.3600,12.3500,12.3400,12.4000,12.4100,12.4200,12.4300,12.4400,16,82,54,205,120,3,263,189,70,79
SZ,002376,2017-01-03 09:45:18,12.3900,1,1239.0000,1,S,12.3900,12.3800,12.3600,12.3500,12.3400,12.4000,12.4100,12.4200,12.4300,12.4400,15,82,54,205,120,3,263,189,70,79
SZ,002376,2017-01-03 09:45:21,12.4000,1,3720.0000,3,B,12.4000,12.3900,12.3800,12.3600,12.3500,12.4100,12.4200,12.4300,12.4400,12.4500,49,15,82,54,205,263,189,70,79,186
SZ,002376,2017-01-03 09:45:30,12.4000,1,2480.0000,2,S,12.4000,12.3900,12.3800,12.3600,12.3500,12.4100,12.4200,12.4300,12.4400,12.4500,79,15,82,74,60,259,189,70,79,186
SZ,002376,2017-01-03 09:45:33,12.4100,3,95555.0000,77,B,12.4000,12.3900,12.3800,12.3600,12.3500,12.4100,12.4200,12.4300,12.4400,12.4500,97,25,82,74,60,184,179,70,79,186
SZ,002376,2017-01-03 09:45:36,12.4000,1,21080.0000,17,S,12.4000,12.3900,12.3800,12.3600,12.3500,12.4100,12.4200,12.4300,12.4400,12.4500,81,25,82,74,60,184,179,70,79,186
SZ,002376,2017-01-03 09:45:48,12.4100,2,28533.0000,23,B,12.4000,12.3900,12.3800,12.3600,12.3500,12.4100,12.4200,12.4300,12.4400,12.4500,53,25,87,74,60,171,179,70,94,176
SZ,002376,2017-01-03 09:45:51,12.4100,2,70737.0000,57,B,12.4000,12.3900,12.3800,12.3600,12.3500,12.4100,12.4200,12.4300,12.4400,12.4500,53,25,87,74,60,114,179,70,94,176
SZ,002376,2017-01-03 09:45:54,12.4000,1,21080.0000,17,S,12.4000,12.3900,12.3800,12.3600,12.3500,12.4100,12.4200,12.4300,12.4400,12.4500,36,25,87,74,60,114,179,70,99,176
SZ,002376,2017-01-03 09:46:03,12.4000,1,6200.0000,5,S,12.4000,12.3900,12.3800,12.3600,12.3500,12.4100,12.4200,12.4300,12.4400,12.4500,31,25,87,74,60,129,179,70,99,180
SZ,002376,2017-01-03 09:46:06,12.4100,1,4964.0000,4,B,12.4000,12.3900,12.3800,12.3600,12.3500,12.4100,12.4200,12.4300,12.4400,12.4500,31,25,87,74,60,144,179,70,99,180
SZ,002376,2017-01-03 09:46:09,12.4100,1,19856.0000,16,B,12.4000,12.3900,12.3800,12.3600,12.3500,12.4100,12.4200,12.4300,12.4400,12.4500,59,25,87,74,60,128,179,170,99,180
SZ,002376,2017-01-03 09:46:12,12.4100,2,14890.0000,12,B,12.4000,12.3900,12.3800,12.3600,12.3500,12.4100,12.4200,12.4300,12.4400,12.4500,57,25,87,74,60,118,179,170,99,180
SZ,002376,2017-01-03 09:46:15,12.4000,4,39680.0000,32,S,12.4000,12.3900,12.3800,12.3600,12.3500,12.4100,12.4200,12.4300,12.4400,12.4500,25,25,87,74,60,118,179,170,99,180
SZ,002376,2017-01-03 09:46:18,12.4000,2,2480.0000,2,S,12.4000,12.3900,12.3800,12.3600,12.3500,12.4100,12.4200,12.4300,12.4400,12.4500,23,25,87,74,60,138,189,170,99,180
SZ,002376,2017-01-03 09:46:21,12.4000,3,17368.0000,14,S,12.4000,12.3900,12.3800,12.3600,12.3500,12.4100,12.4200,12.4300,12.4400,12.4500,17,25,87,74,60,130,189,170,99,180
SZ,002376,2017-01-03 09:46:24,12.4000,3,26044.0000,21,S,12.3900,12.3800,12.3600,12.3500,12.3400,12.4000,12.4100,12.4200,12.4300,12.4400,25,87,74,60,100,57,126,189,170,99
SZ,002376,2017-01-03 09:46:27,12.3900,4,33465.0000,27,S,12.3900,12.3800,12.3600,12.3500,12.3400,12.4000,12.4100,12.4200,12.4300,12.4400,10,87,74,60,100,48,126,189,170,99
SZ,002376,2017-01-03 09:46:30,12.4000,2,9920.0000,8,B,12.3900,12.3800,12.3600,12.3500,12.3400,12.4000,12.4100,12.4200,12.4300,12.4400,39,87,74,60,100,40,109,189,170,199
SZ,002376,2017-01-03 09:46:33,12.4000,4,49600.0000,40,B,12.4000,12.3900,12.3800,12.3600,12.3500,12.4100,12.4200,12.4300,12.4400,12.4500,42,39,87,82,60,99,189,170,199,180
SZ,002376,2017-01-03 09:46:45,12.4100,7,143956.0000,116,B,12.4100,12.4000,12.3900,12.3800,12.3600,12.4200,12.4300,12.4400,12.4500,12.4600,36,72,68,87,82,189,170,199,182,11
SZ,002376,2017-01-03 09:46:48,12.4200,2,49680.0000,40,B,12.4100,12.4000,12.3900,12.3800,12.3600,12.4200,12.4300,12.4400,12.4500,12.4600,36,72,68,87,82,149,170,199,182,11
SZ,002376,2017-01-03 09:46:51,12.4200,2,17378.0000,14,B,12.4100,12.4000,12.3900,12.3800,12.3600,12.4200,12.4300,12.4400,12.4500,12.4600,26,77,68,87,82,145,170,199,182,11
SZ,002376,2017-01-03 09:46:54,12.4100,1,12410.0000,10,S,12.4100,12.4000,12.3900,12.3800,12.3600,12.4200,12.4300,12.4400,12.4500,12.4600,16,77,68,87,82,145,167,199,182,11
SZ,002376,2017-01-03 09:47:03,12.4200,2,12420.0000,10,B,12.4100,12.4000,12.3900,12.3800,12.3600,12.4200,12.4300,12.4400,12.4500,12.4600,46,35,68,130,82,135,167,199,182,11
SZ,002376,2017-01-03 09:47:06,12.4100,4,94316.0000,76,S,12.4000,12.3900,12.3800,12.3600,12.3500,12.4100,12.4200,12.4300,12.4400,12.4500,35,68,130,82,65,61,135,167,199,182
SZ,002376,2017-01-03 09:47:09,12.4100,1,52122.0000,42,B,12.4000,12.3900,12.3800,12.3600,12.3500,12.4100,12.4200,12.4300,12.4400,12.4500,43,68,130,82,65,19,235,167,199,182
SZ,002376,2017-01-03 09:47:18,12.4000,7,78153.0000,63,S,12.4000,12.3900,12.3800,12.3600,12.3500,12.4200,12.4300,12.4400,12.4500,12.4600,6,39,130,82,65,228,167,199,202,11
SZ,002376,2017-01-03 09:47:27,12.4200,3,60858.0000,49,B,12.4100,12.4000,12.3900,12.3800,12.3600,12.4200,12.4300,12.4400,12.4500,12.4600,3,6,39,161,82,179,167,199,202,11
SZ,002376,2017-01-03 09:47:30,12.4100,1,3723.0000,3,S,12.4000,12.3900,12.3800,12.3600,12.3500,12.4100,12.4200,12.4300,12.4400,12.4500,6,39,161,82,65,7,179,167,199,202
SZ,002376,2017-01-03 09:47:33,12.4000,2,6200.0000,5,S,12.4000,12.3900,12.3800,12.3600,12.3500,12.4100,12.4200,12.4300,12.4400,12.4500,41,39,172,82,65,40,229,167,199,202
SZ,002376,2017-01-03 09:47:36,12.4100,2,49640.0000,40,B,12.4100,12.4000,12.3900,12.3800,12.3600,12.4200,12.4300,12.4400,12.4500,12.4600,60,71,39,172,82,241,167,199,202,11
SZ,002376,2017-01-03 09:47:45,12.4100,1,3723.0000,3,S,12.4100,12.4000,12.3900,12.3800,12.3600,12.4200,12.4300,12.4400,12.4500,12.4600,57,71,39,172,82,241,167,199,202,11
SZ,002376,2017-01-03 09:47:57,12.4200,5,139104.0000,112,B,12.4100,12.4000,12.3900,12.3800,12.3600,12.4200,12.4300,12.4400,12.4500,12.4600,57,77,39,182,82,132,167,199,213,31
SZ,002376,2017-01-03 09:48:03,12.4100,2,29784.0000,24,S,12.4100,12.4000,12.3900,12.3800,12.3600,12.4200,12.4300,12.4400,12.4500,12.4600,33,77,39,182,82,140,167,209,213,31
SZ,002376,2017-01-03 09:48:06,12.4100,4,71954.0000,58,S,12.4000,12.3900,12.3800,12.3600,12.3500,12.4100,12.4200,12.4300,12.4400,12.4500,53,39,182,82,65,29,150,167,209,213
SZ,002376,2017-01-03 09:48:12,12.4000,1,16120.0000,13,S,12.4000,12.3900,12.3800,12.3600,12.3500,12.4100,12.4200,12.4300,12.4400,12.4500,40,39,177,82,65,29,140,167,209,213
SZ,002376,2017-01-03 09:48:18,12.4000,2,2481.0000,2,S,12.4000,12.3900,12.3800,12.3600,12.3500,12.4100,12.4200,12.4300,12.4400,12.4500,64,39,177,82,65,28,140,167,209,213
SZ,002376,2017-01-03 09:48:21,12.4200,2,35990.0000,29,B,12.4000,12.3900,12.3800,12.3600,12.3500,12.4200,12.4300,12.4400,12.4500,12.4600,64,12,177,82,65,139,167,209,213,31
SZ,002376,2017-01-03 09:48:24,12.4000,2,6200.0000,5,S,12.4000,12.3900,12.3800,12.3600,12.3500,12.4200,12.4300,12.4400,12.4500,12.4600,64,12,177,82,65,139,167,209,213,31
SZ,002376,2017-01-03 09:48:27,12.4100,1,12410.0000,10,B,12.4100,12.4000,12.3900,12.3800,12.3600,12.4200,12.4300,12.4400,12.4500,12.4600,6,64,12,177,82,132,167,209,213,31
SZ,002376,2017-01-03 09:48:39,12.4200,2,18625.0000,15,B,12.4100,12.4000,12.3900,12.3800,12.3600,12.4200,12.4300,12.4400,12.4500,12.4600,85,64,12,177,82,130,169,209,211,31
SZ,002376,2017-01-03 09:48:42,12.4100,3,14892.0000,12,S,12.4100,12.4000,12.3900,12.3800,12.3600,12.4200,12.4300,12.4400,12.4500,12.4600,73,64,12,177,82,132,169,209,211,31
SZ,002376,2017-01-03 09:49:06,12.4100,1,1241.0000,1,S,12.4100,12.4000,12.3900,12.3800,12.3600,12.4200,12.4300,12.4400,12.4500,12.4600,72,164,16,177,82,160,169,209,211,74
SZ,002376,2017-01-03 09:49:09,12.4100,1,16133.0000,13,S,12.4100,12.4000,12.3900,12.3800,12.3600,12.4200,12.4300,12.4400,12.4500,12.4600,59,164,16,177,82,160,169,209,211,74
SZ,002376,2017-01-03 09:49:12,12.4100,3,50881.0000,41,S,12.4100,12.4000,12.3900,12.3800,12.3600,12.4200,12.4300,12.4400,12.4500,12.4600,18,164,16,177,82,160,169,209,211,74
SZ,002376,2017-01-03 09:49:18,12.4100,3,22338.0000,18,S,12.4000,12.3900,12.3800,12.3600,12.3500,12.4100,12.4200,12.4300,12.4400,12.4500,164,16,177,82,60,13,160,169,209,211
SZ,002376,2017-01-03 09:49:27,12.4000,1,1240.0000,1,S,12.4000,12.3900,12.3800,12.3600,12.3500,12.4100,12.4200,12.4300,12.4400,12.4500,163,16,177,82,60,23,162,169,209,211
SZ,002376,2017-01-03 09:49:33,12.4000,1,12400.0000,10,S,12.4000,12.3900,12.3800,12.3600,12.3500,12.4100,12.4200,12.4300,12.4400,12.4500,155,16,177,82,60,33,162,169,209,211
SZ,002376,2017-01-03 09:49:36,12.4000,2,27280.0000,22,S,12.4000,12.3900,12.3800,12.3600,12.3500,12.4100,12.4200,12.4300,12.4400,12.4500,133,16,177,82,60,33,162,169,209,211
SZ,002376,2017-01-03 09:49:39,12.4000,4,124000.0000,100,S,12.4000,12.3900,12.3800,12.3600,12.3500,12.4100,12.4200,12.4300,12.4400,12.4500,33,16,177,82,60,43,162,169,209,211
SZ,002376,2017-01-03 09:49:54,12.4000,1,12400.0000,10,S,12.4000,12.3900,12.3800,12.3600,12.3500,12.4100,12.4200,12.4300,12.4400,12.4500,23,36,177,82,60,43,162,169,209,211
SZ,002376,2017-01-03 09:49:57,12.4000,4,70680.0000,57,S,12.3900,12.3800,12.3600,12.3500,12.3400,12.4000,12.4100,12.4200,12.4300,12.4400,36,177,82,60,40,143,43,162,169,209
SZ,002376,2017-01-03 09:50:09,12.4000,1,29760.0000,24,B,12.3900,12.3800,12.3600,12.3500,12.3400,12.4000,12.4100,12.4200,12.4300,12.4400,78,177,82,60,40,119,43,160,169,209
SZ,002376,2017-01-03 09:50:15,12.4000,1,16120.0000,13,B,12.3900,12.3800,12.3600,12.3500,12.3400,12.4000,12.4100,12.4200,12.4300,12.4400,78,177,82,60,40,106,43,142,164,209
SZ,002376,2017-01-03 09:50:18,12.4000,2,2479.0000,2,B,12.3900,12.3800,12.3600,12.3500,12.3400,12.4000,12.4100,12.4200,12.4300,12.4400,57,177,82,60,40,105,43,142,164,199
SZ,002376,2017-01-03 09:50:24,12.3900,5,65687.0000,53,S,12.3900,12.3800,12.3600,12.3500,12.3400,12.4000,12.4100,12.4200,12.4300,12.4400,24,177,82,60,40,95,43,142,164,199
SZ,002376,2017-01-03 09:50:42,12.4000,1,12400.0000,10,B,12.3900,12.3800,12.3600,12.3500,12.3400,12.4000,12.4100,12.4200,12.4300,12.4400,55,177,82,60,40,85,43,152,164,199
SZ,002376,2017-01-03 09:50:45,12.4000,1,24800.0000,20,B,12.3900,12.3800,12.3600,12.3500,12.3400,12.4000,12.4100,12.4200,12.4300,12.4400,55,177,82,60,40,65,43,152,164,199
SZ,002376,2017-01-03 09:51:00,12.4000,2,22320.0000,18,B,12.3900,12.3800,12.3600,12.3500,12.3400,12.4000,12.4100,12.4200,12.4300,12.4400,202,159,68,60,40,47,55,102,164,199
SZ,002376,2017-01-03 09:51:12,12.4000,2,58280.0000,47,B,12.4000,12.3900,12.3800,12.3600,12.3500,12.4100,12.4200,12.4300,12.4400,12.4500,37,242,159,68,60,55,102,164,199,211
SZ,002376,2017-01-03 09:51:18,12.4000,1,1240.0000,1,S,12.4000,12.3900,12.3800,12.3600,12.3500,12.4100,12.4200,12.4300,12.4400,12.4500,36,242,159,159,60,55,102,164,199,211
SZ,002376,2017-01-03 09:51:54,12.4100,5,37230.0000,30,B,12.4000,12.3900,12.3800,12.3600,12.3500,12.4100,12.4200,12.4300,12.4400,12.4500,223,262,159,159,60,38,149,194,205,211
SZ,002376,2017-01-03 09:52:00,12.4000,2,29760.0000,24,S,12.4000,12.3900,12.3800,12.3600,12.3500,12.4100,12.4200,12.4300,12.4400,12.4500,200,254,159,159,60,238,149,194,205,211
SZ,002376,2017-01-03 09:52:06,12.4000,1,1240.0000,1,S,12.4000,12.3900,12.3800,12.3600,12.3500,12.4100,12.4200,12.4300,12.4400,12.4500,199,254,159,159,60,238,149,194,205,211
SZ,002376,2017-01-03 09:52:18,12.4000,5,195920.0000,158,S,12.4000,12.3900,12.3800,12.3600,12.3500,12.4100,12.4200,12.4300,12.4400,12.4500,149,254,159,159,60,241,149,194,205,211
SZ,002376,2017-01-03 09:52:24,12.4000,1,9920.0000,8,S,12.4000,12.3900,12.3800,12.3600,12.3500,12.4100,12.4200,12.4300,12.4400,12.4500,141,254,162,159,60,257,149,194,205,211
SZ,002376,2017-01-03 09:52:36,12.4000,1,4960.0000,4,S,12.4000,12.3900,12.3800,12.3600,12.3500,12.4100,12.4200,12.4300,12.4400,12.4500,157,254,162,159,60,263,149,194,205,211
SZ,002376,2017-01-03 09:52:42,12.4000,6,38440.0000,31,S,12.4000,12.3900,12.3800,12.3600,12.3500,12.4100,12.4200,12.4300,12.4400,12.4500,126,254,162,159,60,263,149,194,205,211
SZ,002376,2017-01-03 09:52:45,12.4000,4,11160.0000,9,S,12.4000,12.3900,12.3800,12.3600,12.3500,12.4100,12.4200,12.4300,12.4400,12.4500,117,254,162,159,60,263,149,194,205,211
SZ,002376,2017-01-03 09:52:48,12.4000,3,37200.0000,30,S,12.4000,12.3900,12.3800,12.3600,12.3500,12.4100,12.4200,12.4300,12.4400,12.4500,87,254,162,159,60,253,149,194,205,211
SZ,002376,2017-01-03 09:52:54,12.4000,2,107880.0000,87,S,12.3900,12.3800,12.3600,12.3500,12.3400,12.4000,12.4100,12.4200,12.4300,12.4400,254,162,159,60,40,13,257,149,194,205
SZ,002376,2017-01-03 09:52:57,12.3900,1,16107.0000,13,S,12.3900,12.3800,12.3600,12.3500,12.3400,12.4000,12.4100,12.4200,12.4300,12.4400,241,162,159,60,40,23,257,149,194,205
SZ,002376,2017-01-03 09:53:03,12.3900,3,24780.0000,20,S,12.3900,12.3800,12.3600,12.3500,12.3400,12.4000,12.4100,12.4200,12.4300,12.4400,221,162,159,60,40,97,257,154,194,205
SZ,002376,2017-01-03 09:53:06,12.4000,3,107880.0000,87,B,12.4000,12.3900,12.3800,12.3600,12.3500,12.4100,12.4200,12.4300,12.4400,12.4500,113,221,162,159,60,257,154,194,205,211
SZ,002376,2017-01-03 09:53:09,12.4000,1,6200.0000,5,S,12.4000,12.3900,12.3800,12.3600,12.3500,12.4100,12.4200,12.4300,12.4400,12.4500,108,221,162,159,60,257,154,194,205,211
SZ,002376,2017-01-03 09:53:18,12.4000,1,6200.0000,5,S,12.4000,12.3900,12.3800,12.3600,12.3500,12.4100,12.4200,12.4300,12.4400,12.4500,103,221,196,159,60,257,154,194,205,211
SZ,002376,2017-01-03 09:53:21,12.4100,2,9928.0000,8,B,12.4000,12.3900,12.3800,12.3600,12.3500,12.4100,12.4200,12.4300,12.4400,12.4500,103,221,196,159,60,249,154,194,205,211
SZ,002376,2017-01-03 09:53:30,12.4000,1,6200.0000,5,S,12.4000,12.3900,12.3800,12.3600,12.3500,12.4100,12.4200,12.4300,12.4400,12.4500,98,221,196,159,60,251,154,194,205,211
SZ,002376,2017-01-03 09:53:36,12.4000,1,6200.0000,5,S,12.4000,12.3900,12.3800,12.3600,12.3500,12.4100,12.4200,12.4300,12.4400,12.4500,138,221,196,159,60,251,154,194,205,211
SZ,002376,2017-01-03 09:53:42,12.4000,1,4960.0000,4,S,12.4000,12.3900,12.3800,12.3600,12.3500,12.4100,12.4200,12.4300,12.4400,12.4500,134,221,201,159,60,251,154,194,205,211
SZ,002376,2017-01-03 09:54:09,12.4100,3,47158.0000,38,B,12.4000,12.3900,12.3800,12.3600,12.3500,12.4100,12.4200,12.4300,12.4400,12.4500,426,225,201,159,60,243,154,194,205,211
SZ,002376,2017-01-03 09:54:12,12.4000,2,124000.0000,100,S,12.4000,12.3900,12.3800,12.3600,12.3500,12.4100,12.4200,12.4300,12.4400,12.4500,326,225,201,159,60,243,154,194,205,211
SZ,002376,2017-01-03 09:54:18,12.4100,2,2481.0000,2,B,12.4000,12.3900,12.3800,12.3600,12.3500,12.4100,12.4200,12.4300,12.4400,12.4500,325,225,201,159,60,262,154,194,205,211
SZ,002376,2017-01-03 09:54:24,12.4100,1,2482.0000,2,B,12.4000,12.3900,12.3800,12.3600,12.3500,12.4100,12.4200,12.4300,12.4400,12.4500,330,225,201,134,60,260,154,194,205,211
SZ,002376,2017-01-03 09:54:27,12.4000,1,12400.0000,10,S,12.4000,12.3900,12.3800,12.3600,12.3500,12.4100,12.4200,12.4300,12.4400,12.4500,320,225,167,134,60,260,157,194,205,211
SZ,002376,2017-01-03 09:54:30,12.4000,2,2480.0000,2,S,12.4000,12.3900,12.3800,12.3600,12.3500,12.4100,12.4200,12.4300,12.4400,12.4500,318,225,167,134,60,263,147,194,205,211
SZ,002376,2017-01-03 09:54:33,12.4100,1,62050.0000,50,B,12.4000,12.3900,12.3800,12.3600,12.3500,12.4100,12.4200,12.4300,12.4400,12.4500,318,225,167,134,60,213,147,194,205,211
SZ,002376,2017-01-03 09:54:39,12.4000,1,6200.0000,5,S,12.4000,12.3900,12.3800,12.3600,12.3500,12.4100,12.4200,12.4300,12.4400,12.4500,313,225,167,134,60,213,137,194,205,211
SZ,002376,2017-01-03 09:54:42,12.4100,1,37230.0000,30,B,12.4000,12.3900,12.3800,12.3600,12.3500,12.4100,12.4200,12.4300,12.4400,12.4500,313,225,167,134,60,183,137,194,205,211
SZ,002376,2017-01-03 09:54:51,12.4000,2,8684.0000,7,S,12.4000,12.3900,12.3800,12.3600,12.3500,12.4100,12.4200,12.4300,12.4400,12.4500,310,225,167,134,60,189,187,194,205,211
SZ,002376,2017-01-03 09:55:06,12.4000,3,13642.0000,11,S,12.4000,12.3900,12.3800,12.3600,12.3500,12.4100,12.4200,12.4300,12.4400,12.4500,305,225,167,134,60,199,187,194,205,211
SZ,002376,2017-01-03 09:55:18,12.4000,1,1240.0000,1,S,12.4000,12.3900,12.3800,12.3600,12.3500,12.4100,12.4200,12.4300,12.4400,12.4500,334,225,167,134,60,217,187,194,205,211
SZ,002376,2017-01-03 09:55:30,12.4000,2,9920.0000,8,S,12.4000,12.3900,12.3800,12.3600,12.3500,12.4100,12.4200,12.4300,12.4400,12.4500,343,225,167,134,55,247,187,194,205,231
SZ,002376,2017-01-03 09:55:36,12.4100,1,4964.0000,4,B,12.4000,12.3900,12.3800,12.3600,12.3500,12.4100,12.4200,12.4300,12.4400,12.4500,346,225,167,134,55,243,187,194,205,231
SZ,002376,2017-01-03 09:55:57,12.4000,1,3720.0000,3,S,12.4000,12.3900,12.3800,12.3600,12.3500,12.4100,12.4200,12.4300,12.4400,12.4500,310,225,167,134,55,248,190,194,205,241
SZ,002376,2017-01-03 09:56:00,12.4100,1,4964.0000,4,B,12.4000,12.3900,12.3800,12.3600,12.3500,12.4100,12.4200,12.4300,12.4400,12.4500,310,225,167,134,55,324,190,194,205,241
SZ,002376,2017-01-03 09:56:03,12.4100,2,37230.0000,30,B,12.4000,12.3900,12.3800,12.3600,12.3500,12.4100,12.4200,12.4300,12.4400,12.4500,310,225,167,134,55,294,190,194,205,241
SZ,002376,2017-01-03 09:56:06,12.4100,1,4964.0000,4,B,12.4000,12.3900,12.3800,12.3600,12.3500,12.4100,12.4200,12.4300,12.4400,12.4500,310,225,167,134,55,290,190,194,205,241
SZ,002376,2017-01-03 09:56:09,12.4100,1,24820.0000,20,B,12.4000,12.3900,12.3800,12.3600,12.3500,12.4100,12.4200,12.4300,12.4400,12.4500,310,225,167,134,55,270,190,194,205,241
SZ,002376,2017-01-03 09:56:15,12.4100,1,6205.0000,5,B,12.4000,12.3900,12.3800,12.3600,12.3500,12.4100,12.4200,12.4300,12.4400,12.4500,310,225,167,134,55,267,190,194,205,241
SZ,002376,2017-01-03 09:56:18,12.4000,2,3722.0000,3,S,12.4000,12.3900,12.3800,12.3600,12.3500,12.4100,12.4200,12.4300,12.4400,12.4500,309,225,167,134,55,265,190,194,205,241
SZ,002376,2017-01-03 09:56:30,12.4000,1,6200.0000,5,S,12.4000,12.3900,12.3800,12.3600,12.3500,12.4100,12.4200,12.4300,12.4400,12.4500,304,225,167,134,55,268,190,194,205,251
SZ,002376,2017-01-03 09:56:33,12.4000,2,88040.0000,71,S,12.4000,12.3900,12.3800,12.3600,12.3500,12.4100,12.4200,12.4300,12.4400,12.4500,233,225,167,134,55,268,190,194,205,251
SZ,002376,2017-01-03 09:56:36,12.4000,3,73160.0000,59,S,12.4000,12.3900,12.3800,12.3600,12.3500,12.4100,12.4200,12.4300,12.4400,12.4500,174,225,167,134,55,265,190,194,205,251
SZ,002376,2017-01-03 09:56:42,12.4000,1,6200.0000,5,S,12.4000,12.3900,12.3800,12.3600,12.3500,12.4100,12.4200,12.4300,12.4400,12.4500,169,225,167,134,55,265,190,194,205,251
SZ,002376,2017-01-03 09:56:45,12.4000,1,33480.0000,27,S,12.4000,12.3900,12.3800,12.3600,12.3500,12.4100,12.4200,12.4300,12.4400,12.4500,142,225,167,134,55,265,190,194,205,251
SZ,002376,2017-01-03 09:56:48,12.4000,1,74400.0000,60,S,12.4000,12.3900,12.3800,12.3600,12.3500,12.4100,12.4200,12.4300,12.4400,12.4500,82,225,167,134,55,265,190,194,205,251
SZ,002376,2017-01-03 09:56:51,12.4000,7,101680.0000,82,S,12.3900,12.3800,12.3600,12.3500,12.3400,12.4000,12.4100,12.4200,12.4300,12.4400,225,167,134,55,40,5,265,190,194,205
SZ,002376,2017-01-03 09:56:54,12.4000,1,6200.0000,5,B,12.4000,12.3900,12.3800,12.3600,12.3500,12.4100,12.4200,12.4300,12.4400,12.4500,5,225,167,134,55,265,190,194,205,261
SZ,002376,2017-01-03 09:56:57,12.4100,2,13648.0000,11,B,12.4000,12.3900,12.3800,12.3600,12.3500,12.4100,12.4200,12.4300,12.4400,12.4500,2,225,167,134,55,257,190,194,205,261
SZ,002376,2017-01-03 09:57:03,12.3900,2,9914.0000,8,S,12.3900,12.3800,12.3600,12.3500,12.3400,12.4100,12.4200,12.4300,12.4400,12.4500,219,167,23,55,40,257,190,194,205,261
SZ,002376,2017-01-03 09:57:06,12.4000,4,27301.0000,22,B,12.4000,12.3900,12.3800,12.3600,12.3500,12.4100,12.4200,12.4300,12.4400,12.4500,44,219,167,23,55,236,190,194,205,261
SZ,002376,2017-01-03 09:57:15,12.4000,1,7440.0000,6,S,12.4000,12.3900,12.3800,12.3600,12.3500,12.4100,12.4200,12.4300,12.4400,12.4500,38,219,167,23,55,236,190,194,205,261
SZ,002376,2017-01-03 09:57:18,12.4000,1,1240.0000,1,S,12.4000,12.3900,12.3800,12.3600,12.3500,12.4100,12.4200,12.4300,12.4400,12.4500,37,219,167,23,55,236,190,194,205,261
SZ,002376,2017-01-03 09:57:24,12.4000,1,45880.0000,37,S,12.3900,12.3800,12.3600,12.3500,12.3400,12.4000,12.4100,12.4200,12.4300,12.4400,219,167,23,55,40,163,236,190,194,205
SZ,002376,2017-01-03 09:57:27,12.3900,1,9912.0000,8,S,12.3900,12.3800,12.3600,12.3500,12.3400,12.4000,12.4100,12.4200,12.4300,12.4400,211,167,23,55,40,163,236,190,194,205
SZ,002376,2017-01-03 09:57:48,12.4000,1,3720.0000,3,B,12.3900,12.3800,12.3600,12.3500,12.3400,12.4000,12.4100,12.4200,12.4300,12.4400,258,167,23,55,40,180,236,210,194,205
SZ,002376,2017-01-03 09:58:00,12.3900,1,43365.0000,35,S,12.3900,12.3800,12.3600,12.3500,12.3400,12.4000,12.4100,12.4200,12.4300,12.4400,223,167,23,55,40,180,246,210,194,205
SZ,002376,2017-01-03 09:58:18,12.4000,3,13639.0000,11,B,12.3900,12.3800,12.3600,12.3500,12.3400,12.4000,12.4100,12.4200,12.4300,12.4400,242,167,23,55,40,170,246,210,194,205
SZ,002376,2017-01-03 09:58:24,12.3900,4,123900.0000,100,S,12.3900,12.3800,12.3600,12.3500,12.3400,12.4000,12.4100,12.4200,12.4300,12.4400,142,167,23,55,34,180,248,210,194,205
SZ,002376,2017-01-03 09:58:27,12.3900,1,1239.0000,1,S,12.3900,12.3800,12.3600,12.3500,12.3400,12.4000,12.4100,12.4200,12.4300,12.4400,141,167,23,55,34,180,248,210,194,205
SZ,002376,2017-01-03 09:58:42,12.4000,1,24800.0000,20,B,12.3900,12.3800,12.3600,12.3500,12.3400,12.4000,12.4100,12.4200,12.4300,12.4400,122,167,23,74,128,179,246,210,194,205
SZ,002376,2017-01-03 09:58:48,12.3900,1,1239.0000,1,S,12.3900,12.3800,12.3600,12.3500,12.3400,12.4000,12.4100,12.4200,12.4300,12.4400,121,172,23,74,128,179,246,210,194,205
SZ,002376,2017-01-03 09:58:51,12.3900,2,48359.0000,39,S,12.3900,12.3800,12.3600,12.3500,12.3400,12.4000,12.4100,12.4200,12.4300,12.4400,82,172,23,74,128,145,246,210,194,205
SZ,002376,2017-01-03 09:58:54,12.3900,2,28497.0000,23,S,12.3900,12.3800,12.3600,12.3500,12.3400,12.4000,12.4100,12.4200,12.4300,12.4400,59,172,23,74,47,145,246,210,194,205
SZ,002376,2017-01-03 09:58:57,12.3900,1,24780.0000,20,S,12.3900,12.3800,12.3600,12.3500,12.3400,12.4000,12.4100,12.4200,12.4300,12.4400,39,172,23,74,47,145,246,210,194,205
SZ,002376,2017-01-03 09:59:03,12.3900,3,7434.0000,6,S,12.3900,12.3800,12.3600,12.3500,12.3400,12.4000,12.4100,12.4200,12.4300,12.4400,33,172,23,94,47,185,236,210,194,205
SZ,002376,2017-01-03 09:59:06,12.3900,3,11151.0000,9,S,12.3900,12.3800,12.3600,12.3500,12.3400,12.4000,12.4100,12.4200,12.4300,12.4400,24,172,23,94,47,185,236,210,194,205
SZ,002376,2017-01-03 09:59:12,12.3900,4,29736.0000,24,S,12.3800,12.3600,12.3500,12.3400,12.3300,12.3900,12.4000,12.4100,12.4200,12.4300,172,23,94,47,142,47,237,236,210,194
SZ,002376,2017-01-03 09:59:15,12.3800,1,29712.0000,24,S,12.3800,12.3600,12.3500,12.3400,12.3300,12.3900,12.4000,12.4100,12.4200,12.4300,148,23,94,147,142,47,237,236,210,194
SZ,002376,2017-01-03 09:59:18,12.3800,1,1238.0000,1,S,12.3800,12.3600,12.3500,12.3400,12.3300,12.3900,12.4000,12.4100,12.4200,12.4300,147,23,94,147,142,47,237,236,210,194
SZ,002376,2017-01-03 09:59:27,12.3800,1,4952.0000,4,S,12.3800,12.3600,12.3500,12.3400,12.3300,12.3900,12.4000,12.4100,12.4200,12.4300,143,23,94,147,142,47,237,236,210,194
SZ,002376,2017-01-03 09:59:39,12.3900,1,11151.0000,9,B,12.3800,12.3600,12.3500,12.3400,12.3300,12.3900,12.4000,12.4100,12.4200,12.4300,165,23,99,147,142,67,237,236,210,194
SZ,002376,2017-01-03 09:59:54,12.3900,1,14868.0000,12,B,12.3800,12.3600,12.3500,12.3400,12.3300,12.3900,12.4000,12.4100,12.4200,12.4300,165,23,110,147,142,55,222,236,210,194
SZ,002376,2017-01-03 10:00:18,12.3900,2,30974.0000,25,B,12.3800,12.3600,12.3500,12.3400,12.3300,12.3900,12.4000,12.4100,12.4200,12.4300,164,23,110,147,142,63,222,273,210,194
SZ,002376,2017-01-03 10:00:24,12.3800,1,12380.0000,10,S,12.3800,12.3600,12.3500,12.3400,12.3300,12.3900,12.4000,12.4100,12.4200,12.4300,154,23,110,147,139,63,222,317,210,194
SZ,002376,2017-01-03 10:00:30,12.3800,3,18570.0000,15,S,12.3800,12.3600,12.3500,12.3400,12.3300,12.3900,12.4000,12.4100,12.4200,12.4300,139,23,110,147,139,63,222,317,210,194
SZ,002376,2017-01-03 10:00:45,12.3900,3,45836.0000,37,B,12.3800,12.3600,12.3500,12.3400,12.3300,12.3900,12.4000,12.4100,12.4200,12.4300,132,25,110,147,139,33,223,317,210,194
SZ,002376,2017-01-03 10:01:00,12.3900,3,4956.0000,4,B,12.3800,12.3600,12.3500,12.3400,12.3300,12.3900,12.4000,12.4100,12.4200,12.4300,132,25,99,147,139,29,223,399,210,194
SZ,002376,2017-01-03 10:01:03,12.3900,3,27258.0000,22,B,12.3800,12.3600,12.3500,12.3400,12.3300,12.3900,12.4000,12.4100,12.4200,12.4300,132,25,99,147,139,7,223,399,210,194
SZ,002376,2017-01-03 10:01:09,12.3800,11,163416.0000,132,S,12.3600,12.3500,12.3400,12.3300,12.3200,12.3800,12.3900,12.4000,12.4100,12.4200,36,99,147,139,140,75,8,289,399,210
SZ,002376,2017-01-03 10:01:12,12.3800,1,2476.0000,2,B,12.3600,12.3500,12.3400,12.3300,12.3200,12.3800,12.3900,12.4000,12.4100,12.4200,36,99,147,139,140,73,8,289,399,210
SZ,002376,2017-01-03 10:01:15,12.3800,1,2476.0000,2,B,12.3600,12.3500,12.3400,12.3300,12.3200,12.3800,12.3900,12.4000,12.4100,12.4200,36,99,147,139,140,71,8,289,399,210
SZ,002376,2017-01-03 10:01:24,12.3600,1,1236.0000,1,S,12.3600,12.3500,12.3400,12.3300,12.3200,12.3800,12.3900,12.4000,12.4100,12.4200,35,99,147,139,140,71,8,285,399,210
SZ,002376,2017-01-03 10:01:48,12.3800,2,85422.0000,69,B,12.3600,12.3500,12.3400,12.3300,12.3200,12.3800,12.3900,12.4000,12.4100,12.4200,35,102,147,139,160,4,58,285,399,210
SZ,002376,2017-01-03 10:01:54,12.3800,2,4952.0000,4,B,12.3600,12.3500,12.3400,12.3300,12.3200,12.3800,12.3900,12.4000,12.4100,12.4200,61,102,147,139,160,15,58,285,399,210
SZ,002376,2017-01-03 10:02:03,12.3700,3,14843.0000,12,B,12.3600,12.3500,12.3400,12.3300,12.3200,12.3700,12.3800,12.3900,12.4000,12.4100,125,102,147,139,160,118,25,57,285,399
SZ,002376,2017-01-03 10:02:06,12.3600,1,1236.0000,1,S,12.3600,12.3500,12.3400,12.3300,12.3200,12.3700,12.3800,12.3900,12.4000,12.4100,124,102,147,139,160,118,25,57,285,399
SZ,002376,2017-01-03 10:02:18,12.3600,2,3709.0000,3,S,12.3600,12.3500,12.3400,12.3300,12.3200,12.3700,12.3800,12.3900,12.4000,12.4100,122,215,147,139,160,117,25,57,285,399
SZ,002376,2017-01-03 10:02:27,12.3600,1,1236.0000,1,S,12.3600,12.3500,12.3400,12.3300,12.3200,12.3700,12.3800,12.3900,12.4000,12.4100,121,217,147,139,160,124,15,57,285,399
SZ,002376,2017-01-03 10:02:30,12.3600,1,2472.0000,2,S,12.3600,12.3500,12.3400,12.3300,12.3200,12.3700,12.3800,12.3900,12.4000,12.4100,119,217,147,139,160,124,15,52,285,399
SZ,002376,2017-01-03 10:02:33,12.3700,1,123700.0000,100,B,12.3600,12.3500,12.3400,12.3300,12.3200,12.3700,12.3800,12.3900,12.4000,12.4100,119,223,147,139,160,25,15,52,285,399
SZ,002376,2017-01-03 10:02:36,12.3600,5,24720.0000,20,S,12.3600,12.3500,12.3400,12.3300,12.3200,12.3700,12.3800,12.3900,12.4000,12.4100,99,223,147,139,160,25,15,52,285,399
SZ,002376,2017-01-03 10:02:42,12.3600,2,12360.0000,10,S,12.3600,12.3500,12.3400,12.3300,12.3200,12.3700,12.3800,12.3900,12.4000,12.4100,89,223,147,139,160,25,15,52,285,399
SZ,002376,2017-01-03 10:02:45,12.3600,1,6180.0000,5,S,12.3600,12.3500,12.3400,12.3300,12.3200,12.3700,12.3800,12.3900,12.4000,12.4100,121,223,147,139,160,25,15,52,285,399
SZ,002376,2017-01-03 10:03:09,12.3600,1,1236.0000,1,S,12.3600,12.3500,12.3400,12.3300,12.3200,12.3700,12.3800,12.3900,12.4000,12.4100,93,110,147,159,160,38,15,52,285,399
SZ,002376,2017-01-03 10:03:12,12.3600,3,93936.0000,76,S,12.3600,12.3500,12.3400,12.3300,12.3200,12.3700,12.3800,12.3900,12.4000,12.4100,17,110,123,159,160,38,15,52,285,399
SZ,002376,2017-01-03 10:03:18,12.3600,2,8652.0000,7,S,12.3600,12.3500,12.3400,12.3300,12.3200,12.3700,12.3800,12.3900,12.4000,12.4100,10,110,123,159,160,38,15,52,285,399
SZ,002376,2017-01-03 10:03:36,12.3600,1,6180.0000,5,S,12.3600,12.3500,12.3400,12.3300,12.3200,12.3700,12.3800,12.3900,12.4000,12.4100,25,110,128,169,160,38,15,52,285,399
SZ,002376,2017-01-03 10:03:51,12.3600,4,51912.0000,42,S,12.3600,12.3500,12.3400,12.3300,12.3200,12.3700,12.3800,12.3900,12.4000,12.4100,31,217,128,204,160,38,15,42,285,389
SZ,002376,2017-01-03 10:04:09,12.3700,1,2474.0000,2,B,12.3600,12.3500,12.3400,12.3300,12.3200,12.3700,12.3800,12.3900,12.4000,12.4100,121,217,128,213,160,36,15,42,285,386
SZ,002376,2017-01-03 10:04:18,12.3600,1,1236.0000,1,S,12.3600,12.3500,12.3400,12.3300,12.3200,12.3700,12.3800,12.3900,12.4000,12.4100,120,217,128,213,160,16,15,42,295,386
SZ,002376,2017-01-03 10:04:33,12.3700,3,8659.0000,7,B,12.3600,12.3500,12.3400,12.3300,12.3200,12.3700,12.3800,12.3900,12.4000,12.4100,166,217,178,213,160,9,15,52,295,386
SZ,002376,2017-01-03 10:04:39,12.3700,2,12369.0000,10,B,12.3700,12.3600,12.3500,12.3400,12.3300,12.3800,12.3900,12.4000,12.4100,12.4200,41,185,217,178,213,15,52,295,386,214
SZ,002376,2017-01-03 10:04:45,12.3700,1,2474.0000,2,S,12.3700,12.3600,12.3500,12.3400,12.3300,12.3800,12.3900,12.4000,12.4100,12.4200,69,185,217,178,213,15,52,295,386,214
SZ,002376,2017-01-03 10:04:54,12.3800,1,1238.0000,1,B,12.3700,12.3600,12.3500,12.3400,12.3300,12.3800,12.3900,12.4000,12.4100,12.4200,69,185,212,178,213,15,52,295,386,214
SZ,002376,2017-01-03 10:05:18,12.3800,2,2475.0000,2,B,12.3700,12.3600,12.3500,12.3400,12.3300,12.3800,12.3900,12.4000,12.4100,12.4200,68,205,212,178,213,19,52,295,386,214
SZ,002376,2017-01-03 10:05:33,12.3700,1,2474.0000,2,S,12.3700,12.3600,12.3500,12.3400,12.3300,12.3800,12.3900,12.4000,12.4100,12.4200,66,205,212,178,213,40,52,295,371,164
SZ,002376,2017-01-03 10:05:54,12.3700,1,6185.0000,5,S,12.3700,12.3600,12.3500,12.3400,12.3300,12.3800,12.3900,12.4000,12.4100,12.4200,62,210,216,178,213,65,52,295,371,164
SZ,002376,2017-01-03 10:06:06,12.3700,1,1237.0000,1,S,12.3700,12.3600,12.3500,12.3400,12.3300,12.3800,12.3900,12.4000,12.4100,12.4200,61,210,216,178,213,65,52,295,371,164
SZ,002376,2017-01-03 10:06:12,12.3800,5,24760.0000,20,B,12.3700,12.3600,12.3500,12.3400,12.3300,12.3800,12.3900,12.4000,12.4100,12.4200,61,210,216,178,213,45,82,295,371,164
SZ,002376,2017-01-03 10:06:15,12.3700,1,12370.0000,10,S,12.3700,12.3600,12.3500,12.3400,12.3300,12.3800,12.3900,12.4000,12.4100,12.4200,51,210,216,178,213,45,82,295,371,164
SZ,002376,2017-01-03 10:06:18,12.3800,3,7427.0000,6,B,12.3700,12.3600,12.3500,12.3400,12.3300,12.3800,12.3900,12.4000,12.4100,12.4200,50,210,216,178,213,40,82,295,371,164
SZ,002376,2017-01-03 10:06:36,12.3800,5,35902.0000,29,B,12.3700,12.3600,12.3500,12.3400,12.3300,12.3800,12.3900,12.4000,12.4100,12.4200,50,210,216,178,213,11,82,295,367,164
SZ,002376,2017-01-03 10:07:06,12.3800,2,18570.0000,15,B,12.3800,12.3700,12.3600,12.3500,12.3400,12.3900,12.4000,12.4100,12.4200,12.4300,5,53,215,216,178,82,299,367,164,144
SZ,002376,2017-01-03 10:07:12,12.3900,4,29736.0000,24,B,12.3800,12.3700,12.3600,12.3500,12.3400,12.3900,12.4000,12.4100,12.4200,12.4300,5,53,222,216,178,58,299,367,164,144
SZ,002376,2017-01-03 10:07:18,12.3800,1,1238.0000,1,S,12.3800,12.3700,12.3600,12.3500,12.3400,12.3900,12.4000,12.4100,12.4200,12.4300,4,23,222,216,178,58,299,367,164,144
SZ,002376,2017-01-03 10:07:24,12.3900,2,29736.0000,24,B,12.3800,12.3700,12.3600,12.3500,12.3400,12.3900,12.4000,12.4100,12.4200,12.4300,4,23,222,216,198,34,289,350,164,144
SZ,002376,2017-01-03 10:07:48,12.3900,2,12390.0000,10,B,12.3800,12.3700,12.3600,12.3500,12.3400,12.3900,12.4000,12.4100,12.4200,12.4300,40,23,222,197,198,24,289,350,164,343
SZ,002376,2017-01-03 10:07:51,12.3900,1,6195.0000,5,B,12.3800,12.3700,12.3600,12.3500,12.3400,12.3900,12.4000,12.4100,12.4200,12.4300,40,205,222,197,198,19,289,350,164,343
SZ,002376,2017-01-03 10:07:54,12.3900,1,2478.0000,2,B,12.3800,12.3700,12.3600,12.3500,12.3400,12.3900,12.4000,12.4100,12.4200,12.4300,40,205,222,197,198,17,289,350,164,343
SZ,002376,2017-01-03 10:08:00,12.3900,1,11151.0000,9,B,12.3800,12.3700,12.3600,12.3500,12.3400,12.3900,12.4000,12.4100,12.4200,12.4300,40,205,217,197,198,8,299,350,164,343
SZ,002376,2017-01-03 10:08:12,12.4000,2,48352.0000,39,B,12.3800,12.3700,12.3600,12.3500,12.3400,12.4000,12.4100,12.4200,12.4300,12.4400,41,205,217,197,198,272,350,164,343,205
SZ,002376,2017-01-03 10:08:18,12.4000,2,2478.0000,2,B,12.3800,12.3700,12.3600,12.3500,12.3400,12.4000,12.4100,12.4200,12.4300,12.4400,40,235,210,197,198,271,350,164,343,205
SZ,002376,2017-01-03 10:08:24,12.3800,1,1238.0000,1,S,12.3800,12.3700,12.3600,12.3500,12.3400,12.4000,12.4100,12.4200,12.4300,12.4400,69,235,210,197,198,271,330,164,343,205
SZ,002376,2017-01-03 10:08:27,12.4000,1,1240.0000,1,B,12.3800,12.3700,12.3600,12.3500,12.3400,12.4000,12.4100,12.4200,12.4300,12.4400,90,234,210,197,198,270,330,164,343,205
SZ,002376,2017-01-03 10:08:45,12.4000,1,2480.0000,2,B,12.3800,12.3700,12.3600,12.3500,12.3400,12.4000,12.4100,12.4200,12.4300,12.4400,125,234,210,197,198,268,330,164,343,205
SZ,002376,2017-01-03 10:08:48,12.4000,1,14880.0000,12,B,12.3800,12.3700,12.3600,12.3500,12.3400,12.3900,12.4000,12.4100,12.4200,12.4300,125,234,210,197,198,20,256,330,164,343
SZ,002376,2017-01-03 10:09:00,12.3900,1,24780.0000,20,B,12.3900,12.3800,12.3700,12.3600,12.3500,12.4000,12.4100,12.4200,12.4300,12.4400,2,125,258,180,197,256,330,164,343,205
SZ,002376,2017-01-03 10:09:15,12.4000,1,37200.0000,30,B,12.3900,12.3800,12.3700,12.3600,12.3500,12.4000,12.4100,12.4200,12.4300,12.4400,55,121,258,157,197,226,330,108,343,205
SZ,002376,2017-01-03 10:09:18,12.3900,4,68145.0000,55,S,12.3800,12.3700,12.3600,12.3500,12.3400,12.3900,12.4000,12.4100,12.4200,12.4300,121,258,157,197,201,446,226,330,108,343
SZ,002376,2017-01-03 10:09:54,12.3700,11,247522.0000,200,S,12.3700,12.3600,12.3500,12.3400,12.3300,12.3900,12.4000,12.4100,12.4200,12.4300,181,157,143,203,204,450,224,385,108,343
SZ,002376,2017-01-03 10:09:57,12.3700,1,150914.0000,122,S,12.3700,12.3600,12.3500,12.3400,12.3300,12.3900,12.4000,12.4100,12.4200,12.4300,59,157,143,203,204,450,224,385,108,343
SZ,002376,2017-01-03 10:10:06,12.3700,1,1237.0000,1,S,12.3700,12.3600,12.3500,12.3400,12.3300,12.3800,12.3900,12.4000,12.4100,12.4200,58,157,143,203,204,109,450,224,385,108
SZ,002376,2017-01-03 10:10:18,12.3800,1,6190.0000,5,B,12.3700,12.3600,12.3500,12.3400,12.3300,12.3800,12.3900,12.4000,12.4100,12.4200,58,137,143,203,204,104,484,224,385,105
SZ,002376,2017-01-03 10:10:21,12.3800,1,6190.0000,5,B,12.3700,12.3600,12.3500,12.3400,12.3300,12.3800,12.3900,12.4000,12.4100,12.4200,58,137,143,203,204,20,484,224,385,105
SZ,002376,2017-01-03 10:10:36,12.3700,5,96486.0000,78,S,12.3600,12.3500,12.3400,12.3300,12.3200,12.3700,12.3800,12.3900,12.4000,12.4100,137,143,203,204,140,1,20,484,224,385
SZ,002376,2017-01-03 10:10:42,12.3800,3,24759.0000,20,B,12.3700,12.3600,12.3500,12.3400,12.3300,12.3800,12.3900,12.4000,12.4100,12.4200,2,137,143,203,204,1,484,224,385,105
SZ,002376,2017-01-03 10:10:57,12.3800,2,6190.0000,5,B,12.3800,12.3700,12.3600,12.3500,12.3400,12.3900,12.4000,12.4100,12.4200,12.4300,58,107,147,163,203,484,224,365,105,353
SZ,002376,2017-01-03 10:11:00,12.3800,1,71804.0000,58,S,12.3700,12.3600,12.3500,12.3400,12.3300,12.3800,12.3900,12.4000,12.4100,12.4200,107,147,163,203,204,32,484,224,365,105
SZ,002376,2017-01-03 10:11:09,12.3800,1,12380.0000,10,B,12.3700,12.3600,12.3500,12.3400,12.3300,12.3800,12.3900,12.4000,12.4100,12.4200,128,147,163,203,204,22,484,224,365,105
SZ,002376,2017-01-03 10:11:12,12.3900,2,64406.0000,52,B,12.3700,12.3600,12.3500,12.3400,12.3300,12.3900,12.4000,12.4100,12.4200,12.4300,128,147,163,203,204,454,224,365,105,353
SZ,002376,2017-01-03 10:11:18,12.3900,2,34690.0000,28,B,12.3800,12.3700,12.3600,12.3500,12.3400,12.3900,12.4000,12.4100,12.4200,12.4300,17,147,147,163,203,428,224,365,105,353
SZ,002376,2017-01-03 10:11:21,12.3700,4,84133.0000,68,S,12.3700,12.3600,12.3500,12.3400,12.3300,12.3900,12.4000,12.4100,12.4200,12.4300,96,147,163,203,204,428,224,365,105,353
SZ,002376,2017-01-03 10:11:30,12.3900,1,6195.0000,5,B,12.3800,12.3700,12.3600,12.3500,12.3400,12.3900,12.4000,12.4100,12.4200,12.4300,20,96,147,163,254,423,224,365,105,353
SZ,002376,2017-01-03 10:11:42,12.3800,1,24760.0000,20,S,12.3700,12.3600,12.3500,12.3400,12.3300,12.3800,12.3900,12.4000,12.4100,12.4200,101,147,163,254,208,488,423,229,365,106
SZ,002376,2017-01-03 10:11:48,12.3800,2,29712.0000,24,B,12.3700,12.3600,12.3500,12.3400,12.3300,12.3800,12.3900,12.4000,12.4100,12.4200,101,147,163,254,208,479,423,229,365,106
SZ,002376,2017-01-03 10:11:54,12.3800,1,12380.0000,10,B,12.3700,12.3600,12.3500,12.3400,12.3300,12.3800,12.3900,12.4000,12.4100,12.4200,101,147,163,254,208,376,423,229,365,106
SZ,002376,2017-01-03 10:11:57,12.3800,1,17332.0000,14,B,12.3700,12.3600,12.3500,12.3400,12.3300,12.3800,12.3900,12.4000,12.4100,12.4200,101,147,163,254,208,362,423,229,365,106
SZ,002376,2017-01-03 10:12:00,12.3700,3,115041.0000,93,S,12.3700,12.3600,12.3500,12.3400,12.3300,12.3800,12.3900,12.4000,12.4100,12.4200,8,147,163,254,208,362,423,229,365,106
SZ,002376,2017-01-03 10:12:18,12.3700,1,1237.0000,1,S,12.3700,12.3600,12.3500,12.3400,12.3300,12.3800,12.3900,12.4000,12.4100,12.4200,91,147,168,254,208,362,423,225,365,106
SZ,002376,2017-01-03 10:12:30,12.3700,4,112567.0000,91,S,12.3600,12.3500,12.3400,12.3300,12.3200,12.3700,12.3800,12.3900,12.4000,12.4100,147,168,254,208,140,9,362,38,225,365
SZ,002376,2017-01-03 10:12:36,12.3700,1,9896.0000,8,B,12.3600,12.3500,12.3400,12.3300,12.3200,12.3700,12.3800,12.3900,12.4000,12.4100,147,168,254,208,140,1,362,38,225,365
SZ,002376,2017-01-03 10:12:42,12.3600,1,6180.0000,5,S,12.3600,12.3500,12.3400,12.3300,12.3200,12.3700,12.3800,12.3900,12.4000,12.4100,142,281,254,208,140,1,362,38,225,365
SZ,002376,2017-01-03 10:13:18,12.3700,1,1237.0000,1,B,12.3600,12.3500,12.3400,12.3300,12.3200,12.3700,12.3800,12.3900,12.4000,12.4100,142,281,254,208,140,1,366,38,225,405
SZ,002376,2017-01-03 10:13:21,12.3600,1,6180.0000,5,S,12.3600,12.3500,12.3400,12.3300,12.3200,12.3700,12.3800,12.3900,12.4000,12.4100,161,281,254,208,140,1,366,38,225,405
SZ,002376,2017-01-03 10:13:39,12.3700,2,6185.0000,5,B,12.3600,12.3500,12.3400,12.3300,12.3200,12.3700,12.3800,12.3900,12.4000,12.4100,173,281,254,208,140,46,366,38,225,405
SZ,002376,2017-01-03 10:13:42,12.3800,3,217842.0000,176,B,12.3600,12.3500,12.3400,12.3300,12.3200,12.3800,12.3900,12.4000,12.4100,12.4200,173,281,254,208,140,236,38,225,405,105
SZ,002376,2017-01-03 10:13:57,12.3800,1,167130.0000,135,B,12.3700,12.3600,12.3500,12.3400,12.3300,12.3800,12.3900,12.4000,12.4100,12.4200,25,268,281,254,208,101,38,225,405,110
SZ,002376,2017-01-03 10:14:00,12.3700,1,6185.0000,5,S,12.3700,12.3600,12.3500,12.3400,12.3300,12.3800,12.3900,12.4000,12.4100,12.4200,20,268,281,254,208,106,38,225,405,110
SZ,002376,2017-01-03 10:14:06,12.3700,2,30925.0000,25,S,12.3600,12.3500,12.3400,12.3300,12.3200,12.3700,12.3800,12.3900,12.4000,12.4100,268,281,254,208,140,70,106,38,225,405
SZ,002376,2017-01-03 10:14:09,12.3700,1,42058.0000,34,B,12.3600,12.3500,12.3400,12.3300,12.3200,12.3700,12.3800,12.3900,12.4000,12.4100,268,281,254,208,140,36,106,38,225,405
SZ,002376,2017-01-03 10:14:18,12.3600,3,22264.0000,18,S,12.3600,12.3500,12.3400,12.3300,12.3200,12.3700,12.3800,12.3900,12.4000,12.4100,266,281,254,208,140,89,109,38,225,405
SZ,002376,2017-01-03 10:14:24,12.3700,2,63087.0000,51,B,12.3600,12.3500,12.3400,12.3300,12.3200,12.3700,12.3800,12.3900,12.4000,12.4100,266,281,254,208,140,38,109,48,225,405
SZ,002376,2017-01-03 10:14:30,12.3700,1,29688.0000,24,B,12.3600,12.3500,12.3400,12.3300,12.3200,12.3700,12.3800,12.3900,12.4000,12.4100,266,281,254,208,140,14,109,48,225,405
SZ,002376,2017-01-03 10:14:33,12.3800,3,32174.0000,26,B,12.3700,12.3600,12.3500,12.3400,12.3300,12.3800,12.3900,12.4000,12.4100,12.4200,86,266,281,254,208,97,48,215,405,90
SZ,002376,2017-01-03 10:14:51,12.3700,1,45769.0000,37,S,12.3700,12.3600,12.3500,12.3400,12.3300,12.3800,12.3900,12.4000,12.4100,12.4200,99,266,281,254,218,99,68,216,405,90
SZ,002376,2017-01-03 10:14:54,12.3800,1,61900.0000,50,B,12.3700,12.3600,12.3500,12.3400,12.3300,12.3800,12.3900,12.4000,12.4100,12.4200,99,266,281,254,218,49,68,216,405,90
SZ,002376,2017-01-03 10:15:18,12.3700,2,6185.0000,5,S,12.3700,12.3600,12.3500,12.3400,12.3300,12.3800,12.3900,12.4000,12.4100,12.4200,141,229,291,254,218,55,68,216,405,82
SZ,002376,2017-01-03 10:15:30,12.3700,2,33412.0000,27,S,12.3700,12.3600,12.3500,12.3400,12.3300,12.3800,12.3900,12.4000,12.4100,12.4200,131,229,294,254,218,42,118,216,405,82
SZ,002376,2017-01-03 10:15:48,12.3700,1,1237.0000,1,S,12.3700,12.3600,12.3500,12.3400,12.3300,12.3800,12.3900,12.4000,12.4100,12.4200,130,229,294,251,217,44,118,216,405,82
SZ,002376,2017-01-03 10:15:51,12.3800,7,29712.0000,24,B,12.3700,12.3600,12.3500,12.3400,12.3300,12.3800,12.3900,12.4000,12.4100,12.4200,130,205,294,260,217,20,118,216,403,82
SZ,002376,2017-01-03 10:16:15,12.3700,1,3711.0000,3,S,12.3700,12.3600,12.3500,12.3400,12.3300,12.3800,12.3900,12.4000,12.4100,12.4200,159,223,294,260,217,85,118,216,403,82
SZ,002376,2017-01-03 10:16:21,12.3800,8,45013.0000,36,B,12.3800,12.3700,12.3600,12.3500,12.3400,12.3900,12.4000,12.4100,12.4200,12.4300,12,169,223,294,260,118,216,403,82,353
SZ,002376,2017-01-03 10:16:24,12.3800,2,13619.0000,11,S,12.3800,12.3700,12.3600,12.3500,12.3400,12.3900,12.4000,12.4100,12.4200,12.4300,2,169,222,294,260,117,216,403,82,353
SZ,002376,2017-01-03 10:16:42,12.3800,1,3269.0000,3,S,12.3700,12.3600,12.3500,12.3400,12.3300,12.3800,12.3900,12.4000,12.4100,12.4200,169,157,294,260,217,1,67,216,403,82
SZ,002376,2017-01-03 10:16:45,12.3800,1,1683.0000,1,B,12.3800,12.3700,12.3600,12.3500,12.3400,12.3900,12.4000,12.4100,12.4200,12.4300,5,169,157,294,260,67,216,403,82,353
SZ,002376,2017-01-03 10:17:09,12.3800,2,12380.0000,10,S,12.3800,12.3700,12.3600,12.3500,12.3400,12.3900,12.4000,12.4100,12.4200,12.4300,57,169,157,181,260,67,150,403,84,353
SZ,002376,2017-01-03 10:17:12,12.3800,1,8666.0000,7,S,12.3800,12.3700,12.3600,12.3500,12.3400,12.3900,12.4000,12.4100,12.4200,12.4300,50,169,157,181,260,67,150,403,84,353
SZ,002376,2017-01-03 10:17:18,12.3800,1,1238.0000,1,S,12.3800,12.3700,12.3600,12.3500,12.3400,12.3900,12.4000,12.4100,12.4200,12.4300,49,169,159,181,260,69,150,403,84,353
SZ,002376,2017-01-03 10:17:24,12.3800,1,12380.0000,10,S,12.3800,12.3700,12.3600,12.3500,12.3400,12.3900,12.4000,12.4100,12.4200,12.4300,39,169,159,181,260,69,150,403,84,353
SZ,002376,2017-01-03 10:17:27,12.3800,1,6190.0000,5,S,12.3800,12.3700,12.3600,12.3500,12.3400,12.3900,12.4000,12.4100,12.4200,12.4300,34,169,159,181,260,69,150,403,84,353
SZ,002376,2017-01-03 10:17:33,12.3800,2,42885.0000,35,S,12.3700,12.3600,12.3500,12.3400,12.3300,12.3800,12.3900,12.4000,12.4100,12.4200,169,129,181,260,127,116,69,150,403,84
SZ,002376,2017-01-03 10:17:54,12.3800,1,61900.0000,50,B,12.3700,12.3600,12.3500,12.3400,12.3300,12.3800,12.3900,12.4000,12.4100,12.4200,170,124,181,260,127,66,69,150,403,84
SZ,002376,2017-01-03 10:18:03,12.3800,1,16094.0000,13,B,12.3700,12.3600,12.3500,12.3400,12.3300,12.3800,12.3900,12.4000,12.4100,12.4200,170,124,181,260,127,53,69,150,403,84
SZ,002376,2017-01-03 10:18:06,12.3800,1,39616.0000,32,B,12.3700,12.3600,12.3500,12.3400,12.3300,12.3800,12.3900,12.4000,12.4100,12.4200,138,124,181,260,127,32,69,150,403,84
SZ,002376,2017-01-03 10:18:18,12.3800,2,2475.0000,2,B,12.3700,12.3600,12.3500,12.3400,12.3300,12.3800,12.3900,12.4000,12.4100,12.4200,160,124,181,260,127,39,69,150,403,84
SZ,002376,2017-01-03 10:18:21,12.3800,2,17332.0000,14,B,12.3700,12.3600,12.3500,12.3400,12.3300,12.3800,12.3900,12.4000,12.4100,12.4200,160,124,181,260,127,55,69,150,403,84
SZ,002376,2017-01-03 10:18:27,12.3800,1,1238.0000,1,B,12.3700,12.3600,12.3500,12.3400,12.3300,12.3800,12.3900,12.4000,12.4100,12.4200,160,124,181,260,127,54,119,150,403,84
SZ,002376,2017-01-03 10:18:30,12.3800,1,2476.0000,2,B,12.3700,12.3600,12.3500,12.3400,12.3300,12.3800,12.3900,12.4000,12.4100,12.4200,160,124,181,260,127,52,119,150,403,84
SZ,002376,2017-01-03 10:18:36,12.3700,2,7424.0000,6,S,12.3700,12.3600,12.3500,12.3400,12.3300,12.3800,12.3900,12.4000,12.4100,12.4200,156,124,181,260,127,50,119,150,403,84
SZ,002376,2017-01-03 10:18:39,12.3800,9,63137.0000,51,B,12.3700,12.3600,12.3500,12.3400,12.3300,12.3800,12.3900,12.4000,12.4100,12.4200,155,124,181,260,127,0,119,150,403,84
SZ,002376,2017-01-03 10:18:51,12.3700,1,2474.0000,2,S,12.3700,12.3600,12.3500,12.3400,12.3300,12.3800,12.3900,12.4000,12.4100,12.4200,198,124,181,260,127,0,119,150,403,84
SZ,002376,2017-01-03 10:18:57,12.3800,2,6190.0000,5,B,12.3700,12.3600,12.3500,12.3400,12.3300,12.3800,12.3900,12.4000,12.4100,12.4200,198,124,181,260,127,25,119,150,403,84
SZ,002376,2017-01-03 10:19:18,12.3700,1,1237.0000,1,S,12.3700,12.3600,12.3500,12.3400,12.3300,12.3800,12.3900,12.4000,12.4100,12.4200,197,124,181,260,127,26,119,152,403,84
SZ,002376,2017-01-03 10:19:51,12.3700,8,149677.0000,121,S,12.3700,12.3600,12.3500,12.3400,12.3300,12.3800,12.3900,12.4000,12.4100,12.4200,76,124,181,260,127,118,119,152,373,139
SZ,002376,2017-01-03 10:19:54,12.3700,1,1237.0000,1,S,12.3700,12.3600,12.3500,12.3400,12.3300,12.3800,12.3900,12.4000,12.4100,12.4200,75,124,181,260,127,118,119,152,373,139
SZ,002376,2017-01-03 10:20:03,12.3700,1,4948.0000,4,S,12.3700,12.3600,12.3500,12.3400,12.3300,12.3800,12.3900,12.4000,12.4100,12.4200,71,124,181,260,127,118,119,152,373,139
SZ,002376,2017-01-03 10:20:06,12.3700,1,1237.0000,1,S,12.3700,12.3600,12.3500,12.3400,12.3300,12.3800,12.3900,12.4000,12.4100,12.4200,70,124,181,260,127,122,119,152,373,139
SZ,002376,2017-01-03 10:20:15,12.3800,4,99040.0000,80,B,12.3700,12.3600,12.3500,12.3400,12.3300,12.3800,12.3900,12.4000,12.4100,12.4200,70,124,181,260,127,42,119,152,373,139
SZ,002376,2017-01-03 10:20:18,12.3700,1,1237.0000,1,S,12.3700,12.3600,12.3500,12.3400,12.3300,12.3800,12.3900,12.4000,12.4100,12.4200,69,124,181,260,127,42,119,152,373,142
SZ,002376,2017-01-03 10:20:24,12.3700,2,12370.0000,10,S,12.3700,12.3600,12.3500,12.3400,12.3300,12.3800,12.3900,12.4000,12.4100,12.4200,59,124,181,260,127,42,119,152,373,142
SZ,002376,2017-01-03 10:20:30,12.3800,3,52441.0000,42,B,12.3800,12.3700,12.3600,12.3500,12.3400,12.3900,12.4000,12.4100,12.4200,12.4300,81,68,170,181,260,119,152,373,142,353
SZ,002376,2017-01-03 10:20:33,12.3900,2,12390.0000,10,B,12.3800,12.3700,12.3600,12.3500,12.3400,12.3900,12.4000,12.4100,12.4200,12.4300,105,68,170,181,260,109,152,373,142,353
SZ,002376,2017-01-03 10:20:36,12.3800,1,12380.0000,10,S,12.3800,12.3700,12.3600,12.3500,12.3400,12.3900,12.4000,12.4100,12.4200,12.4300,95,68,170,181,260,109,152,373,142,353
SZ,002376,2017-01-03 10:20:42,12.3800,1,2476.0000,2,S,12.3800,12.3700,12.3600,12.3500,12.3400,12.3900,12.4000,12.4100,12.4200,12.4300,93,59,170,181,260,110,152,373,142,353
SZ,002376,2017-01-03 10:20:48,12.3800,3,196421.0000,159,S,12.3700,12.3600,12.3500,12.3400,12.3300,12.3800,12.3900,12.4000,12.4100,12.4200,59,190,181,251,123,63,86,152,373,142
SZ,002376,2017-01-03 10:20:51,12.3800,1,11142.0000,9,B,12.3700,12.3600,12.3500,12.3400,12.3300,12.3800,12.3900,12.4000,12.4100,12.4200,59,190,186,251,123,54,86,152,373,142
SZ,002376,2017-01-03 10:21:09,12.3800,1,9904.0000,8,B,12.3700,12.3600,12.3500,12.3400,12.3300,12.3800,12.3900,12.4000,12.4100,12.4200,59,190,186,251,123,96,86,152,373,142
SZ,002376,2017-01-03 10:21:12,12.3700,1,1237.0000,1,S,12.3700,12.3600,12.3500,12.3400,12.3300,12.3800,12.3900,12.4000,12.4100,12.4200,58,190,186,251,123,96,86,152,373,142
SZ,002376,2017-01-03 10:21:15,12.3800,1,4952.0000,4,B,12.3700,12.3600,12.3500,12.3400,12.3300,12.3800,12.3900,12.4000,12.4100,12.4200,58,190,186,251,123,92,86,152,373,142
SZ,002376,2017-01-03 10:21:24,12.3800,1,1238.0000,1,B,12.3700,12.3600,12.3500,12.3400,12.3300,12.3800,12.3900,12.4000,12.4100,12.4200,58,190,186,251,123,91,85,152,390,142
SZ,002376,2017-01-03 10:21:30,12.3700,1,4948.0000,4,S,12.3700,12.3600,12.3500,12.3400,12.3300,12.3800,12.3900,12.4000,12.4100,12.4200,54,190,186,251,88,96,90,152,390,142
SZ,002376,2017-01-03 10:22:03,12.3700,3,42058.0000,34,S,12.3700,12.3600,12.3500,12.3400,12.3300,12.3800,12.3900,12.4000,12.4100,12.4200,101,220,186,251,88,106,89,152,390,142
SZ,002376,2017-01-03 10:22:09,12.3800,1,48282.0000,39,B,12.3700,12.3600,12.3500,12.3400,12.3300,12.3800,12.3900,12.4000,12.4100,12.4200,144,220,186,251,88,67,89,152,390,142
SZ,002376,2017-01-03 10:22:12,12.3800,2,28474.0000,23,B,12.3700,12.3600,12.3500,12.3400,12.3300,12.3800,12.3900,12.4000,12.4100,12.4200,144,220,186,251,88,44,89,152,390,142
SZ,002376,2017-01-03 10:22:15,12.3800,4,54917.0000,44,B,12.3800,12.3700,12.3600,12.3500,12.3400,12.3900,12.4000,12.4100,12.4200,12.4300,38,144,323,186,251,89,152,390,142,353
SZ,002376,2017-01-03 10:22:18,12.3800,2,6190.0000,5,S,12.3800,12.3700,12.3600,12.3500,12.3400,12.3900,12.4000,12.4100,12.4200,12.4300,33,144,323,186,251,89,152,390,142,353
SZ,002376,2017-01-03 10:22:21,12.3800,1,1238.0000,1,S,12.3800,12.3700,12.3600,12.3500,12.3400,12.3900,12.4000,12.4100,12.4200,12.4300,32,144,323,186,251,89,152,390,142,353
SZ,002376,2017-01-03 10:22:27,12.3800,1,4952.0000,4,S,12.3800,12.3700,12.3600,12.3500,12.3400,12.3900,12.4000,12.4100,12.4200,12.4300,28,144,323,186,251,89,152,390,142,353
SZ,002376,2017-01-03 10:23:06,12.3800,6,68133.0000,55,S,12.3800,12.3700,12.3600,12.3500,12.3400,12.3900,12.4000,12.4100,12.4200,12.4300,26,116,336,186,251,65,152,390,142,353
SZ,002376,2017-01-03 10:23:12,12.3800,1,1238.0000,1,S,12.3800,12.3700,12.3600,12.3500,12.3400,12.3900,12.4000,12.4100,12.4200,12.4300,25,116,336,186,251,65,152,390,142,353
SZ,002376,2017-01-03 10:23:18,12.3800,1,1238.0000,1,S,12.3800,12.3700,12.3600,12.3500,12.3400,12.3900,12.4000,12.4100,12.4200,12.4300,24,116,336,186,251,65,152,390,142,353
SZ,002376,2017-01-03 10:23:24,12.3800,1,12380.0000,10,S,12.3800,12.3700,12.3600,12.3500,12.3400,12.3900,12.4000,12.4100,12.4200,12.4300,14,116,336,186,251,65,152,390,142,353
SZ,002376,2017-01-03 10:23:30,12.3900,1,47082.0000,38,B,12.3800,12.3700,12.3600,12.3500,12.3400,12.3900,12.4000,12.4100,12.4200,12.4300,14,116,349,186,251,27,152,390,142,353
SZ,002376,2017-01-03 10:23:33,12.4000,5,43373.0000,35,B,12.3800,12.3700,12.3600,12.3500,12.3400,12.4000,12.4100,12.4200,12.4300,12.4400,14,116,349,186,251,144,390,142,353,261
SZ,002376,2017-01-03 10:23:36,12.3800,2,6190.0000,5,S,12.3800,12.3700,12.3600,12.3500,12.3400,12.4000,12.4100,12.4200,12.4300,12.4400,9,116,349,186,251,144,390,142,353,261
SZ,002376,2017-01-03 10:23:42,12.3800,1,1238.0000,1,S,12.3800,12.3700,12.3600,12.3500,12.3400,12.4000,12.4100,12.4200,12.4300,12.4400,8,116,349,186,251,154,390,142,353,261
SZ,002376,2017-01-03 10:23:48,12.3800,1,10697.0000,9,S,12.3700,12.3600,12.3500,12.3400,12.3300,12.3800,12.4000,12.4100,12.4200,12.4300,106,349,186,251,88,11,154,390,142,353
SZ,002376,2017-01-03 10:23:51,12.3800,1,7428.0000,6,B,12.3700,12.3600,12.3500,12.3400,12.3300,12.3800,12.4000,12.4100,12.4200,12.4300,106,349,186,251,88,5,154,390,142,353
SZ,002376,2017-01-03 10:23:54,12.3800,1,3714.0000,3,B,12.3700,12.3600,12.3500,12.3400,12.3300,12.3800,12.4000,12.4100,12.4200,12.4300,106,349,186,251,88,2,154,390,142,353
SZ,002376,2017-01-03 10:23:57,12.3700,4,84566.0000,68,S,12.3700,12.3600,12.3500,12.3400,12.3300,12.4000,12.4100,12.4200,12.4300,12.4400,42,349,186,251,88,154,390,142,353,261
SZ,002376,2017-01-03 10:24:18,12.3700,1,1237.0000,1,S,12.3700,12.3600,12.3500,12.3400,12.3300,12.4000,12.4100,12.4200,12.4300,12.4400,86,359,186,251,88,154,400,142,353,261
SZ,002376,2017-01-03 10:24:24,12.3700,1,2474.0000,2,S,12.3700,12.3600,12.3500,12.3400,12.3300,12.4000,12.4100,12.4200,12.4300,12.4400,84,359,186,251,88,154,400,142,353,261
SZ,002376,2017-01-03 10:24:27,12.3700,4,17318.0000,14,S,12.3700,12.3600,12.3500,12.3400,12.3300,12.4000,12.4100,12.4200,12.4300,12.4400,82,359,186,251,88,154,400,142,353,261
SZ,002376,2017-01-03 10:24:51,12.4000,4,32237.0000,26,B,12.3700,12.3600,12.3500,12.3400,12.3300,12.4000,12.4100,12.4200,12.4300,12.4400,128,359,186,251,88,129,400,142,353,261
SZ,002376,2017-01-03 10:24:54,12.4000,3,39680.0000,32,B,12.3700,12.3600,12.3500,12.3400,12.3300,12.4000,12.4100,12.4200,12.4300,12.4400,128,359,186,251,88,97,400,142,353,261
SZ,002376,2017-01-03 10:24:57,12.4000,1,1240.0000,1,B,12.3700,12.3600,12.3500,12.3400,12.3300,12.4000,12.4100,12.4200,12.4300,12.4400,127,359,186,251,88,96,400,142,353,261
SZ,002376,2017-01-03 10:25:09,12.3900,4,64423.0000,52,B,12.3700,12.3600,12.3500,12.3400,12.3300,12.3900,12.4000,12.4100,12.4200,12.4300,147,359,186,251,88,53,117,383,142,353
SZ,002376,2017-01-03 10:25:18,12.3700,6,54430.0000,44,S,12.3700,12.3600,12.3500,12.3400,12.3300,12.3900,12.4000,12.4100,12.4200,12.4300,104,359,186,251,88,52,107,383,142,353
SZ,002376,2017-01-03 10:25:24,12.3700,5,61850.0000,50,S,12.3700,12.3600,12.3500,12.3400,12.3300,12.3900,12.4000,12.4100,12.4200,12.4300,42,359,186,251,88,52,107,383,142,353
SZ,002376,2017-01-03 10:25:45,12.3700,2,9896.0000,8,S,12.3700,12.3600,12.3500,12.3400,12.3300,12.3900,12.4000,12.4100,12.4200,12.4300,57,359,186,251,78,98,127,383,142,353
SZ,002376,2017-01-03 10:25:48,12.3700,2,37110.0000,30,S,12.3700,12.3600,12.3500,12.3400,12.3300,12.3900,12.4000,12.4100,12.4200,12.4300,27,359,186,251,78,98,127,383,142,353
SZ,002376,2017-01-03 10:25:57,12.3700,1,1237.0000,1,S,12.3700,12.3600,12.3500,12.3400,12.3300,12.3900,12.4000,12.4100,12.4200,12.4300,56,359,186,251,78,108,119,383,142,353
SZ,002376,2017-01-03 10:26:03,12.3900,1,37170.0000,30,B,12.3700,12.3600,12.3500,12.3400,12.3300,12.3900,12.4000,12.4100,12.4200,12.4300,56,359,186,251,78,78,129,383,142,353
SZ,002376,2017-01-03 10:26:09,12.3900,5,54506.0000,44,B,12.3700,12.3600,12.3500,12.3400,12.3300,12.3900,12.4000,12.4100,12.4200,12.4300,59,359,186,251,78,39,129,383,142,353
SZ,002376,2017-01-03 10:26:12,12.3900,1,28497.0000,23,B,12.3700,12.3600,12.3500,12.3400,12.3300,12.3900,12.4000,12.4100,12.4200,12.4300,59,359,186,251,78,16,129,383,142,353
SZ,002376,2017-01-03 10:26:45,12.3800,2,9904.0000,8,S,12.3800,12.3700,12.3600,12.3500,12.3400,12.3900,12.4000,12.4100,12.4200,12.4300,1,218,359,186,251,16,129,383,142,353
SZ,002376,2017-01-03 10:26:57,12.4000,4,64464.0000,52,B,12.3800,12.3700,12.3600,12.3500,12.3400,12.4000,12.4100,12.4200,12.4300,12.4400,1,218,359,186,251,93,383,142,353,261
SZ,002376,2017-01-03 10:27:03,12.4000,4,29760.0000,24,B,12.3800,12.3700,12.3600,12.3500,12.3400,12.4000,12.4100,12.4200,12.4300,12.4400,18,218,359,191,251,69,383,142,353,261
SZ,002376,2017-01-03 10:27:18,12.3800,9,65718.0000,53,S,12.3800,12.3700,12.3600,12.3500,12.3400,12.4000,12.4100,12.4200,12.4300,12.4400,17,218,359,191,251,79,383,142,353,261
SZ,002376,2017-01-03 10:27:33,12.3800,1,1238.0000,1,S,12.3800,12.3700,12.3600,12.3500,12.3400,12.4000,12.4100,12.4200,12.4300,12.4400,23,208,362,191,251,79,383,142,353,261
SZ,002376,2017-01-03 10:27:36,12.3800,3,12380.0000,10,S,12.3800,12.3700,12.3600,12.3500,12.3400,12.4000,12.4100,12.4200,12.4300,12.4400,13,208,362,191,251,79,383,142,353,261
SZ,002376,2017-01-03 10:27:57,12.3700,8,126250.0000,102,S,12.3700,12.3600,12.3500,12.3400,12.3300,12.3900,12.4000,12.4100,12.4200,12.4300,192,323,191,251,168,10,79,383,142,353
SZ,002376,2017-01-03 10:28:03,12.3900,1,2478.0000,2,B,12.3800,12.3700,12.3600,12.3500,12.3400,12.3900,12.4000,12.4100,12.4200,12.4300,39,192,323,191,251,8,79,383,142,353
SZ,002376,2017-01-03 10:28:09,12.4000,3,27272.0000,22,B,12.3800,12.3700,12.3600,12.3500,12.3400,12.4000,12.4100,12.4200,12.4300,12.4400,39,192,323,191,251,65,383,142,353,261
SZ,002376,2017-01-03 10:28:12,12.4000,3,31000.0000,25,B,12.3900,12.3800,12.3700,12.3600,12.3500,12.4000,12.4100,12.4200,12.4300,12.4400,6,39,192,323,191,44,383,142,353,261
SZ,002376,2017-01-03 10:28:18,12.4000,2,38439.0000,31,B,12.3900,12.3800,12.3700,12.3600,12.3500,12.4000,12.4100,12.4200,12.4300,12.4400,5,39,212,323,191,34,383,142,353,261
SZ,002376,2017-01-03 10:28:30,12.3800,2,19813.0000,16,S,12.3800,12.3700,12.3600,12.3500,12.3400,12.4000,12.4100,12.4200,12.4300,12.4400,28,232,323,191,251,34,383,161,353,261
SZ,002376,2017-01-03 10:28:36,12.4000,3,37200.0000,30,B,12.3800,12.3700,12.3600,12.3500,12.3400,12.4000,12.4100,12.4200,12.4300,12.4400,28,272,323,191,251,4,383,161,353,261
SZ,002376,2017-01-03 10:28:51,12.4000,2,34720.0000,28,B,12.3900,12.3800,12.3700,12.3600,12.3500,12.4000,12.4100,12.4200,12.4300,12.4400,1,45,312,323,191,166,383,161,353,261
SZ,002376,2017-01-03 10:28:54,12.4000,1,33480.0000,27,B,12.3900,12.3800,12.3700,12.3600,12.3500,12.4000,12.4100,12.4200,12.4300,12.4400,1,45,312,323,191,139,383,161,353,261
SZ,002376,2017-01-03 10:29:06,12.4000,1,12400.0000,10,B,12.3900,12.3800,12.3700,12.3600,12.3500,12.4000,12.4100,12.4200,12.4300,12.4400,4,83,312,323,181,130,383,161,353,261
SZ,002376,2017-01-03 10:29:12,12.3900,2,4956.0000,4,S,12.3800,12.3700,12.3600,12.3500,12.3400,12.3900,12.4000,12.4100,12.4200,12.4300,83,312,323,181,251,96,130,383,161,354
SZ,002376,2017-01-03 10:29:18,12.3800,1,1238.0000,1,S,12.3800,12.3700,12.3600,12.3500,12.3400,12.3900,12.4000,12.4100,12.4200,12.4300,82,313,323,181,251,96,130,301,161,354
SZ,002376,2017-01-03 10:29:24,12.3900,1,118944.0000,96,B,12.3900,12.3800,12.3700,12.3600,12.3500,12.4000,12.4100,12.4200,12.4300,12.4400,4,82,313,323,181,130,301,161,354,261
SZ,002376,2017-01-03 10:29:30,12.4000,2,66960.0000,54,B,12.3900,12.3800,12.3700,12.3600,12.3500,12.4000,12.4100,12.4200,12.4300,12.4400,24,92,313,323,181,81,257,161,354,261
SZ,002376,2017-01-03 10:30:09,12.4000,1,6200.0000,5,B,12.3900,12.3800,12.3700,12.3600,12.3500,12.4000,12.4100,12.4200,12.4300,12.4400,24,103,313,323,181,107,247,162,354,261
SZ,002376,2017-01-03 10:30:18,12.3900,1,1239.0000,1,S,12.3900,12.3800,12.3700,12.3600,12.3500,12.4000,12.4100,12.4200,12.4300,12.4400,147,103,313,323,181,145,247,162,354,261
SZ,002376,2017-01-03 10:30:42,12.4000,5,111600.0000,90,B,12.3900,12.3800,12.3700,12.3600,12.3500,12.4000,12.4100,12.4200,12.4300,12.4400,167,103,327,323,181,55,247,162,354,261
SZ,002376,2017-01-03 10:30:48,12.4100,11,120316.0000,97,B,12.3900,12.3800,12.3700,12.3600,12.3500,12.4000,12.4100,12.4200,12.4300,12.4400,167,103,327,323,181,13,211,162,354,261
SZ,002376,2017-01-03 10:30:51,12.4100,11,124087.0000,100,B,12.3900,12.3800,12.3700,12.3600,12.3500,12.4100,12.4200,12.4300,12.4400,12.4500,167,103,327,323,181,124,162,354,261,304
SZ,002376,2017-01-03 10:31:00,12.3900,1,1239.0000,1,S,12.3900,12.3800,12.3700,12.3600,12.3500,12.4100,12.4200,12.4300,12.4400,12.4500,166,103,327,323,178,124,162,354,261,304
SZ,002376,2017-01-03 10:31:18,12.4000,1,1240.0000,1,S,12.3900,12.3800,12.3700,12.3600,12.3500,12.4100,12.4200,12.4300,12.4400,12.4500,42,104,327,323,178,124,162,354,261,304
SZ,002376,2017-01-03 10:31:21,12.4100,1,31025.0000,25,B,12.3900,12.3800,12.3700,12.3600,12.3500,12.4100,12.4200,12.4300,12.4400,12.4500,42,104,302,323,178,99,162,354,261,304
SZ,002376,2017-01-03 10:31:39,12.3900,1,1239.0000,1,S,12.3900,12.3800,12.3700,12.3600,12.3500,12.4100,12.4200,12.4300,12.4400,12.4500,69,104,302,264,178,99,162,354,261,304
SZ,002376,2017-01-03 10:31:48,12.3800,8,154819.0000,125,S,12.3900,12.3800,12.3700,12.3600,12.3500,12.4100,12.4200,12.4300,12.4400,12.4500,10,48,302,264,178,99,162,354,261,304
SZ,002376,2017-01-03 10:32:03,12.4100,7,129064.0000,104,B,12.3900,12.3800,12.3700,12.3600,12.3500,12.4100,12.4200,12.4300,12.4400,12.4500,10,75,315,264,178,9,162,354,261,304
SZ,002376,2017-01-03 10:32:06,12.4200,12,117981.0000,95,B,12.3900,12.3800,12.3700,12.3600,12.3500,12.4200,12.4300,12.4400,12.4500,12.4600,10,82,315,264,178,76,354,261,304,68
SZ,002376,2017-01-03 10:32:12,12.4300,10,269654.0000,217,B,12.3900,12.3800,12.3700,12.3600,12.3500,12.4300,12.4400,12.4500,12.4600,12.4700,10,206,315,264,178,213,261,304,68,63
SZ,002376,2017-01-03 10:32:36,12.4200,3,18618.0000,15,B,12.3800,12.3700,12.3600,12.3500,12.3400,12.4200,12.4300,12.4400,12.4500,12.4600,271,365,294,190,251,57,213,261,304,68
SZ,002376,2017-01-03 10:32:42,12.4200,1,28566.0000,23,B,12.4000,12.3800,12.3700,12.3600,12.3500,12.4200,12.4300,12.4400,12.4500,12.4600,20,279,365,268,190,54,213,261,304,68
SZ,002376,2017-01-03 10:32:48,12.4200,1,2484.0000,2,B,12.4000,12.3900,12.3800,12.3700,12.3600,12.4200,12.4300,12.4400,12.4500,12.4600,20,7,279,365,258,52,213,261,354,68
SZ,002376,2017-01-03 10:32:54,12.4200,1,1242.0000,1,B,12.4000,12.3900,12.3800,12.3700,12.3600,12.4200,12.4300,12.4400,12.4500,12.4600,20,7,279,365,288,53,213,261,354,68
SZ,002376,2017-01-03 10:33:15,12.4200,5,221076.0000,178,B,12.4100,12.3900,12.3800,12.3700,12.3600,12.4200,12.4300,12.4400,12.4500,12.4600,11,77,279,365,288,25,213,261,246,35
SZ,002376,2017-01-03 10:33:18,12.4100,1,1241.0000,1,S,12.4100,12.3900,12.3800,12.3700,12.3600,12.4200,12.4300,12.4400,12.4500,12.4600,10,82,279,369,288,33,213,261,246,35
SZ,002376,2017-01-03 10:33:21,12.4100,2,12410.0000,10,S,12.3900,12.3800,12.3700,12.3600,12.3500,12.4100,12.4200,12.4300,12.4400,12.4500,82,279,369,288,230,44,33,213,261,246
SZ,002376,2017-01-03 10:33:24,12.4100,1,13651.0000,11,B,12.3900,12.3800,12.3700,12.3600,12.3500,12.4100,12.4200,12.4300,12.4400,12.4500,82,279,369,288,230,33,75,213,261,246
SZ,002376,2017-01-03 10:33:27,12.4200,3,130377.0000,105,B,12.3900,12.3800,12.3700,12.3600,12.3500,12.4200,12.4300,12.4400,12.4500,12.4600,82,279,369,288,230,3,213,261,246,35
SZ,002376,2017-01-03 10:33:48,12.4000,1,6200.0000,5,S,12.4000,12.3900,12.3800,12.3700,12.3600,12.4200,12.4300,12.4400,12.4500,12.4600,3,135,279,369,288,53,213,261,246,143
SZ,002376,2017-01-03 10:33:57,12.4000,1,3720.0000,3,S,12.3900,12.3800,12.3700,12.3600,12.3500,12.4000,12.4100,12.4200,12.4300,12.4400,132,280,369,348,230,1,40,58,213,261
SZ,002376,2017-01-03 10:34:03,12.4200,4,62058.0000,50,B,12.3900,12.3800,12.3700,12.3600,12.3500,12.4200,12.4300,12.4400,12.4500,12.4600,148,280,369,348,230,59,213,261,286,143
SZ,002376,2017-01-03 10:34:18,12.4200,1,1242.0000,1,B,12.4000,12.3900,12.3800,12.3700,12.3600,12.4200,12.4300,12.4400,12.4500,12.4600,20,158,261,388,348,60,213,261,306,143
SZ,002376,2017-01-03 10:34:30,12.4200,1,1242.0000,1,B,12.4000,12.3900,12.3800,12.3700,12.3600,12.4200,12.4300,12.4400,12.4500,12.4600,20,158,261,388,348,76,213,261,306,143
SZ,002376,2017-01-03 10:34:39,12.4200,1,1242.0000,1,B,12.4000,12.3900,12.3800,12.3700,12.3600,12.4200,12.4300,12.4400,12.4500,12.4600,20,134,261,391,348,75,213,261,306,143
SZ,002376,2017-01-03 10:34:45,12.4300,11,124199.0000,100,B,12.4000,12.3900,12.3800,12.3700,12.3600,12.4300,12.4400,12.4500,12.4600,12.4700,18,134,261,397,348,210,261,306,143,106
SZ,002376,2017-01-03 10:34:57,12.4200,1,39744.0000,32,B,12.4100,12.4000,12.3900,12.3800,12.3700,12.4200,12.4300,12.4400,12.4500,12.4600,5,18,118,286,397,13,210,261,306,143
SZ,002376,2017-01-03 10:35:03,12.4300,5,59651.0000,48,B,12.4100,12.4000,12.3900,12.3800,12.3700,12.4300,12.4400,12.4500,12.4600,12.4700,5,18,118,286,397,183,261,306,143,106
SZ,002376,2017-01-03 10:35:18,12.4200,1,1242.0000,1,S,12.4200,12.4100,12.4000,12.3900,12.3800,12.4300,12.4400,12.4500,12.4600,12.4700,12,5,18,118,286,178,392,306,143,106
SZ,002376,2017-01-03 10:35:21,12.4300,2,18637.0000,15,B,12.4200,12.4100,12.4000,12.3900,12.3800,12.4300,12.4400,12.4500,12.4600,12.4700,28,5,18,94,286,172,392,306,143,106
SZ,002376,2017-01-03 10:35:27,12.4200,2,7452.0000,6,S,12.4200,12.4100,12.4000,12.3900,12.3800,12.4300,12.4400,12.4500,12.4600,12.4700,22,5,18,94,286,172,392,306,148,106
SZ,002376,2017-01-03 10:35:36,12.4200,1,27324.0000,22,S,12.4100,12.4000,12.3900,12.3800,12.3700,12.4200,12.4300,12.4400,12.4500,12.4600,5,96,94,286,397,28,172,392,326,148
SZ,002376,2017-01-03 10:35:39,12.4200,2,3725.0000,3,B,12.4100,12.4000,12.3900,12.3800,12.3700,12.4200,12.4300,12.4400,12.4500,12.4600,27,96,94,286,397,36,172,392,326,148
SZ,002376,2017-01-03 10:35:45,12.4200,1,1242.0000,1,B,12.4100,12.4000,12.3900,12.3800,12.3700,12.4200,12.4300,12.4400,12.4500,12.4600,27,96,94,286,397,43,177,392,326,148
SZ,002376,2017-01-03 10:35:54,12.4200,1,31050.0000,25,B,12.4100,12.4000,12.3900,12.3800,12.3700,12.4200,12.4300,12.4400,12.4500,12.4600,27,96,94,162,397,26,177,392,295,148
SZ,002376,2017-01-03 10:35:57,12.4100,2,6205.0000,5,S,12.4100,12.4000,12.3900,12.3800,12.3700,12.4200,12.4300,12.4400,12.4500,12.4600,32,96,94,162,397,36,174,392,295,148
SZ,002376,2017-01-03 10:36:15,12.4200,1,2484.0000,2,B,12.4100,12.4000,12.3900,12.3800,12.3700,12.4200,12.4300,12.4400,12.4500,12.4600,33,96,99,162,397,82,185,392,295,168
SZ,002376,2017-01-03 10:36:18,12.4100,1,1241.0000,1,S,12.4100,12.4000,12.3900,12.3800,12.3700,12.4200,12.4300,12.4400,12.4500,12.4600,32,96,99,162,417,82,180,392,295,168
SZ,002376,2017-01-03 10:36:24,12.4200,6,47196.0000,38,B,12.4100,12.4000,12.3900,12.3800,12.3700,12.4200,12.4300,12.4400,12.4500,12.4600,32,96,99,162,417,147,180,392,295,168
SZ,002376,2017-01-03 10:36:33,12.4200,4,74490.0000,60,B,12.4100,12.4000,12.3900,12.3800,12.3700,12.4200,12.4300,12.4400,12.4500,12.4600,2,96,99,116,417,117,180,392,245,168
SZ,002376,2017-01-03 10:36:48,12.4200,7,157734.0000,127,B,12.4200,12.4100,12.4000,12.3900,12.3800,12.4300,12.4400,12.4500,12.4600,12.4700,177,4,96,149,116,201,392,245,168,106
SZ,002376,2017-01-03 10:36:54,12.4200,1,21114.0000,17,S,12.4200,12.4100,12.4000,12.3900,12.3800,12.4300,12.4400,12.4500,12.4600,12.4700,180,4,96,149,116,202,392,245,168,106
SZ,002376,2017-01-03 10:37:06,12.4200,2,7452.0000,6,S,12.4200,12.4100,12.4000,12.3900,12.3800,12.4300,12.4400,12.4500,12.4600,12.4700,174,4,96,149,116,202,392,245,168,106
SZ,002376,2017-01-03 10:37:09,12.4200,3,12420.0000,10,S,12.4200,12.4100,12.4000,12.3900,12.3800,12.4300,12.4400,12.4500,12.4600,12.4700,164,4,96,159,116,202,392,245,168,106
SZ,002376,2017-01-03 10:37:12,12.4200,1,1242.0000,1,S,12.4200,12.4100,12.4000,12.3900,12.3800,12.4300,12.4400,12.4500,12.4600,12.4700,163,4,96,159,116,204,392,245,168,106
SZ,002376,2017-01-03 10:37:18,12.4300,1,31076.0000,25,B,12.4200,12.4100,12.4000,12.3900,12.3800,12.4300,12.4400,12.4500,12.4600,12.4700,163,4,96,159,116,179,392,245,168,106
SZ,002376,2017-01-03 10:37:30,12.4300,1,1242.0000,1,B,12.4200,12.4100,12.4000,12.3900,12.3800,12.4300,12.4400,12.4500,12.4600,12.4700,163,4,96,154,116,188,392,245,60,106
SZ,002376,2017-01-03 10:37:36,12.4300,1,33562.0000,27,B,12.4200,12.4100,12.4000,12.3900,12.3800,12.4300,12.4400,12.4500,12.4600,12.4700,166,4,96,154,116,201,392,245,60,106
SZ,002376,2017-01-03 10:37:51,12.4200,1,8692.0000,7,S,12.4200,12.4100,12.4000,12.3900,12.3800,12.4300,12.4400,12.4500,12.4600,12.4700,182,4,96,154,116,211,392,245,60,106
SZ,002376,2017-01-03 10:37:57,12.4300,1,12432.0000,10,B,12.4200,12.4100,12.4000,12.3900,12.3800,12.4300,12.4400,12.4500,12.4600,12.4700,182,4,96,154,116,221,392,245,60,106
SZ,002376,2017-01-03 10:38:00,12.4200,1,2484.0000,2,S,12.4200,12.4100,12.4000,12.3900,12.3800,12.4300,12.4400,12.4500,12.4600,12.4700,180,4,96,154,116,219,392,245,60,106
SZ,002376,2017-01-03 10:38:03,12.4300,1,1242.0000,1,B,12.4200,12.4100,12.4000,12.3900,12.3800,12.4300,12.4400,12.4500,12.4600,12.4700,180,4,96,154,116,218,392,245,60,106
SZ,002376,2017-01-03 10:38:06,12.4300,5,130514.0000,105,B,12.4200,12.4100,12.4000,12.3900,12.3800,12.4300,12.4400,12.4500,12.4600,12.4700,180,4,96,154,116,113,392,245,60,106
SZ,002376,2017-01-03 10:38:12,12.4300,11,140648.0000,113,B,12.4300,12.4200,12.4100,12.4000,12.3900,12.4400,12.4500,12.4600,12.4700,12.4800,86,197,4,96,154,392,245,60,106,42
SZ,002376,2017-01-03 10:38:18,12.4300,1,1242.0000,1,S,12.4300,12.4200,12.4100,12.4000,12.3900,12.4400,12.4500,12.4600,12.4700,12.4800,85,197,3,96,154,392,245,60,106,22
SZ,002376,2017-01-03 10:38:27,12.4300,1,1242.0000,1,S,12.4300,12.4200,12.4100,12.4000,12.3900,12.4400,12.4500,12.4600,12.4700,12.4800,84,197,3,106,154,392,245,60,106,22
SZ,002376,2017-01-03 10:38:30,12.4300,2,64636.0000,52,S,12.4300,12.4200,12.4100,12.4000,12.3900,12.4400,12.4500,12.4600,12.4700,12.4800,33,197,3,106,154,392,246,60,106,22
SZ,002376,2017-01-03 10:38:36,12.4300,3,48296.0000,39,S,12.4200,12.4100,12.4000,12.3900,12.3800,12.4300,12.4400,12.4500,12.4600,12.4700,197,3,106,154,116,74,407,246,60,106
SZ,002376,2017-01-03 10:38:39,12.4300,1,6216.0000,5,B,12.4200,12.4100,12.4000,12.3900,12.3800,12.4300,12.4400,12.4500,12.4600,12.4700,197,3,106,154,116,69,407,246,60,106
SZ,002376,2017-01-03 10:38:45,12.4300,1,1242.0000,1,B,12.4200,12.4100,12.4000,12.3900,12.3800,12.4300,12.4400,12.4500,12.4600,12.4700,197,3,106,154,116,68,407,246,60,106
SZ,002376,2017-01-03 10:38:48,12.4300,1,3730.0000,3,B,12.4200,12.4100,12.4000,12.3900,12.3800,12.4300,12.4400,12.4500,12.4600,12.4700,197,3,106,154,116,65,407,246,60,106
SZ,002376,2017-01-03 10:38:54,12.4300,1,29832.0000,24,B,12.4200,12.4100,12.4000,12.3900,12.3800,12.4300,12.4400,12.4500,12.4600,12.4700,197,3,106,154,116,41,407,246,60,106
SZ,002376,2017-01-03 10:39:12,12.4300,1,2484.0000,2,B,12.4200,12.4100,12.4000,12.3900,12.3800,12.4300,12.4400,12.4500,12.4600,12.4700,247,3,106,154,116,137,407,246,60,116
SZ,002376,2017-01-03 10:39:18,12.4300,2,2488.0000,2,B,12.4200,12.4100,12.4000,12.3900,12.3800,12.4300,12.4400,12.4500,12.4600,12.4700,247,3,106,154,116,135,407,246,60,116
SZ,002376,2017-01-03 10:39:21,12.4200,1,1240.0000,1,S,12.4200,12.4100,12.4000,12.3900,12.3800,12.4300,12.4400,12.4500,12.4600,12.4700,246,3,106,154,116,225,407,246,60,116
SZ,002376,2017-01-03 10:39:27,12.4300,5,125544.0000,101,B,12.4200,12.4100,12.4000,12.3900,12.3800,12.4300,12.4400,12.4500,12.4600,12.4700,246,3,116,154,116,144,407,246,60,116
SZ,002376,2017-01-03 10:39:33,12.4200,1,2484.0000,2,S,12.4200,12.4100,12.4000,12.3900,12.3800,12.4300,12.4400,12.4500,12.4600,12.4700,244,3,116,154,116,144,407,246,60,116
SZ,002376,2017-01-03 10:39:36,12.4200,1,62100.0000,50,S,12.4200,12.4100,12.4000,12.3900,12.3800,12.4300,12.4400,12.4500,12.4600,12.4700,194,3,116,154,116,144,407,248,60,116
SZ,002376,2017-01-03 10:39:42,12.4200,1,4968.0000,4,S,12.4200,12.4100,12.4000,12.3900,12.3800,12.4300,12.4400,12.4500,12.4600,12.4700,190,3,116,154,116,151,407,248,60,116
SZ,002376,2017-01-03 10:39:45,12.4200,2,2484.0000,2,S,12.4200,12.4100,12.4000,12.3900,12.3800,12.4300,12.4400,12.4500,12.4600,12.4700,188,3,116,154,116,151,407,248,60,116
SZ,002376,2017-01-03 10:39:54,12.4300,1,1244.0000,1,B,12.4200,12.4100,12.4000,12.3900,12.3800,12.4300,12.4400,12.4500,12.4600,12.4700,188,3,116,154,116,150,407,251,60,116
SZ,002376,2017-01-03 10:39:57,12.4300,5,115598.0000,93,B,12.4200,12.4100,12.4000,12.3900,12.3800,12.4300,12.4400,12.4500,12.4600,12.4700,188,3,116,154,116,57,407,251,60,116
SZ,002376,2017-01-03 10:40:03,12.4300,3,71038.0000,57,B,12.4300,12.4200,12.4100,12.4000,12.3900,12.4400,12.4500,12.4600,12.4700,12.4800,6,188,3,116,154,407,251,60,116,27
SZ,002376,2017-01-03 10:40:09,12.4300,2,8514.0000,7,S,12.4200,12.4100,12.4000,12.3900,12.3800,12.4300,12.4400,12.4500,12.4600,12.4700,188,3,116,154,116,21,407,251,60,116
SZ,002376,2017-01-03 10:40:18,12.4200,1,1242.0000,1,S,12.4200,12.4100,12.4000,12.3900,12.3800,12.4300,12.4400,12.4500,12.4600,12.4700,187,3,116,154,116,21,407,251,60,83
SZ,002376,2017-01-03 10:40:24,12.4400,2,37300.0000,30,B,12.4200,12.4100,12.4000,12.3900,12.3800,12.4400,12.4500,12.4600,12.4700,12.4800,197,3,116,154,116,398,251,60,83,27
SZ,002376,2017-01-03 10:40:27,12.4200,1,1240.0000,1,S,12.4200,12.4100,12.4000,12.3900,12.3800,12.4400,12.4500,12.4600,12.4700,12.4800,196,3,116,154,116,398,251,60,83,27
SZ,002376,2017-01-03 10:40:30,12.4400,1,1244.0000,1,B,12.4300,12.4200,12.4100,12.4000,12.3900,12.4400,12.4500,12.4600,12.4700,12.4800,2,196,3,116,154,397,251,60,83,27
SZ,002376,2017-01-03 10:40:45,12.4400,2,31100.0000,25,B,12.4300,12.4200,12.4100,12.4000,12.3900,12.4400,12.4500,12.4600,12.4700,12.4800,4,212,1,116,154,372,251,84,83,27
SZ,002376,2017-01-03 10:40:48,12.4400,5,57196.0000,46,B,12.4200,12.4100,12.4000,12.3900,12.3800,12.4400,12.4500,12.4600,12.4700,12.4800,212,1,116,154,116,358,249,84,83,27
SZ,002376,2017-01-03 10:41:00,12.4400,3,27368.0000,22,B,12.4300,12.4200,12.4100,12.4000,12.3900,12.4400,12.4500,12.4600,12.4700,12.4800,270,212,1,116,154,337,249,84,83,27
SZ,002376,2017-01-03 10:41:03,12.4300,4,37300.0000,30,S,12.4300,12.4200,12.4100,12.4000,12.3900,12.4400,12.4500,12.4600,12.4700,12.4800,251,212,1,116,154,327,249,84,83,27
SZ,002376,2017-01-03 10:41:12,12.4400,2,12440.0000,10,B,12.4300,12.4200,12.4100,12.4000,12.3900,12.4400,12.4500,12.4600,12.4700,12.4800,256,212,1,116,154,317,249,79,83,27
SZ,002376,2017-01-03 10:41:15,12.4400,2,124400.0000,100,B,12.4300,12.4200,12.4100,12.4000,12.3900,12.4400,12.4500,12.4600,12.4700,12.4800,251,210,1,116,154,223,254,79,83,27
SZ,002376,2017-01-03 10:41:18,12.4300,1,1242.0000,1,S,12.4300,12.4200,12.4100,12.4000,12.3900,12.4400,12.4500,12.4600,12.4700,12.4800,250,193,1,116,154,223,254,79,83,27
SZ,002376,2017-01-03 10:41:21,12.4600,32,597566.0000,480,B,12.4500,12.4300,12.4200,12.4100,12.4000,12.4600,12.4700,12.4800,12.4900,12.5000,126,281,193,1,116,77,83,27,323,81
SZ,002376,2017-01-03 10:41:24,12.4500,1,2488.0000,2,S,12.4500,12.4300,12.4200,12.4100,12.4000,12.4600,12.4700,12.4800,12.4900,12.5000,124,281,193,1,116,77,83,27,323,81
SZ,002376,2017-01-03 10:41:30,12.4600,4,9966.0000,8,B,12.4500,12.4300,12.4200,12.4100,12.4000,12.4600,12.4700,12.4800,12.4900,12.5000,739,250,179,1,116,72,83,27,323,81
SZ,002376,2017-01-03 10:41:39,12.4600,4,24920.0000,20,B,12.4500,12.4300,12.4200,12.4100,12.4000,12.4600,12.4700,12.4800,12.4900,12.5000,765,180,103,11,116,52,83,27,323,81
SZ,002376,2017-01-03 10:41:42,12.4600,5,64792.0000,52,B,12.4600,12.4500,12.4300,12.4200,12.4100,12.4700,12.4800,12.4900,12.5000,12.5100,48,765,180,103,11,83,27,323,81,24
SZ,002376,2017-01-03 10:41:48,12.4600,1,6230.0000,5,S,12.4600,12.4500,12.4300,12.4200,12.4100,12.4700,12.4800,12.4900,12.5000,12.5100,60,665,179,103,11,83,27,323,64,24
SZ,002376,2017-01-03 10:41:51,12.4600,1,1246.0000,1,S,12.4600,12.4500,12.4300,12.4200,12.4100,12.4700,12.4800,12.4900,12.5000,12.5100,76,665,179,103,11,83,37,323,64,24
SZ,002376,2017-01-03 10:41:57,12.4700,2,24940.0000,20,B,12.4600,12.4500,12.4300,12.4200,12.4100,12.4700,12.4800,12.4900,12.5000,12.5100,115,665,179,103,11,63,47,308,64,24
SZ,002376,2017-01-03 10:42:00,12.4700,3,78562.0000,63,B,12.4700,12.4600,12.4500,12.4300,12.4200,12.4800,12.4900,12.5000,12.5100,12.5200,47,146,634,179,103,47,308,64,24,15
SZ,002376,2017-01-03 10:42:03,12.4600,11,183394.0000,147,S,12.4600,12.4500,12.4300,12.4200,12.4100,12.4900,12.5000,12.5100,12.5200,12.5300,139,634,179,103,11,308,64,24,15,67
SZ,002376,2017-01-03 10:42:06,12.4900,3,17484.0000,14,B,12.4600,12.4500,12.4300,12.4200,12.4100,12.4800,12.4900,12.5000,12.5100,12.5200,139,634,179,103,11,3,296,64,24,15
SZ,002376,2017-01-03 10:42:09,12.4900,7,62446.0000,50,B,12.4600,12.4500,12.4300,12.4200,12.4100,12.4900,12.5000,12.5100,12.5200,12.5300,139,632,179,103,11,249,64,24,15,67
SZ,002376,2017-01-03 10:42:18,12.4800,4,7488.0000,6,S,12.4600,12.4500,12.4200,12.4100,12.4000,12.4800,12.4900,12.5000,12.5100,12.5200,138,49,103,11,116,31,255,64,24,15
SZ,002376,2017-01-03 10:42:24,12.4800,1,8736.0000,7,B,12.4700,12.4600,12.4500,12.4200,12.4100,12.4800,12.4900,12.5000,12.5100,12.5200,50,138,49,93,11,34,261,64,24,15
SZ,002376,2017-01-03 10:42:30,12.4800,1,9984.0000,8,B,12.4700,12.4600,12.4500,12.4200,12.4100,12.4800,12.4900,12.5000,12.5100,12.5200,821,116,49,93,11,231,261,64,24,15
SZ,002376,2017-01-03 10:42:33,12.4700,2,3740.0000,3,S,12.4700,12.4600,12.4500,12.4200,12.4100,12.4800,12.4900,12.5000,12.5100,12.5200,849,47,49,93,11,241,262,64,24,18
SZ,002376,2017-01-03 10:42:36,12.4800,6,147254.0000,118,B,12.4700,12.4600,12.4500,12.4200,12.4100,12.4800,12.4900,12.5000,12.5100,12.5200,839,47,49,93,31,133,262,64,24,18
SZ,002376,2017-01-03 10:42:39,12.4800,5,99840.0000,80,B,12.4700,12.4600,12.4500,12.4200,12.4100,12.4800,12.4900,12.5000,12.5100,12.5200,839,47,49,93,31,51,262,64,24,18
SZ,002376,2017-01-03 10:42:42,12.4800,1,12480.0000,10,B,12.4700,12.4600,12.4500,12.4200,12.4100,12.4800,12.4900,12.5000,12.5100,12.5200,849,30,49,93,31,41,262,64,24,18
SZ,002376,2017-01-03 10:42:48,12.4800,1,13728.0000,11,B,12.4700,12.4600,12.4500,12.4200,12.4100,12.4800,12.4900,12.5000,12.5100,12.5200,90,30,47,93,31,30,262,64,24,58
SZ,002376,2017-01-03 10:42:51,12.4800,3,37440.0000,30,B,12.4800,12.4700,12.4600,12.4500,12.4200,12.4900,12.5000,12.5100,12.5200,12.5300,20,90,30,47,93,262,64,24,58,67
SZ,002376,2017-01-03 10:42:54,12.4800,1,24960.0000,20,S,12.4700,12.4600,12.4500,12.4200,12.4100,12.4800,12.4900,12.5000,12.5100,12.5200,90,29,47,93,31,2,154,59,24,58
SZ,002376,2017-01-03 10:42:57,12.4800,2,2494.0000,2,B,12.4700,12.4600,12.4500,12.4200,12.4100,12.4800,12.4900,12.5000,12.5100,12.5200,89,29,47,93,31,21,154,111,24,58
SZ,002376,2017-01-03 10:43:00,12.4800,3,17472.0000,14,B,12.4700,12.4600,12.4500,12.4200,12.4100,12.4800,12.4900,12.5000,12.5100,12.5200,89,29,47,93,31,111,154,101,24,58
SZ,002376,2017-01-03 10:43:06,12.4700,8,57392.0000,46,S,12.4700,12.4600,12.4500,12.4200,12.4100,12.4800,12.4900,12.5000,12.5100,12.5200,73,12,47,93,31,97,154,101,24,58
SZ,002376,2017-01-03 10:43:09,12.4700,1,7482.0000,6,S,12.4700,12.4600,12.4500,12.4200,12.4100,12.4800,12.4900,12.5000,12.5100,12.5200,67,12,47,93,31,147,174,101,24,58
SZ,002376,2017-01-03 10:43:12,12.4700,3,27444.0000,22,S,12.4700,12.4600,12.4500,12.4200,12.4100,12.4800,12.4900,12.5000,12.5100,12.5200,55,12,47,93,31,152,174,101,24,58
SZ,002376,2017-01-03 10:43:15,12.4700,9,258130.0000,207,S,12.4700,12.4600,12.4500,12.4200,12.4100,12.4800,12.4900,12.5000,12.5100,12.5200,609,12,47,93,31,152,174,101,24,58
