市场代码,证券代码,时间,最新价,成交笔数,成交额,成交量,方向,买一价,买二价,买三价,买四价,买五价,卖一价,卖二价,卖三价,卖四价,卖五价,买一量,买二量,买三量,买四量,买五量,卖一量,卖二量,卖三量,卖四量,卖五量
SZ,002382,2017-01-03 09:30:03,12.1800,4,42690.0000,35,S,12.2000,12.1900,12.1800,12.1700,12.1600,12.2100,12.2300,12.2600,12.2900,12.3000,151,21,95,3,2,10,10,26,10,1
SZ,002382,2017-01-03 09:30:06,12.2300,2,21994.0000,18,B,12.2000,12.1900,12.1800,12.1700,12.1600,12.2300,12.2600,12.2900,12.3000,12.3100,320,21,95,3,2,2,26,10,1,6
SZ,002382,2017-01-03 09:30:54,12.2300,1,2446.0000,2,B,12.2300,12.2000,12.1800,12.1700,12.1600,12.2600,12.2900,12.3000,12.3100,12.3300,3,320,95,3,2,26,10,1,6,10
SZ,002382,2017-01-03 09:31:00,12.2000,2,12209.0000,10,S,12.2000,12.1800,12.1700,12.1600,12.1500,12.2600,12.2900,12.3000,12.3100,12.3300,313,95,3,2,151,26,10,1,6,10
SZ,002382,2017-01-03 09:31:03,12.2600,2,32673.0000,27,B,12.2600,12.2000,12.1800,12.1700,12.1600,12.2900,12.3000,12.3100,12.3300,12.3500,118,313,95,3,2,10,1,6,10,631
SZ,002382,2017-01-03 09:31:09,12.2600,1,3678.0000,3,S,12.2600,12.2300,12.2000,12.1800,12.1700,12.2900,12.3000,12.3100,12.3300,12.3500,115,11,313,95,3,10,1,6,10,631
SZ,002382,2017-01-03 09:31:18,12.2600,1,36780.0000,30,S,12.2600,12.2300,12.2000,12.1800,12.1700,12.2900,12.3000,12.3100,12.3300,12.3500,107,11,313,95,3,10,1,6,10,631
SZ,002382,2017-01-03 09:31:36,12.2600,1,73560.0000,60,S,12.2600,12.2300,12.2000,12.1800,12.1700,12.2900,12.3000,12.3100,12.3300,12.3400,65,11,313,95,3,10,1,6,10,5
SZ,002382,2017-01-03 09:31:54,12.2900,2,8600.0000,7,B,12.2600,12.2300,12.2000,12.1800,12.1700,12.2900,12.3000,12.3100,12.3200,12.3300,65,11,313,95,3,6,1,6,2,60
SZ,002382,2017-01-03 09:32:12,12.2900,1,7374.0000,6,B,12.2900,12.2700,12.2600,12.2300,12.2000,12.3000,12.3100,12.3200,12.3300,12.3400,19,6,80,11,313,1,6,2,60,5
SZ,002382,2017-01-03 09:32:24,12.2900,2,35641.0000,29,S,12.2700,12.2600,12.2300,12.2000,12.1800,12.2900,12.3000,12.3100,12.3200,12.3300,6,79,11,313,95,21,1,6,64,60
SZ,002382,2017-01-03 09:32:48,12.2900,4,31929.0000,26,B,12.2700,12.2600,12.2300,12.2000,12.1800,12.2900,12.3000,12.3100,12.3200,12.3300,5,79,11,313,95,10,31,6,73,60
SZ,002382,2017-01-03 09:32:51,12.2900,1,1229.0000,1,B,12.2700,12.2600,12.2300,12.2000,12.1800,12.2900,12.3000,12.3100,12.3200,12.3300,5,79,11,313,95,9,31,6,73,60
SZ,002382,2017-01-03 09:33:18,12.2900,1,11061.0000,9,B,12.2900,12.2700,12.2600,12.2300,12.2000,12.3000,12.3100,12.3200,12.3300,12.3500,2,5,57,11,313,31,11,73,60,631
SZ,002382,2017-01-03 09:33:21,12.2700,2,6139.0000,5,S,12.2700,12.2600,12.2300,12.2000,12.1800,12.3000,12.3100,12.3200,12.3300,12.3500,2,57,11,313,95,31,11,73,60,631
SZ,002382,2017-01-03 09:33:24,12.2900,1,27038.0000,22,B,12.2700,12.2600,12.2300,12.2000,12.1800,12.2900,12.3000,12.3100,12.3200,12.3300,12,57,11,313,95,28,31,11,73,60
SZ,002382,2017-01-03 09:33:45,12.2600,4,61312.0000,50,S,12.2600,12.2300,12.2000,12.1800,12.1700,12.2900,12.3000,12.3100,12.3200,12.3300,19,11,313,95,6,28,31,21,73,60
SZ,002382,2017-01-03 09:33:57,12.2700,1,12270.0000,10,B,12.2600,12.2300,12.2000,12.1800,12.1700,12.2700,12.2800,12.2900,12.3000,12.3100,19,11,313,95,6,50,5,28,31,21
SZ,002382,2017-01-03 09:34:30,12.2700,6,115314.0000,94,B,12.2700,12.2300,12.2100,12.2000,12.1800,12.2800,12.2900,12.3000,12.3100,12.3200,44,11,27,318,95,5,28,31,21,73
SZ,002382,2017-01-03 09:34:39,12.2800,1,6140.0000,5,B,12.2800,12.2700,12.2500,12.2200,12.2100,12.2900,12.3000,12.3100,12.3200,12.3300,6,64,65,27,27,28,31,21,73,60
SZ,002382,2017-01-03 09:34:48,12.3000,5,103242.0000,84,B,12.3000,12.2700,12.2500,12.2200,12.2100,12.3100,12.3200,12.3300,12.3400,12.3500,105,64,65,27,27,21,73,60,5,636
SZ,002382,2017-01-03 09:35:09,12.3000,1,123000.0000,100,S,12.3000,12.2700,12.2500,12.2200,12.2100,12.3100,12.3200,12.3300,12.3400,12.3500,5,54,65,27,27,21,73,60,5,636
SZ,002382,2017-01-03 09:35:15,12.3100,2,12310.0000,10,B,12.3000,12.2700,12.2500,12.2200,12.2100,12.3100,12.3200,12.3300,12.3400,12.3500,5,54,15,27,27,91,73,60,15,636
SZ,002382,2017-01-03 09:35:18,12.3000,1,6150.0000,5,S,12.2700,12.2500,12.2200,12.2100,12.2000,12.3000,12.3100,12.3200,12.3300,12.3400,54,15,27,27,318,5,91,73,60,15
SZ,002382,2017-01-03 09:35:21,12.3100,4,24615.0000,20,B,12.2700,12.2500,12.2200,12.2100,12.2000,12.3100,12.3200,12.3300,12.3400,12.3500,54,15,27,27,318,76,73,60,15,636
SZ,002382,2017-01-03 09:35:27,12.3100,1,2462.0000,2,B,12.2700,12.2500,12.2200,12.2100,12.2000,12.3100,12.3200,12.3300,12.3400,12.3500,54,15,27,27,318,74,73,60,15,636
SZ,002382,2017-01-03 09:35:54,12.3100,2,116945.0000,95,B,12.3000,12.2900,12.2800,12.2700,12.2500,12.3100,12.3200,12.3300,12.3400,12.3500,173,14,50,54,15,92,73,60,21,636
SZ,002382,2017-01-03 09:35:57,12.3100,1,13541.0000,11,B,12.3000,12.2800,12.2700,12.2500,12.2200,12.3100,12.3200,12.3300,12.3400,12.3500,173,50,54,15,27,81,78,60,38,636
SZ,002382,2017-01-03 09:36:06,12.3000,2,61500.0000,50,S,12.3000,12.2800,12.2700,12.2500,12.2200,12.3100,12.3200,12.3300,12.3400,12.3500,123,50,54,15,27,81,78,60,38,636
SZ,002382,2017-01-03 09:36:09,12.3100,1,2462.0000,2,B,12.3000,12.2800,12.2700,12.2500,12.2200,12.3100,12.3200,12.3300,12.3400,12.3500,123,50,54,15,27,79,78,60,38,636
SZ,002382,2017-01-03 09:36:18,12.3100,2,59044.0000,48,B,12.3000,12.2800,12.2700,12.2500,12.2200,12.3100,12.3200,12.3300,12.3400,12.3500,80,50,54,15,27,75,78,60,38,636
SZ,002382,2017-01-03 09:36:21,12.3000,2,98400.0000,80,S,12.2800,12.2700,12.2500,12.2200,12.2100,12.3000,12.3100,12.3200,12.3300,12.3400,50,54,15,27,27,20,75,78,60,38
SZ,002382,2017-01-03 09:36:45,12.2900,2,2458.0000,2,S,12.2800,12.2700,12.2500,12.2200,12.2100,12.2900,12.3000,12.3100,12.3200,12.3300,65,54,15,27,27,8,75,90,78,50
SZ,002382,2017-01-03 09:37:00,12.2900,2,13519.0000,11,B,12.2800,12.2700,12.2500,12.2200,12.2100,12.2900,12.3000,12.3100,12.3200,12.3300,66,54,15,27,27,28,75,90,73,50
SZ,002382,2017-01-03 09:37:03,12.2800,1,61400.0000,50,S,12.2800,12.2700,12.2500,12.2200,12.2100,12.2900,12.3000,12.3100,12.3200,12.3300,17,54,15,27,27,28,75,90,73,50
SZ,002382,2017-01-03 09:37:15,12.2800,4,33156.0000,27,S,12.2800,12.2700,12.2500,12.2300,12.2200,12.2900,12.3000,12.3100,12.3200,12.3300,89,54,15,9,29,28,75,109,73,50
SZ,002382,2017-01-03 09:37:30,12.2800,1,28244.0000,23,S,12.2800,12.2700,12.2500,12.2300,12.2200,12.2900,12.3000,12.3100,12.3200,12.3300,67,54,15,9,29,28,75,109,73,50
SZ,002382,2017-01-03 09:37:42,12.2800,1,1228.0000,1,S,12.2800,12.2700,12.2500,12.2300,12.2200,12.2900,12.3000,12.3100,12.3200,12.3300,67,54,15,9,29,28,75,109,73,50
SZ,002382,2017-01-03 09:37:57,12.2800,1,12280.0000,10,S,12.2800,12.2700,12.2500,12.2300,12.2200,12.2900,12.3000,12.3100,12.3200,12.3300,59,54,15,19,29,28,75,109,73,50
SZ,002382,2017-01-03 09:38:06,12.2800,1,2456.0000,2,S,12.2800,12.2700,12.2500,12.2300,12.2200,12.2900,12.3000,12.3100,12.3200,12.3300,58,54,15,19,29,28,75,109,73,50
SZ,002382,2017-01-03 09:38:09,12.2900,3,24580.0000,20,B,12.2800,12.2700,12.2500,12.2300,12.2200,12.2900,12.3000,12.3100,12.3200,12.3300,58,54,15,19,29,8,75,109,73,50
SZ,002382,2017-01-03 09:38:15,12.3000,5,98392.0000,80,B,12.2800,12.2700,12.2500,12.2300,12.2200,12.3000,12.3100,12.3200,12.3300,12.3400,59,54,15,19,29,3,109,73,50,43
SZ,002382,2017-01-03 09:38:30,12.3000,1,3690.0000,3,B,12.3000,12.2900,12.2800,12.2700,12.2500,12.3100,12.3200,12.3300,12.3400,12.3500,47,14,59,54,15,109,19,50,43,636
SZ,002382,2017-01-03 09:38:36,12.3100,1,2462.0000,2,B,12.3000,12.2900,12.2800,12.2700,12.2500,12.3100,12.3200,12.3300,12.3400,12.3500,59,14,52,54,15,107,19,50,43,636
SZ,002382,2017-01-03 09:38:42,12.3000,4,81180.0000,66,S,12.2900,12.2800,12.2700,12.2500,12.2300,12.3000,12.3100,12.3200,12.3300,12.3400,116,52,54,15,19,34,127,19,50,43
SZ,002382,2017-01-03 09:38:45,12.3000,1,12300.0000,10,B,12.2900,12.2800,12.2700,12.2500,12.2400,12.3000,12.3100,12.3200,12.3300,12.3400,117,52,54,15,10,24,127,19,50,38
SZ,002382,2017-01-03 09:39:03,12.3000,1,12300.0000,10,B,12.2900,12.2800,12.2700,12.2500,12.2400,12.3000,12.3100,12.3200,12.3300,12.3400,118,62,44,45,10,29,127,19,50,38
SZ,002382,2017-01-03 09:39:06,12.3000,1,1230.0000,1,B,12.2900,12.2800,12.2700,12.2500,12.2400,12.3000,12.3100,12.3200,12.3300,12.3400,118,62,44,45,10,28,127,19,50,38
SZ,002382,2017-01-03 09:39:12,12.2900,1,73740.0000,60,S,12.2900,12.2800,12.2700,12.2500,12.2400,12.3000,12.3100,12.3200,12.3300,12.3400,58,62,44,45,10,28,127,19,50,38
SZ,002382,2017-01-03 09:39:21,12.3000,3,34440.0000,28,B,12.3000,12.2900,12.2800,12.2700,12.2500,12.3100,12.3200,12.3300,12.3400,12.3500,57,59,62,44,45,127,19,50,42,636
SZ,002382,2017-01-03 09:39:33,12.3000,2,13533.0000,11,S,12.3000,12.2900,12.2800,12.2700,12.2500,12.3100,12.3200,12.3300,12.3400,12.3500,49,59,62,44,45,124,19,50,42,636
SZ,002382,2017-01-03 09:39:36,12.3000,2,61500.0000,50,S,12.2900,12.2800,12.2700,12.2500,12.2400,12.3000,12.3100,12.3200,12.3300,12.3400,59,62,44,45,10,50,124,19,50,42
SZ,002382,2017-01-03 09:40:00,12.3000,1,13530.0000,11,B,12.2900,12.2800,12.2700,12.2500,12.2400,12.3000,12.3100,12.3200,12.3300,12.3400,60,62,44,45,10,50,124,19,50,42
SZ,002382,2017-01-03 09:40:06,12.2900,1,17206.0000,14,S,12.2900,12.2800,12.2700,12.2500,12.2400,12.3000,12.3100,12.3200,12.3300,12.3400,46,62,44,45,10,50,124,19,50,42
SZ,002382,2017-01-03 09:40:09,12.3000,1,33210.0000,27,B,12.2900,12.2800,12.2700,12.2500,12.2400,12.3000,12.3100,12.3200,12.3300,12.3400,46,62,44,45,10,23,124,19,50,42
SZ,002382,2017-01-03 09:40:18,12.2900,1,15977.0000,13,S,12.2900,12.2800,12.2700,12.2500,12.2400,12.3000,12.3100,12.3200,12.3300,12.3400,33,67,44,45,10,23,124,19,50,42
SZ,002382,2017-01-03 09:40:33,12.2900,1,17206.0000,14,S,12.2900,12.2800,12.2700,12.2500,12.2400,12.3000,12.3100,12.3200,12.3300,12.3400,20,67,44,45,10,23,70,19,50,42
SZ,002382,2017-01-03 09:40:42,12.2900,8,27038.0000,22,S,12.2800,12.2700,12.2500,12.2400,12.2300,12.2900,12.3000,12.3100,12.3200,12.3300,67,44,45,10,19,18,123,70,19,50
SZ,002382,2017-01-03 09:40:45,12.2800,1,15964.0000,13,S,12.2800,12.2700,12.2500,12.2400,12.2300,12.2900,12.3000,12.3100,12.3200,12.3300,54,44,45,10,19,18,123,70,19,50
SZ,002382,2017-01-03 09:40:48,12.2900,1,2458.0000,2,B,12.2800,12.2700,12.2500,12.2400,12.2300,12.2900,12.3000,12.3100,12.3200,12.3300,54,44,45,10,19,16,123,70,19,50
SZ,002382,2017-01-03 09:40:51,12.2800,2,56488.0000,46,S,12.2800,12.2700,12.2500,12.2400,12.2300,12.2900,12.3000,12.3100,12.3200,12.3300,8,44,45,10,19,16,123,70,19,50
SZ,002382,2017-01-03 09:41:18,12.2900,1,13519.0000,11,B,12.2800,12.2700,12.2500,12.2400,12.2300,12.2900,12.3000,12.3100,12.3200,12.3300,140,44,45,10,19,15,124,70,19,50
SZ,002382,2017-01-03 09:41:24,12.3000,6,170955.0000,139,B,12.3000,12.2800,12.2700,12.2500,12.2400,12.3100,12.3200,12.3300,12.3400,12.3500,261,151,44,45,10,70,19,50,42,636
SZ,002382,2017-01-03 09:41:27,12.3100,1,1231.0000,1,B,12.3000,12.2800,12.2700,12.2500,12.2400,12.3100,12.3200,12.3300,12.3400,12.3500,261,151,44,45,10,69,19,50,42,636
SZ,002382,2017-01-03 09:41:39,12.3100,1,3693.0000,3,B,12.3000,12.2900,12.2800,12.2700,12.2500,12.3100,12.3200,12.3300,12.3400,12.3500,262,30,141,44,45,66,19,50,42,636
SZ,002382,2017-01-03 09:41:42,12.3100,2,12310.0000,10,B,12.3000,12.2900,12.2800,12.2700,12.2500,12.3100,12.3200,12.3300,12.3400,12.3500,272,30,141,44,45,56,19,50,42,636
SZ,002382,2017-01-03 09:41:48,12.3000,3,135310.0000,110,S,12.3000,12.2900,12.2800,12.2700,12.2500,12.3100,12.3200,12.3400,12.3500,12.3700,172,30,149,44,45,46,19,42,636,13
SZ,002382,2017-01-03 09:41:54,12.3100,2,12310.0000,10,B,12.3000,12.2900,12.2800,12.2700,12.2500,12.3100,12.3200,12.3400,12.3500,12.3700,164,30,149,44,45,36,19,42,636,13
SZ,002382,2017-01-03 09:42:00,12.3100,1,4924.0000,4,B,12.3000,12.2900,12.2800,12.2700,12.2500,12.3100,12.3200,12.3400,12.3500,12.3700,165,30,149,44,45,82,19,42,636,13
SZ,002382,2017-01-03 09:42:06,12.3100,4,57857.0000,47,B,12.3000,12.2900,12.2800,12.2700,12.2500,12.3100,12.3200,12.3400,12.3500,12.3700,165,30,149,44,45,35,19,42,636,13
SZ,002382,2017-01-03 09:42:21,12.3200,2,49245.0000,40,B,12.3000,12.2900,12.2800,12.2700,12.2500,12.3200,12.3300,12.3400,12.3500,12.3700,165,30,149,44,45,5,5,47,636,13
SZ,002382,2017-01-03 09:42:30,12.3100,1,1231.0000,1,S,12.3100,12.3000,12.2900,12.2800,12.2700,12.3200,12.3300,12.3400,12.3500,12.3700,14,165,30,149,44,5,5,47,636,13
SZ,002382,2017-01-03 09:42:42,12.3200,1,6160.0000,5,B,12.3200,12.3100,12.3000,12.2900,12.2800,12.3300,12.3400,12.3500,12.3700,12.3800,6,34,165,30,149,8,53,636,13,104
SZ,002382,2017-01-03 09:43:00,12.3300,2,9864.0000,8,B,12.3300,12.3200,12.3100,12.3000,12.2900,12.3400,12.3500,12.3700,12.3800,12.3900,2,15,34,161,30,53,636,13,104,36
SZ,002382,2017-01-03 09:43:06,12.3300,3,11097.0000,9,S,12.3200,12.3100,12.3000,12.2900,12.2800,12.3300,12.3400,12.3500,12.3700,12.3800,15,34,161,30,18,1,53,636,13,104
SZ,002382,2017-01-03 09:43:12,12.3300,3,18495.0000,15,B,12.3200,12.3100,12.3000,12.2900,12.2800,12.3300,12.3400,12.3500,12.3700,12.3800,15,34,161,30,18,16,53,636,13,104
SZ,002382,2017-01-03 09:43:18,12.3300,1,4932.0000,4,B,12.3200,12.3100,12.3000,12.2900,12.2800,12.3300,12.3400,12.3500,12.3700,12.3800,73,34,161,30,18,12,53,636,13,104
SZ,002382,2017-01-03 09:43:21,12.3200,6,59161.0000,48,S,12.3200,12.3100,12.3000,12.2900,12.2800,12.3300,12.3400,12.3500,12.3700,12.3800,24,34,161,30,18,12,53,636,13,104
SZ,002382,2017-01-03 09:43:36,12.3200,1,27104.0000,22,S,12.3200,12.3100,12.3000,12.2900,12.2800,12.3300,12.3400,12.3500,12.3700,12.3800,3,34,191,30,18,24,63,636,13,104
SZ,002382,2017-01-03 09:43:45,12.3300,4,29592.0000,24,B,12.3300,12.3200,12.3100,12.3000,12.2900,12.3400,12.3500,12.3700,12.3800,12.3900,77,8,34,191,30,63,636,13,104,36
SZ,002382,2017-01-03 09:43:57,12.3300,2,54252.0000,44,S,12.3300,12.3200,12.3100,12.3000,12.2900,12.3400,12.3500,12.3700,12.3800,12.3900,44,8,34,191,30,118,636,13,104,36
SZ,002382,2017-01-03 09:44:03,12.3400,10,90082.0000,73,B,12.3300,12.3200,12.3100,12.3000,12.2900,12.3400,12.3500,12.3700,12.3800,12.3900,44,8,34,191,30,71,636,13,104,36
SZ,002382,2017-01-03 09:44:12,12.3300,2,77712.0000,63,S,12.3300,12.3200,12.3100,12.3000,12.2900,12.3400,12.3500,12.3700,12.3800,12.3900,15,8,34,191,30,68,636,13,104,36
SZ,002382,2017-01-03 09:44:18,12.3300,3,17262.0000,14,S,12.3300,12.3200,12.3100,12.3000,12.2900,12.3400,12.3500,12.3700,12.3800,12.3900,1,8,20,191,30,68,636,13,104,36
SZ,002382,2017-01-03 09:44:21,12.3400,2,24680.0000,20,B,12.3300,12.3200,12.3100,12.3000,12.2900,12.3400,12.3500,12.3700,12.3800,12.3900,1,8,20,191,30,48,636,13,104,36
SZ,002382,2017-01-03 09:44:24,12.3400,1,22212.0000,18,B,12.3300,12.3200,12.3100,12.3000,12.2900,12.3400,12.3500,12.3700,12.3800,12.3900,1,8,20,191,30,38,636,13,104,36
SZ,002382,2017-01-03 09:44:27,12.3400,4,47003.0000,38,B,12.3400,12.3300,12.3200,12.3100,12.3000,12.3500,12.3700,12.3800,12.3900,12.4000,8,1,8,20,191,646,13,104,36,43
SZ,002382,2017-01-03 09:44:30,12.3500,4,56810.0000,46,B,12.3400,12.3300,12.3200,12.3100,12.3000,12.3500,12.3700,12.3800,12.3900,12.4000,8,1,7,20,191,600,13,104,38,43
SZ,002382,2017-01-03 09:44:39,12.3200,4,17270.0000,14,S,12.3200,12.3100,12.3000,12.2900,12.2800,12.3500,12.3700,12.3800,12.3900,12.4000,2,20,191,30,18,600,13,104,38,43
SZ,002382,2017-01-03 09:44:48,12.3400,2,450770.0000,365,S,12.3400,12.3100,12.3000,12.2900,12.2800,12.3500,12.3700,12.3800,12.3900,12.4000,15,20,191,30,18,240,13,104,38,43
SZ,002382,2017-01-03 09:44:51,12.3500,1,4940.0000,4,B,12.3400,12.3100,12.3000,12.2900,12.2800,12.3500,12.3700,12.3800,12.3900,12.4000,16,20,191,30,18,236,13,104,38,43
SZ,002382,2017-01-03 09:44:57,12.3300,5,38211.0000,31,S,12.3100,12.3000,12.2900,12.2800,12.2700,12.3300,12.3500,12.3700,12.3800,12.3900,122,191,30,18,44,41,236,13,104,38
SZ,002382,2017-01-03 09:45:00,12.3300,1,3699.0000,3,B,12.3100,12.3000,12.2900,12.2800,12.2700,12.3300,12.3500,12.3700,12.3800,12.3900,122,191,30,28,44,38,236,13,104,38
SZ,002382,2017-01-03 09:45:15,12.3500,4,98674.0000,80,B,12.3200,12.3100,12.3000,12.2900,12.2800,12.3500,12.3700,12.3800,12.3900,12.4000,1,122,199,30,28,219,13,105,38,43
SZ,002382,2017-01-03 09:45:24,12.3500,2,259341.0000,210,B,12.3200,12.3100,12.3000,12.2900,12.2800,12.3500,12.3700,12.3800,12.3900,12.4000,1,122,199,30,28,18,13,105,38,43
SZ,002382,2017-01-03 09:45:36,12.3500,1,1235.0000,1,B,12.3300,12.3200,12.3100,12.3000,12.2900,12.3500,12.3700,12.3800,12.3900,12.4000,1,1,122,251,30,17,13,105,38,43
SZ,002382,2017-01-03 09:45:45,12.3300,1,1233.0000,1,S,12.3200,12.3100,12.3000,12.2900,12.2800,12.3300,12.3400,12.3500,12.3700,12.3800,1,122,271,30,28,41,7,17,13,105
SZ,002382,2017-01-03 09:45:51,12.3400,2,53021.0000,43,B,12.3200,12.3100,12.3000,12.2900,12.2800,12.3400,12.3500,12.3700,12.3800,12.3900,132,122,271,30,28,5,17,13,105,38
SZ,002382,2017-01-03 09:46:06,12.3400,1,6170.0000,5,B,12.3400,12.3300,12.3200,12.3100,12.3000,12.3500,12.3700,12.3800,12.3900,12.4000,6,10,132,122,271,17,13,105,38,53
SZ,002382,2017-01-03 09:46:15,12.3400,1,7404.0000,6,S,12.3300,12.3200,12.3100,12.3000,12.2900,12.3400,12.3500,12.3700,12.3800,12.3900,10,134,122,271,30,4,17,43,105,38
SZ,002382,2017-01-03 09:46:18,12.3300,2,2467.0000,2,S,12.3300,12.3200,12.3100,12.3000,12.2900,12.3400,12.3500,12.3700,12.3800,12.3900,10,134,122,271,30,3,17,43,105,38
SZ,002382,2017-01-03 09:46:21,12.3400,1,1234.0000,1,B,12.3300,12.3200,12.3100,12.3000,12.2900,12.3400,12.3500,12.3700,12.3800,12.3900,10,134,222,271,30,2,17,83,105,38
SZ,002382,2017-01-03 09:46:36,12.3400,2,4936.0000,4,B,12.3400,12.3300,12.3200,12.3100,12.3000,12.3500,12.3700,12.3800,12.3900,12.4000,1,10,134,222,271,17,81,105,38,53
SZ,002382,2017-01-03 09:46:45,12.3400,2,2468.0000,2,S,12.3300,12.3200,12.3100,12.3000,12.2900,12.3400,12.3500,12.3700,12.3800,12.3900,110,134,222,271,30,4,17,81,105,38
SZ,002382,2017-01-03 09:46:54,12.3400,1,4936.0000,4,B,12.3400,12.3300,12.3200,12.3100,12.3000,12.3500,12.3700,12.3800,12.3900,12.4000,193,110,134,222,271,17,81,105,38,63
SZ,002382,2017-01-03 09:47:09,12.3500,3,13585.0000,11,B,12.3400,12.3300,12.3200,12.3100,12.3000,12.3500,12.3700,12.3800,12.3900,12.4000,186,110,134,222,271,6,111,105,33,69
SZ,002382,2017-01-03 09:47:18,12.3500,2,13585.0000,11,B,12.3500,12.3400,12.3300,12.3200,12.3100,12.3700,12.3800,12.3900,12.4000,12.4100,135,186,110,134,106,111,105,33,69,11
SZ,002382,2017-01-03 09:47:42,12.3600,3,21012.0000,17,S,12.3500,12.3400,12.3300,12.3200,12.3100,12.3600,12.3700,12.3800,12.3900,12.4000,154,285,109,134,106,13,124,105,33,69
SZ,002382,2017-01-03 09:47:51,12.3600,1,12360.0000,10,B,12.3500,12.3400,12.3300,12.3200,12.3100,12.3600,12.3700,12.3800,12.3900,12.4000,136,285,109,134,106,44,124,105,33,69
SZ,002382,2017-01-03 09:48:06,12.3600,3,17304.0000,14,B,12.3500,12.3400,12.3300,12.3200,12.3100,12.3600,12.3700,12.3800,12.3900,12.4000,136,103,109,3,106,30,124,105,33,69
SZ,002382,2017-01-03 09:48:09,12.3500,1,123500.0000,100,S,12.3500,12.3400,12.3300,12.3200,12.3100,12.3600,12.3700,12.3800,12.3900,12.4000,37,103,109,3,106,30,124,585,33,69
SZ,002382,2017-01-03 09:48:12,12.3500,2,16055.0000,13,S,12.3500,12.3400,12.3300,12.3200,12.3100,12.3600,12.3700,12.3800,12.3900,12.4000,24,103,109,3,106,30,124,585,33,69
SZ,002382,2017-01-03 09:48:15,12.3500,1,1235.0000,1,S,12.3500,12.3400,12.3300,12.3200,12.3100,12.3600,12.3700,12.3800,12.3900,12.4000,23,103,109,3,106,30,124,585,33,69
SZ,002382,2017-01-03 09:48:18,12.3500,1,1235.0000,1,S,12.3500,12.3400,12.3300,12.3200,12.3100,12.3600,12.3700,12.3800,12.3900,12.4000,22,103,109,3,106,30,116,585,33,69
SZ,002382,2017-01-03 09:48:45,12.3800,18,742608.0000,600,B,12.3500,12.3400,12.3300,12.3200,12.3100,12.3800,12.3900,12.4000,12.4100,12.4200,23,103,109,3,106,139,33,69,21,10
SZ,002382,2017-01-03 09:48:51,12.3500,4,32116.0000,26,S,12.3500,12.3400,12.3300,12.3200,12.3100,12.3600,12.3800,12.3900,12.4000,12.4100,3,103,109,3,106,23,139,33,69,21
SZ,002382,2017-01-03 09:48:54,12.3600,2,3708.0000,3,B,12.3500,12.3400,12.3300,12.3200,12.3100,12.3600,12.3800,12.3900,12.4000,12.4100,4,103,109,3,106,20,139,33,69,21
SZ,002382,2017-01-03 09:49:00,12.3600,1,1236.0000,1,B,12.3500,12.3400,12.3300,12.3200,12.3100,12.3600,12.3800,12.3900,12.4000,12.4100,4,103,109,3,106,19,139,33,69,21
SZ,002382,2017-01-03 09:49:09,12.3400,6,132042.0000,107,S,12.3300,12.3200,12.3100,12.3000,12.2900,12.3400,12.3600,12.3800,12.3900,12.4000,109,3,106,274,30,3,19,139,33,69
SZ,002382,2017-01-03 09:49:21,12.3500,2,12347.0000,10,B,12.3300,12.3200,12.3100,12.3000,12.2900,12.3500,12.3600,12.3800,12.3900,12.4000,110,3,106,274,30,34,19,139,31,69
SZ,002382,2017-01-03 09:49:27,12.3300,2,80145.0000,65,S,12.3300,12.3200,12.3100,12.3000,12.2900,12.3500,12.3600,12.3800,12.3900,12.4000,45,3,106,294,30,34,13,139,31,69
SZ,002382,2017-01-03 09:49:30,12.3500,1,13585.0000,11,B,12.3300,12.3200,12.3100,12.3000,12.2900,12.3500,12.3600,12.3700,12.3800,12.3900,45,3,106,294,30,23,13,30,141,31
SZ,002382,2017-01-03 09:49:51,12.3300,3,56719.0000,46,S,12.3200,12.3100,12.3000,12.2900,12.2800,12.3300,12.3500,12.3600,12.3700,12.3800,3,106,294,30,18,4,28,13,42,193
SZ,002382,2017-01-03 09:50:03,12.3300,1,4932.0000,4,B,12.3300,12.3200,12.3100,12.3000,12.2900,12.3500,12.3600,12.3700,12.3800,12.3900,10,24,106,291,30,28,13,42,193,31
SZ,002382,2017-01-03 09:50:18,12.3500,1,13585.0000,11,B,12.3300,12.3200,12.3100,12.3000,12.2900,12.3500,12.3600,12.3700,12.3800,12.3900,10,29,106,317,30,17,13,42,193,31
SZ,002382,2017-01-03 09:50:33,12.3500,2,20995.0000,17,B,12.3400,12.3300,12.3200,12.3100,12.3000,12.3600,12.3700,12.3800,12.3900,12.4000,1,13,28,106,317,5,42,193,31,69
SZ,002382,2017-01-03 09:51:09,12.3600,6,80330.0000,65,S,12.3500,12.3400,12.3300,12.3200,12.3100,12.3700,12.3800,12.3900,12.4000,12.4100,47,1,13,28,106,42,141,31,71,33
SZ,002382,2017-01-03 09:51:18,12.3700,1,13607.0000,11,B,12.3600,12.3500,12.3300,12.3200,12.3100,12.3700,12.3800,12.3900,12.4000,12.4100,1,47,13,28,106,31,141,40,71,33
SZ,002382,2017-01-03 09:51:30,12.3700,1,3711.0000,3,B,12.3600,12.3300,12.3200,12.3100,12.3000,12.3700,12.3800,12.3900,12.4000,12.4100,2,10,28,106,140,28,141,40,71,33
SZ,002382,2017-01-03 09:51:36,12.3600,3,3708.0000,3,S,12.3300,12.3200,12.3100,12.3000,12.2900,12.3500,12.3700,12.3800,12.3900,12.4000,10,28,106,140,30,47,28,141,40,71
SZ,002382,2017-01-03 09:51:39,12.3700,2,60519.0000,49,B,12.3300,12.3200,12.3100,12.3000,12.2900,12.3700,12.3800,12.3900,12.4000,12.4100,10,28,106,140,30,26,141,40,71,33
SZ,002382,2017-01-03 09:52:09,12.3600,6,140965.0000,114,S,12.3500,12.3400,12.3300,12.3200,12.3100,12.3600,12.3700,12.3900,12.4000,12.4100,239,20,10,28,106,47,50,40,71,33
SZ,002382,2017-01-03 09:52:15,12.3600,1,3708.0000,3,B,12.3500,12.3400,12.3300,12.3200,12.3100,12.3600,12.3700,12.3900,12.4000,12.4100,239,20,10,28,106,44,50,40,71,33
SZ,002382,2017-01-03 09:52:21,12.3600,2,24720.0000,20,B,12.3500,12.3400,12.3300,12.3200,12.3100,12.3600,12.3700,12.3900,12.4000,12.4100,240,20,10,28,106,24,50,40,71,33
SZ,002382,2017-01-03 09:52:42,12.3500,1,4940.0000,4,S,12.3500,12.3400,12.3300,12.3200,12.3100,12.3600,12.3700,12.3800,12.3900,12.4000,241,20,10,28,106,24,60,2,40,71
SZ,002382,2017-01-03 09:52:54,12.3500,1,49400.0000,40,S,12.3500,12.3400,12.3300,12.3200,12.3100,12.3600,12.3700,12.3800,12.3900,12.4000,202,20,10,28,106,1124,60,2,40,71
SZ,002382,2017-01-03 09:52:57,12.3500,1,24700.0000,20,S,12.3500,12.3400,12.3300,12.3200,12.3100,12.3600,12.3700,12.3800,12.3900,12.4000,182,20,10,28,106,1124,60,2,40,71
SZ,002382,2017-01-03 09:53:00,12.3500,2,7410.0000,6,S,12.3500,12.3400,12.3300,12.3200,12.3100,12.3600,12.3700,12.3800,12.3900,12.4000,176,20,10,28,106,1124,60,2,40,71
SZ,002382,2017-01-03 09:53:06,12.3500,2,45695.0000,37,S,12.3500,12.3400,12.3300,12.3200,12.3100,12.3600,12.3700,12.3800,12.3900,12.4000,140,20,10,28,116,1124,60,2,40,71
SZ,002382,2017-01-03 09:53:09,12.3500,1,12350.0000,10,S,12.3500,12.3400,12.3300,12.3200,12.3100,12.3600,12.3700,12.3800,12.3900,12.4000,130,20,15,28,116,1124,60,2,40,71
SZ,002382,2017-01-03 09:53:12,12.3500,3,87685.0000,71,S,12.3500,12.3400,12.3300,12.3200,12.3100,12.3600,12.3700,12.3800,12.3900,12.4000,59,20,15,28,116,1124,60,2,40,71
SZ,002382,2017-01-03 09:53:18,12.3600,1,13596.0000,11,B,12.3500,12.3400,12.3300,12.3200,12.3100,12.3600,12.3700,12.3800,12.3900,12.4000,59,20,15,28,118,1013,60,2,40,71
SZ,002382,2017-01-03 09:53:21,12.3500,1,3705.0000,3,S,12.3500,12.3400,12.3300,12.3200,12.3100,12.3600,12.3700,12.3800,12.3900,12.4000,56,20,15,28,118,1013,60,2,40,71
SZ,002382,2017-01-03 09:53:24,12.3500,1,12350.0000,10,S,12.3500,12.3400,12.3300,12.3200,12.3100,12.3600,12.3700,12.3800,12.3900,12.4000,46,20,15,28,118,1013,60,2,40,71
SZ,002382,2017-01-03 09:53:27,12.3500,5,56810.0000,46,S,12.3400,12.3300,12.3200,12.3100,12.3000,12.3500,12.3600,12.3700,12.3800,12.3900,20,15,28,118,340,54,1013,60,2,40
SZ,002382,2017-01-03 09:53:39,12.3500,1,61750.0000,50,B,12.3400,12.3300,12.3200,12.3100,12.3000,12.3500,12.3600,12.3700,12.3800,12.3900,21,15,28,118,340,21,1013,60,5,40
SZ,002382,2017-01-03 09:53:42,12.3500,3,8643.0000,7,B,12.3400,12.3300,12.3200,12.3100,12.3000,12.3500,12.3600,12.3700,12.3800,12.3900,19,15,28,118,340,16,1013,60,5,40
SZ,002382,2017-01-03 09:53:51,12.3500,1,1235.0000,1,B,12.3400,12.3300,12.3200,12.3100,12.3000,12.3500,12.3600,12.3700,12.3800,12.3900,19,15,28,118,340,25,1013,60,20,43
SZ,002382,2017-01-03 09:53:57,12.3400,1,1234.0000,1,S,12.3400,12.3300,12.3200,12.3100,12.3000,12.3500,12.3600,12.3700,12.3800,12.3900,24,15,28,118,340,25,1013,60,20,43
SZ,002382,2017-01-03 09:54:15,12.3500,1,2470.0000,2,B,12.3400,12.3300,12.3200,12.3100,12.3000,12.3500,12.3600,12.3700,12.3800,12.3900,24,15,28,118,340,23,1013,60,20,43
SZ,002382,2017-01-03 09:54:21,12.3500,1,13585.0000,11,B,12.3400,12.3300,12.3200,12.3100,12.3000,12.3500,12.3600,12.3700,12.3800,12.3900,25,15,28,118,340,12,1013,60,20,43
SZ,002382,2017-01-03 09:54:36,12.3500,2,11115.0000,9,B,12.3400,12.3300,12.3200,12.3100,12.3000,12.3500,12.3600,12.3700,12.3800,12.3900,25,15,28,118,340,3,1013,60,20,43
SZ,002382,2017-01-03 09:54:54,12.3400,1,1234.0000,1,S,12.3400,12.3300,12.3200,12.3100,12.3000,12.3500,12.3600,12.3700,12.3800,12.3900,25,15,28,118,340,8,1013,60,20,43
SZ,002382,2017-01-03 09:55:00,12.3500,2,9880.0000,8,B,12.3500,12.3400,12.3300,12.3200,12.3100,12.3600,12.3700,12.3800,12.3900,12.4000,3,28,15,28,118,1013,60,20,43,71
SZ,002382,2017-01-03 09:55:15,12.3600,2,3708.0000,3,B,12.3500,12.3400,12.3300,12.3200,12.3100,12.3600,12.3700,12.3800,12.3900,12.4000,1,25,15,28,118,1010,60,20,43,71
SZ,002382,2017-01-03 09:55:24,12.3600,1,3708.0000,3,B,12.3500,12.3400,12.3300,12.3200,12.3100,12.3600,12.3700,12.3800,12.3900,12.4000,1,25,15,28,118,1007,60,20,43,71
SZ,002382,2017-01-03 09:55:27,12.3500,1,1235.0000,1,S,12.3400,12.3300,12.3200,12.3100,12.3000,12.3500,12.3600,12.3700,12.3800,12.3900,25,15,28,118,343,5,1007,60,20,43
SZ,002382,2017-01-03 09:55:39,12.3500,1,6175.0000,5,B,12.3500,12.3400,12.3300,12.3200,12.3100,12.3600,12.3700,12.3800,12.3900,12.4000,6,26,15,28,118,1007,60,20,33,71
SZ,002382,2017-01-03 09:55:45,12.3600,2,25956.0000,21,B,12.3500,12.3400,12.3300,12.3200,12.3100,12.3600,12.3700,12.3800,12.3900,12.4000,6,26,15,28,118,1179,60,20,33,71
SZ,002382,2017-01-03 09:56:00,12.3600,1,1236.0000,1,B,12.3500,12.3400,12.3300,12.3200,12.3100,12.3600,12.3700,12.3800,12.3900,12.4000,1,26,15,28,118,1178,60,20,33,71
SZ,002382,2017-01-03 09:56:06,12.3600,1,7416.0000,6,B,12.3500,12.3400,12.3300,12.3200,12.3100,12.3600,12.3700,12.3800,12.3900,12.4000,1,26,15,28,118,1172,60,20,33,71
SZ,002382,2017-01-03 09:56:12,12.3400,7,35795.0000,29,S,12.3400,12.3300,12.3200,12.3100,12.3000,12.3600,12.3700,12.3800,12.3900,12.4000,2,15,28,118,338,1168,60,20,33,71
SZ,002382,2017-01-03 09:56:24,12.3400,3,3703.0000,3,S,12.3300,12.3200,12.3100,12.3000,12.2900,12.3400,12.3500,12.3600,12.3700,12.3800,15,28,118,338,30,8,30,1168,60,20
SZ,002382,2017-01-03 09:56:45,12.3400,1,3702.0000,3,B,12.3300,12.3200,12.3100,12.3000,12.2900,12.3400,12.3500,12.3600,12.3700,12.3800,15,128,153,338,30,5,51,1168,60,20
SZ,002382,2017-01-03 09:56:48,12.3400,1,6170.0000,5,B,12.3400,12.3300,12.3200,12.3100,12.3000,12.3500,12.3600,12.3700,12.3800,12.3900,6,16,128,153,338,51,1168,60,20,33
SZ,002382,2017-01-03 09:56:54,12.3300,2,12336.0000,10,S,12.3300,12.3200,12.3100,12.3000,12.2900,12.3500,12.3600,12.3700,12.3800,12.3900,12,128,153,338,30,51,1168,60,20,33
SZ,002382,2017-01-03 09:57:06,12.3300,2,11097.0000,9,S,12.3300,12.3200,12.3100,12.3000,12.2900,12.3500,12.3600,12.3700,12.3800,12.3900,3,128,153,338,30,51,1168,60,20,33
SZ,002382,2017-01-03 09:57:15,12.3400,1,6170.0000,5,B,12.3400,12.3300,12.3200,12.3100,12.3000,12.3500,12.3600,12.3700,12.3800,12.3900,5,4,128,153,338,71,1168,60,20,33
SZ,002382,2017-01-03 09:57:18,12.3400,1,3702.0000,3,S,12.3400,12.3300,12.3200,12.3100,12.3000,12.3500,12.3600,12.3700,12.3800,12.3900,2,4,128,153,338,71,1168,60,20,33
SZ,002382,2017-01-03 09:57:30,12.3400,1,2468.0000,2,S,12.3300,12.3200,12.3100,12.3000,12.2900,12.3400,12.3500,12.3600,12.3700,12.3800,4,128,153,338,30,17,61,1168,60,20
SZ,002382,2017-01-03 09:57:33,12.3500,3,29623.0000,24,B,12.3300,12.3200,12.3100,12.3000,12.2900,12.3500,12.3600,12.3700,12.3800,12.3900,4,128,153,338,30,54,1168,60,20,33
SZ,002382,2017-01-03 09:57:51,12.3500,1,12350.0000,10,B,12.3400,12.3300,12.3200,12.3100,12.3000,12.3500,12.3600,12.3700,12.3800,12.3900,1,4,128,153,338,54,1168,60,20,33
SZ,002382,2017-01-03 09:57:54,12.3400,1,1234.0000,1,S,12.3300,12.3200,12.3100,12.3000,12.2900,12.3400,12.3500,12.3600,12.3700,12.3800,4,128,153,338,30,38,54,1168,60,20
SZ,002382,2017-01-03 09:58:09,12.3400,3,71572.0000,58,B,12.3400,12.3300,12.3200,12.3100,12.3000,12.3500,12.3600,12.3700,12.3800,12.3900,1,46,128,153,338,54,1168,60,20,33
SZ,002382,2017-01-03 09:58:18,12.3500,2,13585.0000,11,B,12.3400,12.3300,12.3200,12.3100,12.3000,12.3500,12.3600,12.3700,12.3800,12.3900,1,51,128,153,348,46,1168,60,20,33
SZ,002382,2017-01-03 09:58:27,12.3600,16,390377.0000,316,B,12.3300,12.3200,12.3100,12.3000,12.2900,12.3600,12.3700,12.3800,12.3900,12.4000,3,128,153,348,30,953,60,20,33,71
SZ,002382,2017-01-03 09:58:36,12.3600,3,192786.0000,156,B,12.3500,12.3300,12.3200,12.3100,12.3000,12.3600,12.3700,12.3800,12.3900,12.4000,17,3,128,153,348,812,60,20,33,69
SZ,002382,2017-01-03 09:58:57,12.3600,1,441252.0000,357,B,12.3500,12.3400,12.3300,12.3200,12.3100,12.3600,12.3700,12.3800,12.3900,12.4000,18,10,4,128,153,455,60,20,33,71
SZ,002382,2017-01-03 09:59:03,12.3500,1,9880.0000,8,S,12.3500,12.3400,12.3300,12.3200,12.3100,12.3600,12.3700,12.3800,12.3900,12.4000,10,10,4,128,153,455,60,20,27,71
SZ,002382,2017-01-03 09:59:06,12.3600,1,13596.0000,11,B,12.3500,12.3400,12.3300,12.3200,12.3100,12.3600,12.3700,12.3800,12.3900,12.4000,10,10,4,128,153,444,60,20,27,71
SZ,002382,2017-01-03 09:59:09,12.3600,1,12360.0000,10,B,12.3500,12.3400,12.3300,12.3200,12.3100,12.3600,12.3700,12.3800,12.3900,12.4000,10,10,4,128,153,434,60,20,27,71
SZ,002382,2017-01-03 09:59:21,12.3500,1,2470.0000,2,S,12.3500,12.3400,12.3300,12.3200,12.3100,12.3600,12.3700,12.3800,12.3900,12.4000,9,10,4,128,153,434,70,20,27,71
SZ,002382,2017-01-03 09:59:27,12.3600,1,6180.0000,5,B,12.3500,12.3400,12.3300,12.3200,12.3100,12.3600,12.3700,12.3800,12.3900,12.4000,9,10,4,128,153,429,70,20,27,71
SZ,002382,2017-01-03 09:59:36,12.3600,5,258264.0000,209,B,12.3400,12.3300,12.3200,12.3100,12.3000,12.3600,12.3700,12.3800,12.3900,12.4000,10,4,108,153,348,280,70,20,27,71
SZ,002382,2017-01-03 09:59:54,12.3500,2,23465.0000,19,S,12.3400,12.3300,12.3200,12.3100,12.3000,12.3500,12.3600,12.3700,12.3800,12.3900,10,24,108,153,348,130,280,70,20,27
SZ,002382,2017-01-03 10:00:18,12.3500,1,13585.0000,11,B,12.3400,12.3300,12.3200,12.3100,12.3000,12.3500,12.3600,12.3700,12.3800,12.3900,11,24,108,153,348,119,280,70,22,27
SZ,002382,2017-01-03 10:00:42,12.3400,3,14808.0000,12,S,12.3300,12.3200,12.3100,12.3000,12.2900,12.3400,12.3500,12.3600,12.3700,12.3800,24,108,153,348,30,38,119,280,70,22
SZ,002382,2017-01-03 10:00:51,12.3400,1,35786.0000,29,B,12.3300,12.3200,12.3100,12.3000,12.2900,12.3400,12.3500,12.3600,12.3700,12.3800,24,108,153,348,30,19,119,280,70,22
SZ,002382,2017-01-03 10:00:57,12.3300,5,39468.0000,32,S,12.3300,12.3200,12.3100,12.3000,12.2900,12.3400,12.3500,12.3600,12.3700,12.3800,4,108,153,348,30,7,126,280,70,22
SZ,002382,2017-01-03 10:01:09,12.3400,2,8638.0000,7,B,12.3400,12.3300,12.3200,12.3100,12.3000,12.3500,12.3600,12.3700,12.3800,12.3900,5,5,108,153,348,126,280,70,22,27
SZ,002382,2017-01-03 10:01:21,12.3500,1,6175.0000,5,B,12.3300,12.3200,12.3100,12.3000,12.2900,12.3500,12.3600,12.3700,12.3800,12.3900,10,108,153,348,30,121,280,70,22,27
SZ,002382,2017-01-03 10:01:39,12.3500,1,6175.0000,5,B,12.3400,12.3300,12.3200,12.3100,12.3000,12.3500,12.3600,12.3700,12.3800,12.3900,1,10,108,158,348,116,310,70,22,27
SZ,002382,2017-01-03 10:01:51,12.3400,2,2468.0000,2,S,12.3300,12.3200,12.3100,12.3000,12.2900,12.3400,12.3500,12.3600,12.3700,12.3800,10,108,158,348,30,8,116,310,70,22
SZ,002382,2017-01-03 10:02:12,12.3300,3,8631.0000,7,S,12.3300,12.3200,12.3100,12.3000,12.2900,12.3400,12.3500,12.3600,12.3700,12.3800,21,108,158,348,30,8,116,310,70,22
SZ,002382,2017-01-03 10:02:21,12.3300,2,12330.0000,10,S,12.3300,12.3200,12.3100,12.3000,12.2900,12.3400,12.3500,12.3600,12.3700,12.3800,12,108,158,348,30,28,116,310,70,22
SZ,002382,2017-01-03 10:02:30,12.3400,2,13574.0000,11,B,12.3300,12.3200,12.3100,12.3000,12.2900,12.3400,12.3500,12.3600,12.3700,12.3800,12,108,158,348,30,17,116,310,70,22
SZ,002382,2017-01-03 10:02:39,12.3400,1,1234.0000,1,B,12.3300,12.3200,12.3100,12.3000,12.2900,12.3400,12.3500,12.3600,12.3700,12.3800,12,108,158,343,30,16,116,310,70,22
SZ,002382,2017-01-03 10:03:03,12.3400,3,25914.0000,21,B,12.3400,12.3300,12.3200,12.3100,12.3000,12.3500,12.3600,12.3700,12.3800,12.3900,29,13,108,158,366,116,310,70,22,27
SZ,002382,2017-01-03 10:03:30,12.3400,2,37020.0000,30,S,12.3300,12.3200,12.3100,12.3000,12.2900,12.3500,12.3600,12.3700,12.3800,12.3900,113,108,158,366,30,141,340,70,22,27
SZ,002382,2017-01-03 10:03:51,12.3500,1,24700.0000,20,B,12.3400,12.3300,12.3200,12.3100,12.3000,12.3500,12.3600,12.3700,12.3800,12.3900,1,163,108,158,366,121,340,70,22,27
SZ,002382,2017-01-03 10:04:06,12.3300,6,34526.0000,28,S,12.3300,12.3200,12.3100,12.3000,12.2900,12.3500,12.3600,12.3700,12.3800,12.3900,137,108,158,364,30,126,340,70,32,27
SZ,002382,2017-01-03 10:04:09,12.3500,1,1235.0000,1,B,12.3300,12.3200,12.3100,12.3000,12.2900,12.3500,12.3600,12.3700,12.3800,12.3900,137,108,158,364,30,125,340,70,32,27
SZ,002382,2017-01-03 10:04:15,12.3300,1,80145.0000,65,S,12.3300,12.3200,12.3100,12.3000,12.2900,12.3400,12.3500,12.3600,12.3700,12.3800,72,108,158,364,30,12,125,340,70,32
SZ,002382,2017-01-03 10:04:24,12.3300,1,12330.0000,10,S,12.3300,12.3200,12.3100,12.3000,12.2900,12.3400,12.3500,12.3600,12.3700,12.3800,62,108,158,364,30,12,125,340,70,32
SZ,002382,2017-01-03 10:04:27,12.3400,2,14808.0000,12,B,12.3400,12.3300,12.3200,12.3100,12.3000,12.3500,12.3600,12.3700,12.3800,12.3900,6,63,108,158,364,125,340,70,32,27
SZ,002382,2017-01-03 10:04:39,12.3300,2,17268.0000,14,S,12.3300,12.3200,12.3100,12.3000,12.2900,12.3500,12.3600,12.3700,12.3800,12.3900,55,108,158,364,30,125,340,70,32,27
SZ,002382,2017-01-03 10:04:48,12.3500,1,14820.0000,12,B,12.3300,12.3200,12.3100,12.3000,12.2900,12.3500,12.3600,12.3700,12.3800,12.3900,55,108,158,364,30,113,340,70,32,27
SZ,002382,2017-01-03 10:04:57,12.3400,1,1234.0000,1,S,12.3300,12.3200,12.3100,12.3000,12.2900,12.3400,12.3500,12.3600,12.3700,12.3800,55,108,158,364,30,15,113,340,70,32
SZ,002382,2017-01-03 10:05:06,12.3400,1,8638.0000,7,B,12.3300,12.3200,12.3100,12.3000,12.2900,12.3400,12.3500,12.3600,12.3700,12.3800,55,108,158,376,30,8,113,340,70,32
SZ,002382,2017-01-03 10:05:39,12.3400,1,1234.0000,1,B,12.3300,12.3200,12.3100,12.3000,12.2900,12.3400,12.3500,12.3600,12.3700,12.3800,18,108,158,381,30,7,113,340,70,32
SZ,002382,2017-01-03 10:05:51,12.3400,1,8638.0000,7,B,12.3400,12.3300,12.3200,12.3100,12.3000,12.3500,12.3600,12.3700,12.3800,12.3900,4,30,108,158,381,113,340,70,32,27
SZ,002382,2017-01-03 10:06:15,12.3400,6,27141.0000,22,B,12.3300,12.3200,12.3100,12.3000,12.2900,12.3400,12.3500,12.3600,12.3700,12.3800,12,128,158,381,30,37,113,340,70,32
SZ,002382,2017-01-03 10:06:18,12.3400,1,1234.0000,1,B,12.3300,12.3200,12.3100,12.3000,12.2900,12.3400,12.3500,12.3600,12.3700,12.3800,13,128,158,381,30,36,113,340,70,32
SZ,002382,2017-01-03 10:06:21,12.3300,1,12330.0000,10,S,12.3300,12.3200,12.3100,12.3000,12.2900,12.3400,12.3500,12.3600,12.3700,12.3800,4,128,158,381,30,36,113,340,70,32
SZ,002382,2017-01-03 10:06:39,12.3400,1,13574.0000,11,B,12.3300,12.3200,12.3100,12.3000,12.2900,12.3400,12.3500,12.3600,12.3700,12.3800,54,128,158,381,30,25,118,340,70,32
SZ,002382,2017-01-03 10:06:42,12.3300,5,9864.0000,8,S,12.3300,12.3200,12.3100,12.3000,12.2900,12.3400,12.3500,12.3600,12.3700,12.3800,46,128,158,381,30,25,118,340,70,32
SZ,002382,2017-01-03 10:06:51,12.3400,1,1234.0000,1,B,12.3300,12.3200,12.3100,12.3000,12.2900,12.3400,12.3500,12.3600,12.3700,12.3800,46,128,158,381,30,24,118,340,70,32
SZ,002382,2017-01-03 10:07:00,12.3300,1,8631.0000,7,S,12.3300,12.3200,12.3100,12.3000,12.2900,12.3400,12.3500,12.3600,12.3700,12.3800,39,128,158,381,30,24,118,340,70,32
SZ,002382,2017-01-03 10:07:06,12.3400,1,14808.0000,12,B,12.3300,12.3200,12.3100,12.3000,12.2900,12.3400,12.3500,12.3600,12.3700,12.3800,40,128,158,381,30,12,128,340,70,32
SZ,002382,2017-01-03 10:07:09,12.3400,1,1234.0000,1,B,12.3300,12.3200,12.3100,12.3000,12.2900,12.3400,12.3500,12.3600,12.3700,12.3800,40,128,158,381,30,11,128,340,70,32
SZ,002382,2017-01-03 10:07:15,12.3400,2,13574.0000,11,B,12.3300,12.3200,12.3100,12.3000,12.2900,12.3500,12.3600,12.3700,12.3800,12.3900,40,128,158,381,30,123,340,70,32,27
SZ,002382,2017-01-03 10:07:21,12.3500,2,38275.0000,31,B,12.3300,12.3200,12.3100,12.3000,12.2900,12.3500,12.3600,12.3700,12.3800,12.3900,37,128,158,381,30,97,340,70,32,27
SZ,002382,2017-01-03 10:07:30,12.3400,1,12340.0000,10,B,12.3400,12.3300,12.3200,12.3100,12.3000,12.3500,12.3600,12.3700,12.3800,12.3900,30,37,128,158,381,97,340,70,32,27
SZ,002382,2017-01-03 10:07:39,12.3500,2,14809.0000,12,B,12.3400,12.3300,12.3200,12.3100,12.3000,12.3500,12.3600,12.3700,12.3800,12.3900,19,38,128,158,381,96,340,70,32,27
SZ,002382,2017-01-03 10:07:42,12.3500,1,1235.0000,1,B,12.3400,12.3300,12.3200,12.3100,12.3000,12.3500,12.3600,12.3700,12.3800,12.3900,19,38,128,158,381,95,340,70,32,27
SZ,002382,2017-01-03 10:07:45,12.3500,1,49400.0000,40,B,12.3400,12.3300,12.3200,12.3100,12.3000,12.3500,12.3600,12.3700,12.3800,12.3900,19,38,128,158,381,55,340,70,32,27
SZ,002382,2017-01-03 10:07:57,12.3500,2,11115.0000,9,B,12.3400,12.3300,12.3200,12.3100,12.3000,12.3500,12.3600,12.3700,12.3800,12.3900,34,38,128,158,381,46,340,70,32,27
SZ,002382,2017-01-03 10:08:03,12.3600,9,477050.0000,386,B,12.3600,12.3400,12.3300,12.3200,12.3100,12.3700,12.3800,12.3900,12.4000,12.4100,14,35,38,128,158,60,32,27,71,22
SZ,002382,2017-01-03 10:08:12,12.3700,1,13607.0000,11,B,12.3600,12.3400,12.3300,12.3200,12.3100,12.3700,12.3800,12.3900,12.4000,12.4100,17,30,134,128,158,49,32,27,71,22
SZ,002382,2017-01-03 10:08:15,12.3700,1,37110.0000,30,B,12.3600,12.3400,12.3300,12.3200,12.3100,12.3700,12.3800,12.3900,12.4000,12.4100,17,30,134,128,158,19,32,27,71,22
SZ,002382,2017-01-03 10:08:18,12.3700,3,19777.0000,16,B,12.3600,12.3400,12.3300,12.3200,12.3100,12.3700,12.3800,12.3900,12.4000,12.4100,3,30,133,128,158,18,32,27,71,22
SZ,002382,2017-01-03 10:08:21,12.3700,1,1237.0000,1,B,12.3600,12.3400,12.3300,12.3200,12.3100,12.3700,12.3800,12.3900,12.4000,12.4100,4,30,133,128,158,17,32,27,71,22
SZ,002382,2017-01-03 10:08:39,12.3800,4,24680.0000,20,B,12.3700,12.3600,12.3400,12.3300,12.3200,12.3800,12.3900,12.4000,12.4100,12.4200,61,5,30,133,128,31,27,71,22,10
SZ,002382,2017-01-03 10:08:48,12.3700,1,12370.0000,10,S,12.3700,12.3600,12.3400,12.3300,12.3200,12.3800,12.3900,12.4000,12.4100,12.4200,31,55,29,133,128,31,27,71,22,10
SZ,002382,2017-01-03 10:08:57,12.3800,3,14856.0000,12,B,12.3700,12.3600,12.3400,12.3300,12.3200,12.3800,12.3900,12.4000,12.4100,12.4200,33,55,29,133,128,19,27,68,22,10
SZ,002382,2017-01-03 10:09:00,12.3800,4,19808.0000,16,B,12.3700,12.3600,12.3400,12.3300,12.3200,12.3800,12.3900,12.4000,12.4100,12.4200,33,55,29,133,128,3,27,68,22,10
SZ,002382,2017-01-03 10:09:03,12.3800,1,3714.0000,3,B,12.3800,12.3700,12.3600,12.3400,12.3300,12.3900,12.4000,12.4100,12.4200,12.4300,7,33,55,29,133,27,68,22,10,26
SZ,002382,2017-01-03 10:09:12,12.3900,3,21063.0000,17,B,12.3800,12.3700,12.3600,12.3400,12.3300,12.3900,12.4000,12.4100,12.4200,12.4300,30,33,51,29,133,10,78,22,10,26
SZ,002382,2017-01-03 10:09:18,12.3900,1,1239.0000,1,B,12.3800,12.3700,12.3600,12.3400,12.3300,12.3900,12.4000,12.4100,12.4200,12.4300,31,33,50,29,133,9,76,22,10,26
SZ,002382,2017-01-03 10:09:21,12.3900,1,1239.0000,1,B,12.3800,12.3700,12.3600,12.3400,12.3300,12.3900,12.4000,12.4100,12.4200,12.4300,32,33,50,29,133,8,76,22,10,26
SZ,002382,2017-01-03 10:09:24,12.3900,2,9912.0000,8,B,12.3900,12.3800,12.3700,12.3600,12.3400,12.4000,12.4100,12.4200,12.4300,12.4400,3,33,33,50,29,76,22,10,26,18
SZ,002382,2017-01-03 10:09:36,12.3900,2,6195.0000,5,S,12.3800,12.3700,12.3600,12.3400,12.3300,12.3900,12.4000,12.4100,12.4200,12.4300,13,31,50,29,133,5,76,22,10,26
SZ,002382,2017-01-03 10:09:48,12.3900,2,18585.0000,15,B,12.3900,12.3800,12.3700,12.3600,12.3400,12.4000,12.4100,12.4200,12.4300,12.4400,5,13,31,50,29,76,22,10,26,18
SZ,002382,2017-01-03 10:09:51,12.3900,2,7434.0000,6,S,12.3800,12.3700,12.3600,12.3400,12.3300,12.3900,12.4000,12.4100,12.4200,12.4300,13,31,50,29,133,994,76,22,10,26
SZ,002382,2017-01-03 10:10:00,12.3900,3,1241470.0000,1002,B,12.3900,12.3800,12.3700,12.3600,12.3400,12.4000,12.4100,12.4200,12.4300,12.4400,6,5,31,50,29,76,22,10,26,18
SZ,002382,2017-01-03 10:10:09,12.4000,1,1240.0000,1,B,12.3900,12.3800,12.3700,12.3600,12.3400,12.4000,12.4100,12.4200,12.4300,12.4400,18,5,31,50,29,85,22,10,28,18
SZ,002382,2017-01-03 10:10:12,12.4000,5,62000.0000,50,B,12.3900,12.3800,12.3700,12.3600,12.3400,12.4000,12.4100,12.4200,12.4300,12.4400,18,4,31,50,29,35,52,10,28,18
SZ,002382,2017-01-03 10:10:18,12.4000,1,1240.0000,1,B,12.3900,12.3800,12.3700,12.3600,12.3400,12.4000,12.4100,12.4200,12.4300,12.4400,19,3,31,50,29,34,52,10,28,23
SZ,002382,2017-01-03 10:10:21,12.4000,1,1240.0000,1,B,12.3900,12.3800,12.3700,12.3600,12.3400,12.4000,12.4100,12.4200,12.4300,12.4400,21,3,31,50,29,33,52,10,28,23
SZ,002382,2017-01-03 10:10:24,12.4000,2,13640.0000,11,B,12.3900,12.3800,12.3700,12.3600,12.3400,12.4000,12.4100,12.4200,12.4300,12.4400,21,3,31,50,29,22,52,10,28,23
SZ,002382,2017-01-03 10:10:42,12.3900,2,12390.0000,10,S,12.3900,12.3800,12.3700,12.3600,12.3400,12.4000,12.4100,12.4200,12.4300,12.4400,11,3,31,50,29,46,52,12,28,23
SZ,002382,2017-01-03 10:10:45,12.3900,3,12390.0000,10,S,12.3900,12.3800,12.3700,12.3600,12.3400,12.4000,12.4100,12.4200,12.4300,12.4400,1,3,31,50,29,46,62,12,28,23
SZ,002382,2017-01-03 10:10:48,12.3900,2,2478.0000,2,S,12.3800,12.3700,12.3600,12.3400,12.3300,12.3900,12.4000,12.4100,12.4200,12.4300,3,31,50,29,133,8,51,62,12,28
SZ,002382,2017-01-03 10:11:00,12.3900,1,9912.0000,8,B,12.3900,12.3800,12.3700,12.3600,12.3400,12.4000,12.4100,12.4200,12.4300,12.4400,57,3,31,50,29,51,62,12,28,23
SZ,002382,2017-01-03 10:11:03,12.3900,1,33453.0000,27,S,12.3900,12.3800,12.3700,12.3600,12.3400,12.4000,12.4100,12.4200,12.4300,12.4400,30,3,31,60,29,51,62,12,28,23
SZ,002382,2017-01-03 10:11:09,12.3900,1,4956.0000,4,S,12.3900,12.3800,12.3700,12.3600,12.3400,12.4000,12.4100,12.4200,12.4300,12.4400,26,3,31,60,29,51,62,12,28,23
SZ,002382,2017-01-03 10:11:15,12.3800,4,37167.0000,30,S,12.3700,12.3600,12.3400,12.3300,12.3200,12.4000,12.4100,12.4200,12.4300,12.4400,31,60,29,158,128,54,62,12,28,23
SZ,002382,2017-01-03 10:11:18,12.3900,1,1239.0000,1,B,12.3700,12.3600,12.3400,12.3300,12.3200,12.3900,12.4000,12.4100,12.4200,12.4300,31,60,29,158,128,26,54,62,12,28
SZ,002382,2017-01-03 10:11:24,12.3900,2,13629.0000,11,B,12.3700,12.3600,12.3400,12.3300,12.3200,12.3900,12.4000,12.4100,12.4200,12.4300,32,60,29,158,128,15,54,62,12,28
SZ,002382,2017-01-03 10:11:27,12.3900,1,2478.0000,2,B,12.3700,12.3600,12.3400,12.3300,12.3200,12.3900,12.4000,12.4100,12.4200,12.4300,32,60,29,158,128,13,54,62,12,28
SZ,002382,2017-01-03 10:11:39,12.3900,1,1239.0000,1,B,12.3700,12.3600,12.3400,12.3300,12.3200,12.3900,12.4000,12.4100,12.4200,12.4300,47,60,29,158,128,68,54,62,12,28
SZ,002382,2017-01-03 10:12:09,12.3800,1,1238.0000,1,S,12.3700,12.3600,12.3400,12.3300,12.3200,12.3800,12.3900,12.4000,12.4100,12.4200,48,65,29,158,128,9,77,57,62,12
SZ,002382,2017-01-03 10:12:15,12.3800,1,3714.0000,3,B,12.3700,12.3600,12.3400,12.3300,12.3200,12.3800,12.3900,12.4000,12.4100,12.4200,49,65,29,158,128,6,77,62,62,12
SZ,002382,2017-01-03 10:12:21,12.3800,2,2476.0000,2,B,12.3700,12.3600,12.3400,12.3300,12.3200,12.3800,12.3900,12.4000,12.4100,12.4200,50,65,29,158,128,39,77,62,62,12
SZ,002382,2017-01-03 10:12:27,12.3800,3,13618.0000,11,B,12.3700,12.3600,12.3500,12.3400,12.3300,12.3800,12.3900,12.4000,12.4100,12.4200,50,65,7,29,158,28,77,62,62,12
SZ,002382,2017-01-03 10:12:36,12.3700,2,58166.0000,47,S,12.3700,12.3600,12.3500,12.3400,12.3300,12.3800,12.3900,12.4000,12.4100,12.4200,30,65,7,29,158,1,77,62,62,12
SZ,002382,2017-01-03 10:12:48,12.3700,2,24740.0000,20,S,12.3700,12.3600,12.3500,12.3400,12.3300,12.3800,12.3900,12.4000,12.4100,12.4200,11,65,7,29,158,1,77,62,62,12
SZ,002382,2017-01-03 10:13:09,12.3800,1,1238.0000,1,B,12.3700,12.3600,12.3500,12.3400,12.3300,12.3900,12.4000,12.4100,12.4200,12.4300,13,65,7,29,158,77,67,62,12,28
SZ,002382,2017-01-03 10:13:18,12.3900,1,1239.0000,1,B,12.3800,12.3700,12.3600,12.3500,12.3400,12.3900,12.4000,12.4100,12.4200,12.4300,1,12,65,7,29,76,67,62,12,28
SZ,002382,2017-01-03 10:13:21,12.3900,1,1239.0000,1,B,12.3800,12.3700,12.3600,12.3500,12.3400,12.3900,12.4000,12.4100,12.4200,12.4300,2,12,65,7,29,75,67,62,12,28
SZ,002382,2017-01-03 10:13:24,12.3900,1,1239.0000,1,B,12.3800,12.3700,12.3600,12.3500,12.3400,12.3900,12.4000,12.4100,12.4200,12.4300,2,12,65,7,29,74,67,62,12,28
SZ,002382,2017-01-03 10:13:39,12.3900,2,13629.0000,11,B,12.3800,12.3700,12.3600,12.3500,12.3400,12.3900,12.4000,12.4100,12.4200,12.4300,12,13,65,7,29,63,67,62,17,28
SZ,002382,2017-01-03 10:13:42,12.3800,3,12380.0000,10,S,12.3800,12.3700,12.3600,12.3500,12.3400,12.3900,12.4000,12.4100,12.4200,12.4300,3,13,55,7,29,63,67,62,17,28
SZ,002382,2017-01-03 10:13:48,12.3900,1,17346.0000,14,B,12.3800,12.3700,12.3600,12.3500,12.3400,12.3900,12.4000,12.4100,12.4200,12.4300,5,13,55,7,29,49,67,62,17,28
SZ,002382,2017-01-03 10:13:51,12.3900,1,1239.0000,1,B,12.3800,12.3700,12.3600,12.3500,12.3400,12.3900,12.4000,12.4100,12.4200,12.4300,5,13,55,7,29,48,67,62,17,28
SZ,002382,2017-01-03 10:14:00,12.3800,4,16094.0000,13,S,12.3800,12.3700,12.3600,12.3500,12.3400,12.3900,12.4000,12.4100,12.4200,12.4300,2,13,55,7,29,48,67,62,17,28
SZ,002382,2017-01-03 10:14:03,12.3900,2,3717.0000,3,B,12.3800,12.3700,12.3600,12.3500,12.3400,12.3900,12.4000,12.4100,12.4200,12.4300,2,12,55,7,29,53,67,62,17,28
SZ,002382,2017-01-03 10:14:06,12.3800,2,3715.0000,3,S,12.3700,12.3600,12.3500,12.3400,12.3300,12.3800,12.3900,12.4000,12.4100,12.4200,12,55,7,29,158,8,52,67,62,17
SZ,002382,2017-01-03 10:14:12,12.3800,1,1238.0000,1,B,12.3700,12.3600,12.3500,12.3400,12.3300,12.3800,12.3900,12.4000,12.4100,12.4200,12,55,7,29,158,7,72,67,62,17
SZ,002382,2017-01-03 10:14:18,12.3800,1,2476.0000,2,B,12.3700,12.3600,12.3500,12.3400,12.3300,12.3800,12.3900,12.4000,12.4100,12.4200,11,55,7,29,158,5,72,67,62,17
SZ,002382,2017-01-03 10:14:24,12.3700,5,12370.0000,10,S,12.3700,12.3600,12.3500,12.3400,12.3300,12.3800,12.3900,12.4000,12.4100,12.4200,1,55,7,38,158,10,72,67,62,17
SZ,002382,2017-01-03 10:14:33,12.3800,2,12380.0000,10,B,12.3700,12.3600,12.3500,12.3400,12.3300,12.3900,12.4000,12.4100,12.4200,12.4300,1,70,7,38,158,72,67,62,17,103
SZ,002382,2017-01-03 10:14:39,12.3900,1,1239.0000,1,B,12.3700,12.3600,12.3500,12.3400,12.3300,12.3900,12.4000,12.4100,12.4200,12.4300,1,70,7,38,158,71,67,62,17,103
SZ,002382,2017-01-03 10:14:48,12.3900,1,2478.0000,2,B,12.3800,12.3700,12.3600,12.3500,12.3400,12.3900,12.4000,12.4100,12.4200,12.4300,1,40,70,7,38,79,67,62,17,103
SZ,002382,2017-01-03 10:15:12,12.3900,5,97881.0000,79,B,12.3900,12.3800,12.3700,12.3600,12.3500,12.4000,12.4100,12.4200,12.4300,12.4400,123,1,40,70,7,57,62,25,103,23
SZ,002382,2017-01-03 10:15:15,12.3900,1,4956.0000,4,S,12.3900,12.3800,12.3700,12.3600,12.3500,12.4000,12.4100,12.4200,12.4300,12.4400,120,1,38,70,7,57,67,25,103,23
SZ,002382,2017-01-03 10:15:21,12.3900,1,18585.0000,15,S,12.3900,12.3800,12.3700,12.3600,12.3500,12.4000,12.4100,12.4200,12.4300,12.4400,106,1,38,70,7,57,67,25,103,23
SZ,002382,2017-01-03 10:15:30,12.3900,1,6195.0000,5,S,12.3900,12.3800,12.3700,12.3600,12.3500,12.4000,12.4100,12.4200,12.4300,12.4400,111,1,38,70,7,57,67,25,103,23
SZ,002382,2017-01-03 10:15:33,12.4000,10,89265.0000,72,B,12.4000,12.3900,12.3800,12.3700,12.3600,12.4100,12.4200,12.4300,12.4400,12.4500,3,96,1,38,70,67,25,103,23,91
SZ,002382,2017-01-03 10:15:51,12.4000,2,6200.0000,5,S,12.3900,12.3700,12.3600,12.3500,12.3400,12.4000,12.4100,12.4200,12.4300,12.4400,96,38,70,7,38,150,67,25,103,23
SZ,002382,2017-01-03 10:16:00,12.4000,1,6200.0000,5,B,12.3900,12.3700,12.3600,12.3500,12.3400,12.4000,12.4100,12.4200,12.4300,12.4400,96,38,70,7,38,146,67,25,103,23
SZ,002382,2017-01-03 10:16:06,12.3900,1,9912.0000,8,S,12.3900,12.3700,12.3600,12.3500,12.3400,12.4000,12.4100,12.4200,12.4300,12.4400,88,38,70,7,38,151,67,25,103,23
SZ,002382,2017-01-03 10:16:09,12.4000,1,1240.0000,1,B,12.3900,12.3700,12.3600,12.3500,12.3400,12.4000,12.4100,12.4200,12.4300,12.4400,88,38,70,7,38,160,67,25,103,23
SZ,002382,2017-01-03 10:16:12,12.4000,1,18600.0000,15,B,12.3900,12.3700,12.3600,12.3500,12.3400,12.4000,12.4100,12.4200,12.4300,12.4400,89,38,70,7,38,145,67,25,103,23
SZ,002382,2017-01-03 10:16:39,12.3900,1,6195.0000,5,S,12.3900,12.3700,12.3600,12.3500,12.3400,12.4000,12.4100,12.4200,12.4300,12.4400,84,38,70,7,38,145,67,25,103,23
SZ,002382,2017-01-03 10:16:42,12.3900,1,37170.0000,30,S,12.3900,12.3800,12.3700,12.3600,12.3500,12.4000,12.4100,12.4200,12.4300,12.4400,54,5,38,70,7,145,67,25,103,23
SZ,002382,2017-01-03 10:16:45,12.4000,1,11160.0000,9,B,12.3900,12.3800,12.3700,12.3600,12.3500,12.4000,12.4100,12.4200,12.4300,12.4400,55,5,38,78,7,140,67,25,103,23
SZ,002382,2017-01-03 10:16:51,12.3900,9,89225.0000,72,S,12.3800,12.3700,12.3600,12.3500,12.3400,12.3900,12.4000,12.4100,12.4200,12.4300,5,38,78,7,38,5,123,67,35,103
SZ,002382,2017-01-03 10:16:57,12.3900,2,12390.0000,10,B,12.3800,12.3700,12.3600,12.3500,12.3400,12.3900,12.4000,12.4100,12.4200,12.4300,5,38,78,7,38,15,123,72,35,103
SZ,002382,2017-01-03 10:17:18,12.3800,3,8666.0000,7,S,12.3700,12.3600,12.3500,12.3400,12.3300,12.3800,12.3900,12.4000,12.4100,12.4200,38,78,7,38,158,5,33,134,72,35
SZ,002382,2017-01-03 10:17:33,12.3700,2,22266.0000,18,S,12.3700,12.3600,12.3400,12.3300,12.3200,12.3800,12.3900,12.4000,12.4100,12.4200,20,78,38,158,128,5,43,130,72,33
SZ,002382,2017-01-03 10:17:39,12.3800,1,1238.0000,1,B,12.3700,12.3600,12.3400,12.3300,12.3200,12.3800,12.3900,12.4000,12.4100,12.4200,20,78,38,158,128,4,43,130,72,33
SZ,002382,2017-01-03 10:18:06,12.3800,1,4952.0000,4,B,12.3800,12.3700,12.3600,12.3400,12.3300,12.3900,12.4000,12.4100,12.4200,12.4300,6,21,78,38,158,56,130,72,33,103
SZ,002382,2017-01-03 10:18:15,12.3900,5,69384.0000,56,B,12.3900,12.3800,12.3700,12.3600,12.3400,12.4000,12.4100,12.4200,12.4300,12.4400,4,7,28,78,38,130,72,33,103,23
SZ,002382,2017-01-03 10:18:36,12.3800,4,14861.0000,12,S,12.3700,12.3600,12.3400,12.3300,12.3200,12.3900,12.4000,12.4100,12.4200,12.4300,30,78,38,158,128,10,131,72,33,103
SZ,002382,2017-01-03 10:18:42,12.3900,1,1239.0000,1,B,12.3700,12.3600,12.3400,12.3300,12.3200,12.3900,12.4000,12.4100,12.4200,12.4300,30,78,38,158,128,9,131,72,33,103
SZ,002382,2017-01-03 10:18:45,12.3900,1,11151.0000,9,B,12.3900,12.3700,12.3600,12.3400,12.3300,12.4000,12.4100,12.4200,12.4300,12.4400,194,30,78,38,158,131,72,33,103,23
SZ,002382,2017-01-03 10:19:06,12.4000,2,8674.0000,7,B,12.3900,12.3700,12.3600,12.3400,12.3300,12.4000,12.4100,12.4200,12.4300,12.4400,189,30,78,38,158,130,72,33,103,23
SZ,002382,2017-01-03 10:19:09,12.3900,2,6196.0000,5,S,12.3900,12.3700,12.3600,12.3400,12.3300,12.4000,12.4100,12.4200,12.4300,12.4400,185,30,78,38,158,129,72,33,103,23
SZ,002382,2017-01-03 10:19:12,12.4000,1,13640.0000,11,B,12.3900,12.3700,12.3600,12.3400,12.3300,12.4000,12.4100,12.4200,12.4300,12.4400,185,30,78,38,158,118,72,33,103,23
SZ,002382,2017-01-03 10:19:18,12.3900,1,30975.0000,25,S,12.3900,12.3700,12.3600,12.3400,12.3300,12.4000,12.4100,12.4200,12.4300,12.4400,160,30,78,38,158,118,72,33,103,23
SZ,002382,2017-01-03 10:20:12,12.3900,9,163678.0000,132,S,12.3900,12.3800,12.3700,12.3600,12.3400,12.4000,12.4100,12.4200,12.4300,12.4400,160,6,30,78,38,8,72,43,103,73
SZ,002382,2017-01-03 10:20:24,12.4100,2,12402.0000,10,B,12.3900,12.3800,12.3700,12.3600,12.3400,12.4100,12.4200,12.4300,12.4400,12.4500,160,6,30,78,38,70,60,103,73,91
SZ,002382,2017-01-03 10:20:27,12.4000,4,27290.0000,22,S,12.3900,12.3800,12.3700,12.3600,12.3400,12.4000,12.4100,12.4200,12.4300,12.4400,161,6,30,78,38,8,60,60,103,73
SZ,002382,2017-01-03 10:20:30,12.3900,1,18585.0000,15,S,12.3900,12.3800,12.3700,12.3600,12.3400,12.4000,12.4100,12.4200,12.4300,12.4400,146,6,30,78,38,8,60,60,103,73
SZ,002382,2017-01-03 10:20:33,12.4100,2,12402.0000,10,B,12.3900,12.3800,12.3700,12.3600,12.3400,12.4100,12.4200,12.4300,12.4400,12.4500,146,6,30,88,38,58,60,103,73,108
SZ,002382,2017-01-03 10:20:39,12.4100,1,1241.0000,1,B,12.4000,12.3900,12.3800,12.3700,12.3600,12.4100,12.4200,12.4300,12.4400,12.4500,21,146,6,30,88,57,60,103,73,105
SZ,002382,2017-01-03 10:20:48,12.4100,2,13651.0000,11,B,12.4000,12.3900,12.3800,12.3700,12.3600,12.4100,12.4200,12.4300,12.4400,12.4500,21,146,6,30,88,53,60,103,73,105
SZ,002382,2017-01-03 10:20:54,12.4000,1,18600.0000,15,S,12.4000,12.3900,12.3800,12.3700,12.3600,12.4100,12.4200,12.4300,12.4400,12.4500,6,146,6,90,88,53,62,103,73,105
SZ,002382,2017-01-03 10:21:03,12.4000,2,8680.0000,7,S,12.3900,12.3800,12.3700,12.3600,12.3400,12.4000,12.4100,12.4200,12.4300,12.4400,146,6,90,88,38,3,53,62,103,73
SZ,002382,2017-01-03 10:21:30,12.3900,1,14868.0000,12,S,12.3900,12.3800,12.3700,12.3600,12.3400,12.4000,12.4100,12.4200,12.4300,12.4400,135,6,90,88,38,13,51,64,103,73
SZ,002382,2017-01-03 10:21:48,12.3900,2,127617.0000,103,S,12.3900,12.3800,12.3700,12.3600,12.3400,12.4000,12.4100,12.4200,12.4300,12.4400,32,6,90,88,38,13,51,64,103,73
SZ,002382,2017-01-03 10:21:51,12.3900,1,32214.0000,26,S,12.3900,12.3800,12.3700,12.3600,12.3400,12.4000,12.4100,12.4200,12.4300,12.4400,6,6,90,88,38,13,51,64,103,73
SZ,002382,2017-01-03 10:21:57,12.3900,6,7434.0000,6,S,12.3800,12.3700,12.3600,12.3400,12.3300,12.3900,12.4000,12.4100,12.4200,12.4300,6,90,88,38,158,24,43,51,64,103
SZ,002382,2017-01-03 10:22:00,12.3900,1,13629.0000,11,B,12.3800,12.3700,12.3600,12.3400,12.3300,12.3900,12.4000,12.4100,12.4200,12.4300,7,90,88,38,158,13,43,51,64,103
SZ,002382,2017-01-03 10:22:09,12.3900,1,1239.0000,1,B,12.3800,12.3700,12.3600,12.3400,12.3300,12.3900,12.4000,12.4100,12.4200,12.4300,6,90,88,38,158,12,43,51,64,103
SZ,002382,2017-01-03 10:22:15,12.3900,1,1239.0000,1,B,12.3800,12.3700,12.3600,12.3400,12.3300,12.3900,12.4000,12.4100,12.4200,12.4300,6,90,88,38,158,50,43,101,64,103
SZ,002382,2017-01-03 10:22:45,12.3900,1,3717.0000,3,B,12.3800,12.3700,12.3600,12.3400,12.3300,12.3900,12.4000,12.4100,12.4200,12.4300,22,90,88,38,158,52,57,101,64,103
SZ,002382,2017-01-03 10:23:06,12.3900,3,13629.0000,11,B,12.3800,12.3700,12.3600,12.3400,12.3300,12.3900,12.4000,12.4100,12.4200,12.4300,23,90,88,38,158,71,57,101,64,103
SZ,002382,2017-01-03 10:23:15,12.3900,1,37170.0000,30,B,12.3800,12.3700,12.3600,12.3400,12.3300,12.3900,12.4000,12.4100,12.4200,12.4300,23,90,88,38,158,45,57,101,64,103
SZ,002382,2017-01-03 10:23:39,12.3900,1,1239.0000,1,B,12.3800,12.3700,12.3600,12.3400,12.3300,12.3900,12.4000,12.4100,12.4200,12.4300,24,90,88,138,158,48,29,101,64,103
SZ,002382,2017-01-03 10:23:42,12.3800,1,1238.0000,1,S,12.3800,12.3700,12.3600,12.3400,12.3300,12.3900,12.4000,12.4100,12.4200,12.4300,23,90,88,138,158,48,29,101,64,103
SZ,002382,2017-01-03 10:24:00,12.3800,2,6190.0000,5,S,12.3800,12.3700,12.3600,12.3400,12.3300,12.3900,12.4000,12.4100,12.4200,12.4300,3,90,88,138,158,48,29,101,64,103
SZ,002382,2017-01-03 10:24:09,12.3800,3,3714.0000,3,S,12.3700,12.3600,12.3400,12.3300,12.3200,12.3800,12.3900,12.4000,12.4100,12.4200,90,88,138,158,128,71,44,29,101,64
SZ,002382,2017-01-03 10:24:15,12.3900,6,162234.0000,131,B,12.3700,12.3600,12.3400,12.3300,12.3200,12.3800,12.4000,12.4100,12.4200,12.4300,91,88,138,158,128,8,29,101,64,103
SZ,002382,2017-01-03 10:24:27,12.3700,1,24740.0000,20,S,12.3700,12.3600,12.3400,12.3300,12.3200,12.3800,12.4000,12.4100,12.4200,12.4300,71,88,138,158,128,13,29,101,64,103
SZ,002382,2017-01-03 10:24:33,12.3800,2,16094.0000,13,B,12.3800,12.3700,12.3600,12.3400,12.3300,12.4000,12.4100,12.4200,12.4300,12.4400,2,71,88,138,158,29,101,64,103,73
SZ,002382,2017-01-03 10:24:39,12.3800,1,2476.0000,2,S,12.3700,12.3600,12.3400,12.3300,12.3200,12.3800,12.3900,12.4000,12.4100,12.4200,71,73,138,158,128,18,1,34,101,64
SZ,002382,2017-01-03 10:24:51,12.3700,2,3711.0000,3,S,12.3700,12.3600,12.3400,12.3300,12.3200,12.3800,12.3900,12.4000,12.4100,12.4200,69,73,138,158,128,18,1,34,101,64
SZ,002382,2017-01-03 10:24:57,12.3800,1,1238.0000,1,B,12.3700,12.3600,12.3400,12.3300,12.3200,12.3800,12.3900,12.4000,12.4100,12.4200,69,73,138,158,128,17,1,34,101,64
SZ,002382,2017-01-03 10:25:00,12.3800,1,1238.0000,1,B,12.3700,12.3600,12.3400,12.3300,12.3200,12.3800,12.3900,12.4000,12.4100,12.4200,69,73,138,158,128,16,1,34,101,64
SZ,002382,2017-01-03 10:25:03,12.3800,1,1238.0000,1,B,12.3700,12.3600,12.3400,12.3300,12.3200,12.3800,12.3900,12.4000,12.4100,12.4200,69,73,138,158,128,15,1,34,101,64
SZ,002382,2017-01-03 10:25:06,12.3800,1,1238.0000,1,B,12.3700,12.3600,12.3400,12.3300,12.3200,12.3800,12.3900,12.4000,12.4100,12.4200,69,73,138,158,128,14,1,34,101,64
SZ,002382,2017-01-03 10:25:09,12.3800,1,1238.0000,1,B,12.3700,12.3600,12.3400,12.3300,12.3200,12.3800,12.3900,12.4000,12.4100,12.4200,69,73,138,158,128,13,1,84,101,64
SZ,002382,2017-01-03 10:25:12,12.3700,1,3711.0000,3,S,12.3700,12.3600,12.3400,12.3300,12.3200,12.3800,12.3900,12.4000,12.4100,12.4200,66,73,138,158,128,13,1,84,101,64
SZ,002382,2017-01-03 10:25:33,12.3800,1,6190.0000,5,B,12.3700,12.3600,12.3400,12.3300,12.3200,12.3800,12.3900,12.4000,12.4100,12.4200,67,63,138,158,128,8,1,84,101,64
SZ,002382,2017-01-03 10:25:51,12.3800,1,7428.0000,6,B,12.3700,12.3600,12.3400,12.3300,12.3200,12.3800,12.3900,12.4000,12.4100,12.4200,68,63,138,158,128,2,1,92,101,64
SZ,002382,2017-01-03 10:26:00,12.3700,4,61850.0000,50,S,12.3700,12.3600,12.3400,12.3300,12.3200,12.3800,12.3900,12.4000,12.4100,12.4200,18,63,138,158,128,2,21,92,101,64
SZ,002382,2017-01-03 10:26:12,12.3700,1,4948.0000,4,S,12.3700,12.3600,12.3400,12.3300,12.3200,12.3800,12.3900,12.4000,12.4100,12.4200,14,63,138,158,128,2,21,92,101,64
SZ,002382,2017-01-03 10:26:39,12.3800,1,1238.0000,1,B,12.3700,12.3600,12.3400,12.3300,12.3200,12.3800,12.3900,12.4000,12.4100,12.4200,15,63,138,158,128,1,21,93,101,64
SZ,002382,2017-01-03 10:26:42,12.3700,6,18616.0000,15,S,12.3600,12.3400,12.3300,12.3200,12.3100,12.3700,12.3800,12.3900,12.4000,12.4100,63,138,158,128,123,14,1,21,93,101
SZ,002382,2017-01-03 10:27:03,12.3600,2,12360.0000,10,S,12.3600,12.3400,12.3300,12.3200,12.3100,12.3700,12.3800,12.3900,12.4000,12.4100,46,138,158,128,123,35,101,21,43,101
SZ,002382,2017-01-03 10:27:36,12.3700,1,12370.0000,10,B,12.3600,12.3400,12.3300,12.3200,12.3100,12.3700,12.3800,12.3900,12.4000,12.4100,147,138,158,128,123,25,101,21,43,101
SZ,002382,2017-01-03 10:27:45,12.3700,1,2474.0000,2,B,12.3600,12.3400,12.3300,12.3200,12.3100,12.3700,12.3800,12.3900,12.4000,12.4100,147,138,158,128,123,23,101,21,43,101
SZ,002382,2017-01-03 10:28:06,12.3700,2,6185.0000,5,B,12.3600,12.3400,12.3300,12.3200,12.3100,12.3700,12.3800,12.3900,12.4000,12.4100,148,138,158,128,123,18,101,21,43,101
SZ,002382,2017-01-03 10:28:09,12.3700,1,1237.0000,1,B,12.3600,12.3400,12.3300,12.3200,12.3100,12.3700,12.3800,12.3900,12.4000,12.4100,148,138,158,128,123,17,101,21,43,101
SZ,002382,2017-01-03 10:28:24,12.3600,1,3708.0000,3,S,12.3600,12.3400,12.3300,12.3200,12.3100,12.3700,12.3800,12.3900,12.4000,12.4100,145,138,158,128,123,17,101,21,43,101
SZ,002382,2017-01-03 10:28:36,12.3600,3,55620.0000,45,S,12.3600,12.3400,12.3300,12.3200,12.3100,12.3700,12.3800,12.3900,12.4000,12.4100,101,138,158,128,123,17,101,21,43,101
SZ,002382,2017-01-03 10:29:39,12.3700,1,1237.0000,1,B,12.3600,12.3400,12.3300,12.3200,12.3100,12.3700,12.3800,12.3900,12.4000,12.4100,152,138,158,128,123,26,101,21,43,101
SZ,002382,2017-01-03 10:29:51,12.3600,1,12360.0000,10,S,12.3600,12.3400,12.3300,12.3200,12.3100,12.3700,12.3800,12.3900,12.4000,12.4100,158,138,158,128,123,26,101,21,43,101
SZ,002382,2017-01-03 10:30:27,12.4000,15,312685.0000,252,B,12.4000,12.3600,12.3500,12.3400,12.3300,12.4100,12.4200,12.4300,12.4400,12.4500,47,159,18,138,158,111,64,28,73,162
SZ,002382,2017-01-03 10:30:45,12.4000,1,3720.0000,3,S,12.4000,12.3600,12.3500,12.3400,12.3300,12.4100,12.4200,12.4300,12.4400,12.4500,44,160,18,138,158,111,64,28,73,162
SZ,002382,2017-01-03 10:31:03,12.4000,1,1240.0000,1,S,12.4000,12.3600,12.3500,12.3400,12.3300,12.4100,12.4200,12.4300,12.4400,12.4500,49,160,18,138,158,111,64,28,73,162
SZ,002382,2017-01-03 10:31:09,12.4000,2,19841.0000,16,S,12.4000,12.3600,12.3500,12.3400,12.3300,12.4100,12.4200,12.4300,12.4400,12.4500,34,160,18,138,158,110,64,28,73,162
SZ,002382,2017-01-03 10:31:21,12.4000,7,150140.0000,121,S,12.4000,12.3600,12.3500,12.3400,12.3300,12.4100,12.4200,12.4300,12.4400,12.4500,13,160,18,138,158,10,64,28,73,162
SZ,002382,2017-01-03 10:31:27,12.4000,4,18092.0000,15,S,12.3600,12.3500,12.3400,12.3300,12.3200,12.4000,12.4100,12.4200,12.4300,12.4400,160,18,138,158,148,36,10,64,28,73
SZ,002382,2017-01-03 10:32:06,12.4300,16,171829.0000,138,B,12.4300,12.3800,12.3700,12.3600,12.3500,12.4400,12.4500,12.4600,12.4700,12.4800,61,1,20,164,18,73,162,2,9,60
SZ,002382,2017-01-03 10:32:21,12.4300,1,62150.0000,50,S,12.4300,12.3800,12.3700,12.3600,12.3500,12.4400,12.4500,12.4600,12.4700,12.4800,17,1,20,158,18,73,162,2,59,60
SZ,002382,2017-01-03 10:32:27,12.4400,2,18660.0000,15,B,12.4300,12.3800,12.3700,12.3600,12.3500,12.4400,12.4500,12.4600,12.4700,12.4800,17,1,20,158,18,58,112,2,59,60
SZ,002382,2017-01-03 10:32:33,12.4300,2,21864.0000,18,S,12.3800,12.3700,12.3600,12.3500,12.3400,12.4300,12.4400,12.4500,12.4600,12.4700,1,20,158,18,138,2,58,112,2,59
SZ,002382,2017-01-03 10:32:39,12.4300,1,1243.0000,1,B,12.3900,12.3800,12.3700,12.3600,12.3500,12.4300,12.4400,12.4500,12.4600,12.4700,1,1,20,158,18,11,58,112,2,59
SZ,002382,2017-01-03 10:32:54,12.4500,21,279277.0000,224,B,12.4500,12.3900,12.3800,12.3700,12.3600,12.4600,12.4700,12.4800,12.4900,12.5000,25,1,1,120,158,2,59,60,30,72
SZ,002382,2017-01-03 10:33:06,12.4500,2,33105.0000,27,S,12.3900,12.3700,12.3600,12.3500,12.3400,12.4300,12.4500,12.4600,12.4700,12.4800,1,120,158,18,138,10,73,5,59,60
SZ,002382,2017-01-03 10:33:12,12.4500,2,24880.0000,20,B,12.4000,12.3900,12.3700,12.3600,12.3500,12.4500,12.4600,12.4700,12.4800,12.4900,1,1,120,158,18,67,8,59,60,30
SZ,002382,2017-01-03 10:33:15,12.4500,3,86415.0000,69,B,12.4500,12.4000,12.3900,12.3800,12.3700,12.4600,12.4700,12.4800,12.4900,12.5000,53,1,1,20,120,8,9,60,30,72
SZ,002382,2017-01-03 10:33:18,12.4500,2,27390.0000,22,S,12.4500,12.4000,12.3800,12.3700,12.3600,12.4600,12.4700,12.4800,12.4900,12.5000,31,1,20,120,158,8,9,60,30,72
SZ,002382,2017-01-03 10:33:21,12.4700,7,22438.0000,18,B,12.4700,12.4500,12.4000,12.3800,12.3700,12.4800,12.4900,12.5000,12.5100,12.5200,12,33,1,20,120,60,30,72,135,5
SZ,002382,2017-01-03 10:33:24,12.4700,2,14964.0000,12,S,12.4500,12.4000,12.3800,12.3700,12.3600,12.4600,12.4800,12.4900,12.5000,12.5100,33,1,20,120,158,23,60,30,72,135
SZ,002382,2017-01-03 10:33:27,12.4500,1,12450.0000,10,S,12.4500,12.4000,12.3800,12.3700,12.3600,12.4600,12.4700,12.4800,12.4900,12.5000,23,1,20,120,158,23,6,60,30,84
SZ,002382,2017-01-03 10:33:42,12.4500,2,7470.0000,6,S,12.4500,12.4000,12.3800,12.3700,12.3600,12.4600,12.4700,12.4800,12.4900,12.5000,17,1,20,120,158,49,10,70,30,112
SZ,002382,2017-01-03 10:33:45,12.4600,2,12460.0000,10,B,12.4500,12.4000,12.3800,12.3700,12.3600,12.4600,12.4700,12.4800,12.4900,12.5000,17,1,20,120,158,39,10,70,30,112
SZ,002382,2017-01-03 10:34:06,12.4500,4,23145.0000,19,S,12.4000,12.3800,12.3700,12.3600,12.3500,12.4500,12.4600,12.4700,12.4800,12.4900,1,20,120,158,18,1,27,10,70,58
SZ,002382,2017-01-03 10:34:09,12.4500,1,1245.0000,1,B,12.4000,12.3800,12.3700,12.3600,12.3500,12.4500,12.4600,12.4700,12.4800,12.4900,1,23,120,158,18,0,27,33,70,58
SZ,002382,2017-01-03 10:34:24,12.4100,1,1241.0000,1,S,12.4000,12.3800,12.3700,12.3600,12.3500,12.4500,12.4600,12.4700,12.4800,12.4900,1,23,120,158,18,46,27,48,70,58
SZ,002382,2017-01-03 10:34:36,12.4500,2,38595.0000,31,B,12.4400,12.4000,12.3800,12.3700,12.3600,12.4500,12.4600,12.4700,12.4800,12.4900,6,1,23,120,158,36,27,44,70,65
SZ,002382,2017-01-03 10:34:42,12.4400,1,7464.0000,6,S,12.4000,12.3800,12.3700,12.3600,12.3500,12.4400,12.4500,12.4600,12.4700,12.4800,1,23,120,158,18,14,36,27,54,71
SZ,002382,2017-01-03 10:34:48,12.4100,1,62050.0000,50,S,12.4100,12.4000,12.3800,12.3700,12.3600,12.4400,12.4500,12.4600,12.4700,12.4800,50,1,123,120,158,14,41,27,54,74
SZ,002382,2017-01-03 10:35:33,12.4300,2,2486.0000,2,S,12.4200,12.4100,12.3900,12.3800,12.3700,12.4300,12.4400,12.4500,12.4600,12.4700,1,70,30,123,120,3,34,41,32,57
SZ,002382,2017-01-03 10:35:39,12.4300,1,1243.0000,1,B,12.4200,12.4100,12.3900,12.3800,12.3700,12.4300,12.4400,12.4500,12.4600,12.4700,1,70,30,123,120,2,34,41,32,57
SZ,002382,2017-01-03 10:35:42,12.4300,1,1243.0000,1,B,12.4200,12.4100,12.3900,12.3800,12.3700,12.4300,12.4400,12.4500,12.4600,12.4700,1,70,30,123,120,1,34,41,32,57
SZ,002382,2017-01-03 10:35:48,12.4200,1,1242.0000,1,S,12.4100,12.3900,12.3800,12.3700,12.3600,12.4200,12.4300,12.4400,12.4500,12.4600,60,30,123,120,154,3,32,34,36,32
SZ,002382,2017-01-03 10:35:57,12.4200,1,2484.0000,2,B,12.4100,12.3900,12.3800,12.3700,12.3600,12.4200,12.4300,12.4400,12.4500,12.4600,60,30,123,120,154,1,32,34,36,32
SZ,002382,2017-01-03 10:36:00,12.4200,2,13652.0000,11,B,12.4100,12.3900,12.3800,12.3700,12.3600,12.4300,12.4400,12.4500,12.4600,12.4700,50,30,123,120,154,32,34,36,32,57
SZ,002382,2017-01-03 10:36:21,12.4300,1,1243.0000,1,B,12.4200,12.4100,12.3900,12.3800,12.3700,12.4300,12.4400,12.4500,12.4600,12.4700,1,50,30,3,100,36,34,36,37,57
SZ,002382,2017-01-03 10:37:03,12.4200,2,2484.0000,2,S,12.4100,12.3800,12.3700,12.3600,12.3500,12.4200,12.4300,12.4400,12.4500,12.4600,50,33,100,164,24,8,36,34,36,37
SZ,002382,2017-01-03 10:37:06,12.4300,2,12422.0000,10,B,12.4100,12.3800,12.3700,12.3600,12.3500,12.4300,12.4400,12.4500,12.4600,12.4700,50,33,100,164,24,34,34,36,37,57
SZ,002382,2017-01-03 10:37:09,12.4300,1,1243.0000,1,B,12.4100,12.3800,12.3700,12.3600,12.3500,12.4300,12.4400,12.4500,12.4600,12.4700,50,33,100,164,24,33,34,36,37,57
SZ,002382,2017-01-03 10:37:12,12.4500,7,124400.0000,100,B,12.4100,12.3800,12.3700,12.3600,12.3500,12.4500,12.4600,12.4700,12.4800,12.4900,50,33,100,164,24,8,37,57,75,106
SZ,002382,2017-01-03 10:37:45,12.4100,3,62051.0000,50,S,12.4100,12.3900,12.3800,12.3700,12.3600,12.4400,12.4500,12.4600,12.4700,12.4800,1,19,33,100,164,10,29,37,57,80
SZ,002382,2017-01-03 10:38:03,12.4400,1,7464.0000,6,B,12.4200,12.4100,12.3900,12.3800,12.3700,12.4400,12.4500,12.4600,12.4700,12.4800,1,1,19,33,107,4,32,37,57,85
SZ,002382,2017-01-03 10:38:06,12.4400,1,1244.0000,1,B,12.4200,12.4100,12.3900,12.3800,12.3700,12.4400,12.4500,12.4600,12.4700,12.4800,1,1,19,33,107,3,32,37,57,85
SZ,002382,2017-01-03 10:38:27,12.4500,6,77696.0000,62,B,12.4500,12.4200,12.4100,12.3900,12.3800,12.4600,12.4700,12.4800,12.4900,12.5000,37,1,1,19,33,37,67,85,106,331
SZ,002382,2017-01-03 10:38:36,12.4500,1,12450.0000,10,S,12.4500,12.4200,12.4100,12.3900,12.3800,12.4600,12.4700,12.4800,12.4900,12.5000,28,1,1,19,33,37,67,85,106,331
SZ,002382,2017-01-03 10:38:39,12.4600,1,1246.0000,1,B,12.4500,12.4200,12.4100,12.3900,12.3800,12.4600,12.4700,12.4800,12.4900,12.5000,28,1,1,19,33,36,67,85,106,331
SZ,002382,2017-01-03 10:38:42,12.4500,2,35595.0000,29,S,12.4200,12.4100,12.3900,12.3800,12.3700,12.4500,12.4600,12.4700,12.4800,12.4900,1,1,19,33,107,71,36,67,85,106
SZ,002382,2017-01-03 10:39:00,12.4500,1,24900.0000,20,B,12.4200,12.4100,12.3900,12.3800,12.3700,12.4500,12.4600,12.4700,12.4800,12.4900,1,1,19,33,107,71,36,65,85,106
SZ,002382,2017-01-03 10:39:09,12.4100,3,3726.0000,3,S,12.3900,12.3800,12.3700,12.3600,12.3500,12.4000,12.4500,12.4600,12.4700,12.4800,19,33,107,164,24,47,71,36,65,85
SZ,002382,2017-01-03 10:39:12,12.4000,1,48360.0000,39,B,12.3900,12.3800,12.3700,12.3600,12.3500,12.4000,12.4500,12.4600,12.4700,12.4800,19,33,107,164,24,8,71,36,65,85
SZ,002382,2017-01-03 10:39:21,12.4000,1,9920.0000,8,B,12.4000,12.3900,12.3800,12.3700,12.3600,12.4500,12.4600,12.4700,12.4800,12.4900,8,19,33,107,164,71,36,65,85,106
SZ,002382,2017-01-03 10:39:39,12.4400,1,1244.0000,1,B,12.4000,12.3900,12.3800,12.3700,12.3600,12.4400,12.4500,12.4600,12.4700,12.4800,8,19,33,107,164,11,71,36,65,87
SZ,002382,2017-01-03 10:39:42,12.4400,2,2488.0000,2,B,12.4000,12.3900,12.3800,12.3700,12.3600,12.4400,12.4500,12.4600,12.4700,12.4800,8,19,33,107,164,9,71,36,65,87
SZ,002382,2017-01-03 10:40:09,12.4400,1,1244.0000,1,B,12.4100,12.4000,12.3900,12.3800,12.3700,12.4400,12.4500,12.4600,12.4700,12.4800,1,8,19,33,107,8,71,43,65,87
SZ,002382,2017-01-03 10:40:15,12.4400,1,1244.0000,1,B,12.4100,12.4000,12.3900,12.3800,12.3700,12.4400,12.4500,12.4600,12.4700,12.4800,1,8,19,33,107,82,71,43,65,87
SZ,002382,2017-01-03 10:40:33,12.4300,2,2486.0000,2,S,12.4200,12.4000,12.3900,12.3800,12.3700,12.4300,12.4400,12.4500,12.4600,12.4700,10,8,19,33,107,38,100,72,43,65
SZ,002382,2017-01-03 10:40:48,12.4200,1,12420.0000,10,S,12.4000,12.3900,12.3800,12.3700,12.3600,12.4200,12.4300,12.4400,12.4500,12.4600,8,19,33,107,164,10,38,35,72,43
SZ,002382,2017-01-03 10:41:00,12.4500,7,124359.0000,100,B,12.4000,12.3900,12.3800,12.3700,12.3600,12.4500,12.4600,12.4700,12.4800,12.4900,8,19,33,107,164,55,43,55,87,112
SZ,002382,2017-01-03 10:41:39,12.4500,2,2490.0000,2,B,12.4200,12.4100,12.4000,12.3900,12.3800,12.4400,12.4500,12.4600,12.4700,12.4800,1,1,8,28,33,10,62,52,55,87
SZ,002382,2017-01-03 10:41:42,12.4400,1,3732.0000,3,B,12.4200,12.4100,12.4000,12.3900,12.3800,12.4400,12.4500,12.4600,12.4700,12.4800,1,1,8,28,33,7,62,52,55,87
SZ,002382,2017-01-03 10:41:45,12.4500,5,86408.0000,69,B,12.4500,12.4200,12.4100,12.4000,12.3900,12.4600,12.4700,12.4800,12.4900,12.5000,91,1,1,8,28,52,55,87,105,333
SZ,002382,2017-01-03 10:41:54,12.4500,1,6225.0000,5,S,12.4500,12.4200,12.4000,12.3900,12.3800,12.4600,12.4700,12.4800,12.4900,12.5000,87,1,8,28,33,52,55,87,105,333
SZ,002382,2017-01-03 10:42:00,12.4600,1,1246.0000,1,B,12.4500,12.4200,12.4000,12.3900,12.3800,12.4600,12.4700,12.4800,12.4900,12.5000,87,1,8,28,33,51,55,87,105,333
SZ,002382,2017-01-03 10:42:15,12.4600,3,37380.0000,30,B,12.4500,12.4200,12.4000,12.3900,12.3800,12.4600,12.4700,12.4800,12.4900,12.5000,91,1,8,28,33,21,55,87,105,313
SZ,002382,2017-01-03 10:42:24,12.4500,1,12450.0000,10,S,12.4500,12.4200,12.4000,12.3900,12.3800,12.4600,12.4700,12.4800,12.4900,12.5000,82,1,13,28,33,41,55,87,105,313
SZ,002382,2017-01-03 10:42:27,12.4600,2,3738.0000,3,B,12.4500,12.4200,12.4000,12.3900,12.3800,12.4600,12.4700,12.4800,12.4900,12.5000,82,1,13,28,33,38,55,87,105,318
SZ,002382,2017-01-03 10:42:30,12.4600,3,12460.0000,10,B,12.4500,12.4200,12.4000,12.3900,12.3800,12.4600,12.4700,12.4800,12.4900,12.5000,82,1,13,28,33,28,55,87,105,318
SZ,002382,2017-01-03 10:42:33,12.4500,1,24900.0000,20,S,12.4500,12.4200,12.4000,12.3900,12.3800,12.4600,12.4700,12.4800,12.4900,12.5000,62,1,13,28,33,88,55,87,105,318
SZ,002382,2017-01-03 10:42:39,12.4500,1,24900.0000,20,S,12.4500,12.4200,12.4000,12.3900,12.3800,12.4600,12.4700,12.4800,12.4900,12.5000,42,1,13,28,33,88,32,87,105,318
SZ,002382,2017-01-03 10:42:42,12.4500,1,11205.0000,9,S,12.4500,12.4200,12.4000,12.3900,12.3800,12.4600,12.4700,12.4800,12.4900,12.5000,33,1,13,28,33,88,32,92,105,318
SZ,002382,2017-01-03 10:42:45,12.4500,1,19920.0000,16,S,12.4500,12.4200,12.4000,12.3900,12.3800,12.4600,12.4700,12.4800,12.4900,12.5000,17,1,13,28,33,88,32,92,105,318
SZ,002382,2017-01-03 10:42:48,12.4500,4,21900.0000,18,S,12.4200,12.4000,12.3900,12.3800,12.3700,12.4300,12.4500,12.4600,12.4700,12.4800,1,13,28,33,108,27,12,88,32,92
SZ,002382,2017-01-03 10:43:03,12.4200,2,2484.0000,2,S,12.4000,12.3900,12.3800,12.3700,12.3600,12.4200,12.4300,12.4500,12.4600,12.4700,13,28,33,108,164,6,27,12,93,32
SZ,002382,2017-01-03 10:43:09,12.4200,2,2484.0000,2,B,12.4000,12.3900,12.3800,12.3700,12.3600,12.4200,12.4300,12.4500,12.4600,12.4700,13,28,38,108,164,4,27,12,93,32
SZ,002382,2017-01-03 10:43:42,12.4000,2,6201.0000,5,S,12.4000,12.3900,12.3800,12.3700,12.3600,12.4200,12.4300,12.4500,12.4600,12.4700,9,28,38,108,164,23,27,12,93,32
SZ,002382,2017-01-03 10:43:48,12.4000,1,4960.0000,4,S,12.4000,12.3900,12.3800,12.3700,12.3600,12.4100,12.4200,12.4300,12.4500,12.4600,5,28,38,108,164,5,23,27,12,93
SZ,002382,2017-01-03 10:44:00,12.4500,5,108602.0000,87,B,12.4500,12.4000,12.3900,12.3800,12.3700,12.4600,12.4700,12.4800,12.4900,12.5000,12,5,28,38,108,93,32,84,110,354
SZ,002382,2017-01-03 10:44:12,12.4000,4,35515.0000,29,S,12.3900,12.3800,12.3700,12.3600,12.3500,12.4000,12.4600,12.4700,12.4800,12.4900,28,38,108,164,25,21,93,32,84,110
SZ,002382,2017-01-03 10:44:18,12.4600,4,117506.0000,94,B,12.4600,12.3900,12.3800,12.3700,12.3600,12.4700,12.4800,12.4900,12.5000,12.5100,5,29,8,108,164,32,84,110,356,135
SZ,002382,2017-01-03 10:44:24,12.4600,1,6965.0000,6,S,12.4000,12.3900,12.3800,12.3700,12.3600,12.4600,12.4700,12.4800,12.4900,12.5000,5,28,8,108,164,14,32,84,115,356
SZ,002382,2017-01-03 10:44:36,12.4600,2,2491.0000,2,B,12.4100,12.4000,12.3900,12.3800,12.3700,12.4600,12.4700,12.4800,12.4900,12.5000,1,37,28,8,108,18,32,84,115,356
SZ,002382,2017-01-03 10:44:39,12.4600,1,1246.0000,1,B,12.4100,12.4000,12.3900,12.3800,12.3700,12.4600,12.4700,12.4800,12.4900,12.5000,1,37,28,8,108,17,32,84,115,356
SZ,002382,2017-01-03 10:44:48,12.4700,8,61597.0000,49,B,12.4700,12.4200,12.4100,12.4000,12.3900,12.4800,12.4900,12.5000,12.5100,12.5200,0,1,6,37,28,84,115,356,145,5
SZ,002382,2017-01-03 10:45:12,12.4700,3,20688.0000,17,S,12.4200,12.4100,12.4000,12.3900,12.3800,12.4700,12.4800,12.4900,12.5000,12.5100,1,5,37,36,63,8,84,115,356,145
SZ,002382,2017-01-03 10:45:30,12.4200,2,2485.0000,2,S,12.4100,12.4000,12.3900,12.3800,12.3700,12.4200,12.4700,12.4800,12.4900,12.5000,5,42,36,63,108,24,80,82,125,290
SZ,002382,2017-01-03 10:45:39,12.4200,1,29808.0000,24,B,12.4100,12.4000,12.3900,12.3800,12.3700,12.4700,12.4800,12.4900,12.5000,12.5100,5,42,36,63,108,80,82,125,290,145
SZ,002382,2017-01-03 10:45:48,12.4200,1,1242.0000,1,S,12.4100,12.4000,12.3900,12.3800,12.3700,12.4200,12.4700,12.4800,12.4900,12.5000,5,42,36,63,108,4,96,82,125,290
SZ,002382,2017-01-03 10:45:54,12.4200,1,4968.0000,4,B,12.4200,12.4100,12.4000,12.3900,12.3800,12.4700,12.4800,12.4900,12.5000,12.5100,1,5,42,36,60,96,82,125,290,145
SZ,002382,2017-01-03 10:46:09,12.4600,1,1246.0000,1,B,12.4300,12.4200,12.4100,12.4000,12.3900,12.4600,12.4700,12.4800,12.4900,12.5000,1,1,5,42,36,5,106,92,115,290
SZ,002382,2017-01-03 10:46:33,12.4600,3,11212.0000,9,B,12.4300,12.4200,12.4100,12.4000,12.3900,12.4600,12.4700,12.4800,12.4900,12.5000,1,1,5,42,36,11,106,97,115,294
SZ,002382,2017-01-03 10:46:42,12.4300,2,3729.0000,3,S,12.4200,12.4100,12.4000,12.3900,12.3800,12.4300,12.4600,12.4700,12.4800,12.4900,1,5,42,36,60,17,16,106,97,115
SZ,002382,2017-01-03 10:46:45,12.4300,1,1243.0000,1,B,12.4200,12.4100,12.4000,12.3900,12.3800,12.4300,12.4600,12.4700,12.4800,12.4900,2,5,42,36,60,16,16,106,97,115
SZ,002382,2017-01-03 10:46:57,12.4000,6,54564.0000,44,S,12.3900,12.3800,12.3700,12.3600,12.3500,12.4000,12.4300,12.4600,12.4700,12.4800,36,60,108,164,22,6,16,21,106,97
SZ,002382,2017-01-03 10:47:00,12.4300,2,16141.0000,13,B,12.4000,12.3900,12.3800,12.3700,12.3600,12.4300,12.4600,12.4700,12.4800,12.4900,1,36,60,108,164,9,21,106,97,115
SZ,002382,2017-01-03 10:47:21,12.4300,2,2486.0000,2,B,12.3900,12.3800,12.3700,12.3600,12.3500,12.4300,12.4600,12.4700,12.4800,12.4900,36,60,108,164,22,7,23,106,97,115
SZ,002382,2017-01-03 10:47:30,12.4300,1,1243.0000,1,B,12.4000,12.3900,12.3800,12.3700,12.3600,12.4300,12.4500,12.4600,12.4700,12.4800,6,36,60,108,164,6,20,23,106,97
SZ,002382,2017-01-03 10:47:39,12.4300,1,1243.0000,1,B,12.4000,12.3900,12.3800,12.3700,12.3600,12.4300,12.4500,12.4600,12.4700,12.4800,6,36,60,108,164,5,20,77,106,97
SZ,002382,2017-01-03 10:47:57,12.4200,1,62100.0000,50,S,12.4000,12.3900,12.3800,12.3700,12.3600,12.4300,12.4500,12.4600,12.4700,12.4800,16,36,60,108,164,25,20,77,106,97
SZ,002382,2017-01-03 10:48:27,12.4200,1,24840.0000,20,B,12.4200,12.4100,12.4000,12.3900,12.3800,12.4300,12.4500,12.4600,12.4700,12.4800,142,1,11,86,60,25,25,86,106,92
SZ,002382,2017-01-03 10:48:30,12.4200,1,2484.0000,2,S,12.4200,12.4100,12.4000,12.3900,12.3800,12.4300,12.4500,12.4600,12.4700,12.4800,140,1,10,86,60,25,25,86,106,92
SZ,002382,2017-01-03 10:48:57,12.4300,1,1243.0000,1,B,12.4200,12.4100,12.4000,12.3900,12.3800,12.4300,12.4500,12.4600,12.4700,12.4800,142,1,10,86,80,27,25,96,106,92
SZ,002382,2017-01-03 10:49:09,12.4300,1,1243.0000,1,B,12.4200,12.4100,12.4000,12.3900,12.3800,12.4300,12.4500,12.4600,12.4700,12.4800,142,1,10,86,80,26,25,91,117,92
SZ,002382,2017-01-03 10:49:15,12.4200,1,54648.0000,44,S,12.4200,12.4100,12.4000,12.3900,12.3800,12.4300,12.4500,12.4600,12.4700,12.4800,98,1,10,86,80,26,25,91,117,92
SZ,002382,2017-01-03 10:50:03,12.4200,1,31050.0000,25,S,12.4200,12.4100,12.4000,12.3900,12.3800,12.4300,12.4500,12.4600,12.4700,12.4800,77,1,10,86,80,26,25,91,111,92
SZ,002382,2017-01-03 10:50:18,12.4200,1,69552.0000,56,S,12.4200,12.4100,12.4000,12.3900,12.3800,12.4300,12.4500,12.4600,12.4700,12.4800,21,1,10,86,80,26,25,91,111,92
SZ,002382,2017-01-03 10:50:39,12.4300,1,1243.0000,1,B,12.4200,12.4100,12.4000,12.3900,12.3800,12.4300,12.4500,12.4600,12.4700,12.4800,22,1,10,86,80,25,84,91,161,92
SZ,002382,2017-01-03 10:51:03,12.4200,6,27324.0000,22,S,12.4100,12.4000,12.3900,12.3800,12.3700,12.4200,12.4300,12.4500,12.4600,12.4700,1,10,86,80,108,8,25,84,91,153
SZ,002382,2017-01-03 10:51:06,12.4200,1,2484.0000,2,B,12.4100,12.4000,12.3900,12.3800,12.3700,12.4200,12.4300,12.4500,12.4600,12.4700,1,10,86,80,108,6,25,84,91,153
SZ,002382,2017-01-03 10:51:18,12.4200,1,7452.0000,6,B,12.4200,12.4100,12.4000,12.3900,12.3800,12.4300,12.4500,12.4600,12.4700,12.4800,1,2,10,86,80,25,84,91,153,92
SZ,002382,2017-01-03 10:51:27,12.4100,3,3724.0000,3,S,12.4000,12.3900,12.3800,12.3700,12.3600,12.4100,12.4300,12.4500,12.4600,12.4700,10,86,80,108,164,5,25,84,91,153
SZ,002382,2017-01-03 10:51:33,12.4100,1,6713.0000,5,B,12.4200,12.4000,12.3900,12.3800,12.3700,12.4300,12.4500,12.4600,12.4700,12.4800,123,10,86,80,108,25,84,91,153,92
SZ,002382,2017-01-03 10:51:48,12.4200,2,29808.0000,24,S,12.4200,12.4000,12.3900,12.3800,12.3700,12.4300,12.4500,12.4600,12.4700,12.4800,99,10,86,80,108,25,89,91,153,92
SZ,002382,2017-01-03 10:52:09,12.4300,1,1243.0000,1,B,12.4200,12.4000,12.3900,12.3800,12.3700,12.4300,12.4500,12.4600,12.4700,12.4800,100,10,86,80,108,24,89,91,153,92
SZ,002382,2017-01-03 10:52:18,12.4200,1,40986.0000,33,S,12.4200,12.4000,12.3900,12.3800,12.3700,12.4300,12.4500,12.4600,12.4700,12.4800,67,10,86,80,108,24,89,91,153,90
SZ,002382,2017-01-03 10:52:42,12.4200,1,2484.0000,2,S,12.4200,12.4000,12.3900,12.3800,12.3700,12.4300,12.4500,12.4600,12.4700,12.4800,66,10,86,80,108,24,89,91,153,90
SZ,002382,2017-01-03 10:52:48,12.4200,1,24840.0000,20,S,12.4200,12.4000,12.3900,12.3800,12.3700,12.4300,12.4500,12.4600,12.4700,12.4800,46,10,86,80,108,24,89,91,153,90
SZ,002382,2017-01-03 10:52:51,12.4200,1,12420.0000,10,S,12.4200,12.4000,12.3900,12.3800,12.3700,12.4300,12.4500,12.4600,12.4700,12.4800,36,10,86,80,108,24,89,91,153,90
SZ,002382,2017-01-03 10:52:57,12.4200,3,45445.0000,37,S,12.4100,12.4000,12.3900,12.3800,12.3700,12.4200,12.4300,12.4500,12.4600,12.4700,10,10,86,80,108,1346,24,89,91,153
SZ,002382,2017-01-03 10:53:03,12.4200,1,1242.0000,1,B,12.4100,12.4000,12.3900,12.3800,12.3700,12.4200,12.4300,12.4500,12.4600,12.4700,10,10,86,80,108,1345,24,89,91,153
SZ,002382,2017-01-03 10:53:18,12.4200,1,1242.0000,1,B,12.4100,12.4000,12.3900,12.3800,12.3700,12.4200,12.4300,12.4500,12.4600,12.4700,1,10,86,80,108,1345,24,89,91,153
SZ,002382,2017-01-03 10:53:30,12.4200,1,16146.0000,13,B,12.4100,12.4000,12.3900,12.3800,12.3700,12.4200,12.4300,12.4500,12.4600,12.4700,1,10,86,80,108,1332,24,89,91,153
SZ,002382,2017-01-03 10:53:39,12.4200,1,1242.0000,1,B,12.4100,12.4000,12.3900,12.3800,12.3700,12.4200,12.4300,12.4500,12.4600,12.4700,1,10,86,80,108,1331,24,89,91,153
SZ,002382,2017-01-03 10:53:57,12.4200,1,55890.0000,45,B,12.4100,12.4000,12.3900,12.3800,12.3700,12.4200,12.4300,12.4500,12.4600,12.4700,2,110,86,80,108,1286,24,89,91,153
SZ,002382,2017-01-03 10:54:06,12.4000,4,24802.0000,20,S,12.4000,12.3900,12.3800,12.3700,12.3600,12.4200,12.4300,12.4500,12.4600,12.4700,92,86,80,108,164,1286,24,89,91,146
SZ,002382,2017-01-03 10:54:27,12.4000,1,24800.0000,20,S,12.4000,12.3900,12.3800,12.3700,12.3600,12.4100,12.4200,12.4300,12.4500,12.4600,72,86,80,107,164,3,1286,24,89,91
SZ,002382,2017-01-03 10:54:45,12.4100,2,12410.0000,10,B,12.4100,12.4000,12.3900,12.3800,12.3700,12.4200,12.4300,12.4500,12.4600,12.4700,10,73,86,80,107,1286,24,89,91,146
SZ,002382,2017-01-03 10:55:00,12.4100,1,12410.0000,10,S,12.4000,12.3900,12.3800,12.3700,12.3600,12.4200,12.4300,12.4500,12.4600,12.4700,73,86,80,107,164,1286,24,89,91,146
SZ,002382,2017-01-03 10:55:27,12.4100,1,1241.0000,1,B,12.4000,12.3900,12.3800,12.3700,12.3600,12.4100,12.4200,12.4300,12.4500,12.4600,374,86,80,107,164,19,1286,24,89,91
SZ,002382,2017-01-03 10:55:42,12.4100,1,1241.0000,1,B,12.4000,12.3900,12.3800,12.3700,12.3600,12.4100,12.4200,12.4300,12.4500,12.4600,374,86,80,107,164,18,1286,24,89,91
SZ,002382,2017-01-03 10:55:54,12.4100,1,1241.0000,1,B,12.4000,12.3900,12.3800,12.3700,12.3600,12.4100,12.4200,12.4300,12.4500,12.4600,374,86,80,107,164,17,1286,24,89,91
SZ,002382,2017-01-03 10:56:00,12.4100,1,21097.0000,17,B,12.4100,12.4000,12.3900,12.3800,12.3700,12.4200,12.4300,12.4500,12.4600,12.4700,16,375,86,80,107,1286,24,89,91,146
SZ,002382,2017-01-03 10:56:09,12.4100,1,2482.0000,2,S,12.4100,12.4000,12.3900,12.3800,12.3700,12.4200,12.4300,12.4500,12.4600,12.4700,14,375,86,80,107,1286,24,89,91,146
SZ,002382,2017-01-03 10:56:18,12.4100,1,6205.0000,5,S,12.4100,12.4000,12.3900,12.3800,12.3700,12.4200,12.4300,12.4500,12.4600,12.4700,9,375,86,80,107,1286,24,89,91,146
SZ,002382,2017-01-03 10:56:33,12.4100,1,1241.0000,1,S,12.4100,12.4000,12.3900,12.3800,12.3700,12.4200,12.4300,12.4500,12.4600,12.4700,8,375,86,80,107,1286,24,89,91,146
SZ,002382,2017-01-03 10:56:39,12.4100,2,11169.0000,9,S,12.4000,12.3900,12.3800,12.3700,12.3600,12.4100,12.4200,12.4300,12.4500,12.4600,375,86,80,107,164,6,1286,24,89,91
SZ,002382,2017-01-03 10:57:15,12.4200,2,372594.0000,300,B,12.4000,12.3900,12.3800,12.3700,12.3600,12.4200,12.4300,12.4500,12.4600,12.4700,375,86,80,107,164,991,24,89,91,146
SZ,002382,2017-01-03 10:57:33,12.4200,1,372600.0000,300,B,12.4100,12.4000,12.3900,12.3800,12.3700,12.4200,12.4300,12.4500,12.4600,12.4700,1,375,86,80,107,691,24,89,91,146
SZ,002382,2017-01-03 10:57:39,12.4200,1,1242.0000,1,B,12.4100,12.4000,12.3900,12.3800,12.3700,12.4200,12.4300,12.4500,12.4600,12.4700,1,375,86,80,107,690,24,89,91,146
SZ,002382,2017-01-03 10:57:42,12.4100,1,1241.0000,1,S,12.4000,12.3900,12.3800,12.3700,12.3600,12.4100,12.4200,12.4300,12.4500,12.4600,375,86,80,107,164,9,690,24,89,91
SZ,002382,2017-01-03 10:57:48,12.4200,2,53397.0000,43,B,12.4000,12.3900,12.3800,12.3700,12.3600,12.4200,12.4300,12.4500,12.4600,12.4700,375,67,80,107,164,656,21,89,91,146
SZ,002382,2017-01-03 10:57:54,12.4200,1,29808.0000,24,B,12.4000,12.3900,12.3800,12.3700,12.3600,12.4200,12.4300,12.4500,12.4600,12.4700,375,67,80,107,164,632,21,89,91,146
SZ,002382,2017-01-03 10:58:00,12.4200,2,249642.0000,201,B,12.4100,12.4000,12.3900,12.3800,12.3700,12.4200,12.4300,12.4500,12.4600,12.4700,1,375,67,80,107,431,21,89,91,146
SZ,002382,2017-01-03 10:58:03,12.4200,1,1242.0000,1,B,12.4100,12.4000,12.3900,12.3800,12.3700,12.4200,12.4300,12.4500,12.4600,12.4700,1,375,67,80,107,430,21,89,91,146
SZ,002382,2017-01-03 10:58:06,12.4200,1,496800.0000,400,B,12.4100,12.4000,12.3900,12.3800,12.3700,12.4200,12.4300,12.4500,12.4600,12.4700,1,375,67,80,107,30,21,89,91,146
SZ,002382,2017-01-03 10:58:15,12.4200,1,12420.0000,10,B,12.4100,12.4000,12.3900,12.3800,12.3700,12.4200,12.4300,12.4500,12.4600,12.4700,1,375,67,80,107,20,1,89,91,146
SZ,002382,2017-01-03 10:58:21,12.4200,2,39744.0000,32,B,12.4100,12.4000,12.3900,12.3800,12.3700,12.4200,12.4300,12.4500,12.4600,12.4700,1,375,67,80,107,13,1,89,91,146
SZ,002382,2017-01-03 10:58:45,12.4200,1,16656.0000,13,B,12.4200,12.4100,12.4000,12.3900,12.3800,12.4300,12.4500,12.4600,12.4700,12.4800,36,25,375,67,80,1,89,91,146,90
SZ,002382,2017-01-03 10:59:21,12.4200,1,2484.0000,2,S,12.4200,12.4100,12.4000,12.3900,12.3800,12.4300,12.4500,12.4600,12.4700,12.4800,37,25,372,67,80,1,94,137,146,80
SZ,002382,2017-01-03 10:59:36,12.4200,1,12420.0000,10,S,12.4200,12.4100,12.4000,12.3900,12.3800,12.4300,12.4500,12.4600,12.4700,12.4800,28,2,372,67,80,1,94,138,146,80
SZ,002382,2017-01-03 10:59:42,12.4300,1,1242.0000,1,B,12.4300,12.4200,12.4100,12.4000,12.3900,12.4500,12.4600,12.4700,12.4800,12.4900,22,28,2,372,67,89,138,146,80,106
SZ,002382,2017-01-03 10:59:48,12.4500,1,1246.0000,1,B,12.4300,12.4200,12.4000,12.3900,12.3800,12.4500,12.4600,12.4700,12.4800,12.4900,22,28,372,67,80,88,138,146,80,106
SZ,002382,2017-01-03 10:59:51,12.4400,1,2488.0000,2,S,12.4300,12.4200,12.4000,12.3900,12.3800,12.4400,12.4500,12.4600,12.4700,12.4800,22,28,372,67,80,18,88,138,146,80
SZ,002382,2017-01-03 10:59:57,12.4500,6,131952.0000,106,B,12.4500,12.4300,12.4200,12.4000,12.3900,12.4600,12.4700,12.4800,12.4900,12.5000,23,22,28,372,67,138,146,79,88,298
SZ,002382,2017-01-03 11:00:03,12.4500,1,1244.0000,1,S,12.4500,12.4300,12.4200,12.4000,12.3900,12.4600,12.4700,12.4800,12.4900,12.5000,22,22,24,372,67,138,146,79,88,298
SZ,002382,2017-01-03 11:00:09,12.4600,5,61054.0000,49,B,12.4500,12.4300,12.4200,12.4000,12.3900,12.4600,12.4700,12.4800,12.4900,12.5000,27,22,24,372,67,89,146,79,88,298
SZ,002382,2017-01-03 11:01:06,12.4500,1,12450.0000,10,S,12.4500,12.4300,12.4200,12.4100,12.4000,12.4600,12.4700,12.4800,12.4900,12.5000,18,22,24,23,372,99,116,79,109,298
SZ,002382,2017-01-03 11:01:39,12.4500,3,18676.0000,15,S,12.4500,12.4300,12.4200,12.4100,12.4000,12.4600,12.4700,12.4800,12.4900,12.5000,4,22,24,23,372,148,138,90,124,318
SZ,002382,2017-01-03 11:01:45,12.4500,3,4980.0000,4,S,12.4300,12.4200,12.4100,12.4000,12.3900,12.4500,12.4600,12.4700,12.4800,12.4900,22,24,23,372,67,21,143,138,90,124
SZ,002382,2017-01-03 11:02:00,12.4500,1,1244.0000,1,B,12.4300,12.4200,12.4100,12.4000,12.3900,12.4500,12.4600,12.4700,12.4800,12.4900,22,24,23,372,67,25,94,138,90,119
SZ,002382,2017-01-03 11:02:18,12.4300,2,28590.0000,23,S,12.4200,12.4100,12.4000,12.3900,12.3800,12.4300,12.4500,12.4600,12.4700,12.4800,24,23,372,67,80,47,27,94,138,90
SZ,002382,2017-01-03 11:03:39,12.4200,1,12420.0000,10,S,12.4200,12.4100,12.4000,12.3900,12.3800,12.4300,12.4500,12.4600,12.4700,12.4800,46,23,372,67,80,97,52,96,138,90
SZ,002382,2017-01-03 11:04:06,12.4300,1,1242.0000,1,B,12.4200,12.4100,12.4000,12.3900,12.3800,12.4300,12.4500,12.4600,12.4700,12.4800,46,53,372,67,80,96,52,96,138,90
SZ,002382,2017-01-03 11:04:09,12.4300,1,1244.0000,1,B,12.4200,12.4100,12.4000,12.3900,12.3800,12.4300,12.4500,12.4600,12.4700,12.4800,46,53,372,67,80,95,52,96,138,90
SZ,002382,2017-01-03 11:04:42,12.4300,1,16160.0000,13,B,12.4200,12.4100,12.4000,12.3900,12.3800,12.4300,12.4500,12.4600,12.4700,12.4800,47,53,372,67,80,37,50,96,138,90
SZ,002382,2017-01-03 11:05:03,12.4300,1,16158.0000,13,B,12.4200,12.4100,12.4000,12.3900,12.3800,12.4300,12.4500,12.4600,12.4700,12.4800,48,53,372,67,80,24,52,96,138,90
SZ,002382,2017-01-03 11:05:12,12.4300,1,29832.0000,24,B,12.4300,12.4200,12.4100,12.4000,12.3900,12.4500,12.4600,12.4700,12.4800,12.4900,171,48,53,372,67,52,96,138,90,118
SZ,002382,2017-01-03 11:05:18,12.4300,1,24860.0000,20,S,12.4300,12.4200,12.4100,12.4000,12.3900,12.4500,12.4600,12.4700,12.4800,12.4900,151,48,53,372,67,52,96,138,90,118
SZ,002382,2017-01-03 11:06:18,12.4500,1,1246.0000,1,B,12.4400,12.4300,12.4200,12.4100,12.4000,12.4500,12.4600,12.4700,12.4800,12.4900,5,151,44,53,372,56,96,138,90,118
SZ,002382,2017-01-03 11:06:24,12.4400,2,6220.0000,5,S,12.4300,12.4200,12.4100,12.4000,12.3900,12.4400,12.4500,12.4600,12.4700,12.4800,151,44,53,372,67,5,56,96,138,90
SZ,002382,2017-01-03 11:06:33,12.4400,1,6220.0000,5,B,12.4400,12.4300,12.4200,12.4100,12.4000,12.4500,12.4600,12.4700,12.4800,12.4900,1,152,44,53,372,56,96,138,90,118
SZ,002382,2017-01-03 11:06:42,12.4400,1,1244.0000,1,S,12.4300,12.4200,12.4100,12.4000,12.3900,12.4400,12.4500,12.4600,12.4700,12.4800,152,44,53,372,67,99,56,96,138,90
SZ,002382,2017-01-03 11:07:00,12.4300,1,7456.0000,6,S,12.4300,12.4200,12.4100,12.4000,12.3900,12.4400,12.4500,12.4600,12.4700,12.4800,146,44,53,372,67,99,53,101,138,90
SZ,002382,2017-01-03 11:07:15,12.4300,1,6216.0000,5,S,12.4300,12.4200,12.4100,12.4000,12.3900,12.4400,12.4500,12.4600,12.4700,12.4800,142,44,53,372,67,102,53,101,138,90
SZ,002382,2017-01-03 11:07:21,12.4300,1,44748.0000,36,S,12.4300,12.4200,12.4100,12.4000,12.3900,12.4400,12.4500,12.4600,12.4700,12.4800,106,44,53,372,67,102,53,101,138,90
SZ,002382,2017-01-03 11:07:33,12.4400,1,3732.0000,3,B,12.4300,12.4200,12.4100,12.4000,12.3900,12.4400,12.4500,12.4600,12.4700,12.4800,106,44,53,372,67,99,53,101,138,90
SZ,002382,2017-01-03 11:07:48,12.4300,1,14916.0000,12,S,12.4300,12.4200,12.4100,12.4000,12.3900,12.4400,12.4500,12.4600,12.4700,12.4800,94,44,53,372,67,99,53,101,138,90
SZ,002382,2017-01-03 11:08:12,12.4300,1,24860.0000,20,S,12.4300,12.4200,12.4100,12.4000,12.3900,12.4400,12.4500,12.4600,12.4700,12.4800,75,44,53,372,67,99,53,101,138,90
SZ,002382,2017-01-03 11:08:18,12.4300,1,62150.0000,50,S,12.4300,12.4200,12.4100,12.4000,12.3900,12.4400,12.4500,12.4600,12.4700,12.4800,25,44,53,372,67,99,53,101,138,90
SZ,002382,2017-01-03 11:08:24,12.4300,1,24860.0000,20,S,12.4300,12.4200,12.4100,12.4000,12.3900,12.4400,12.4500,12.4600,12.4700,12.4800,5,44,53,372,67,99,53,101,138,90
SZ,002382,2017-01-03 11:08:30,12.4400,1,1244.0000,1,B,12.4300,12.4200,12.4100,12.4000,12.3900,12.4400,12.4500,12.4600,12.4700,12.4800,5,44,53,372,67,98,53,101,138,90
SZ,002382,2017-01-03 11:08:39,12.4400,1,22392.0000,18,B,12.4300,12.4200,12.4100,12.4000,12.3900,12.4400,12.4500,12.4600,12.4700,12.4800,6,44,53,372,67,80,53,101,138,110
SZ,002382,2017-01-03 11:08:57,12.4300,4,6214.0000,5,S,12.4300,12.4200,12.4100,12.4000,12.3900,12.4400,12.4500,12.4600,12.4700,12.4800,1,144,53,372,67,86,48,101,138,110
SZ,002382,2017-01-03 11:09:00,12.4400,1,1244.0000,1,B,12.4300,12.4200,12.4100,12.4000,12.3900,12.4400,12.4500,12.4600,12.4700,12.4800,1,144,53,372,67,85,48,101,138,110
SZ,002382,2017-01-03 11:09:03,12.4400,1,1244.0000,1,B,12.4300,12.4200,12.4100,12.4000,12.3900,12.4400,12.4500,12.4600,12.4700,12.4800,1,144,53,372,67,114,48,101,138,110
SZ,002382,2017-01-03 11:09:27,12.4300,2,2488.0000,2,S,12.4200,12.4100,12.4000,12.3900,12.3800,12.4300,12.4400,12.4500,12.4600,12.4700,144,53,372,67,80,8,118,48,101,138
SZ,002382,2017-01-03 11:10:42,12.4300,1,1242.0000,1,B,12.4200,12.4100,12.4000,12.3900,12.3800,12.4300,12.4400,12.4500,12.4600,12.4700,145,53,372,67,80,25,114,58,96,138
SZ,002382,2017-01-03 11:10:45,12.4200,2,38502.0000,31,S,12.4200,12.4100,12.4000,12.3900,12.3800,12.4300,12.4400,12.4500,12.4600,12.4700,114,53,372,67,80,25,114,58,96,138
SZ,002382,2017-01-03 11:10:54,12.4200,1,6210.0000,5,S,12.4200,12.4100,12.4000,12.3900,12.3800,12.4300,12.4400,12.4500,12.4600,12.4700,110,53,372,67,80,25,114,58,96,138
SZ,002382,2017-01-03 11:11:06,12.4200,1,3726.0000,3,S,12.4200,12.4100,12.4000,12.3900,12.3800,12.4300,12.4400,12.4500,12.4600,12.4700,107,53,372,67,80,25,111,58,96,138
SZ,002382,2017-01-03 11:11:12,12.4400,4,37296.0000,30,B,12.4200,12.4100,12.4000,12.3900,12.3800,12.4400,12.4500,12.4600,12.4700,12.4800,107,53,372,67,80,106,58,96,138,110
SZ,002382,2017-01-03 11:11:57,12.4300,1,1242.0000,1,B,12.4200,12.4100,12.4000,12.3900,12.3800,12.4300,12.4400,12.4500,12.4600,12.4700,107,53,372,67,80,254,106,58,96,138
SZ,002382,2017-01-03 11:12:06,12.4200,2,24840.0000,20,S,12.4200,12.4100,12.4000,12.3900,12.3800,12.4300,12.4400,12.4500,12.4600,12.4700,87,53,372,67,80,254,106,58,96,138
SZ,002382,2017-01-03 11:12:15,12.4300,1,12430.0000,10,B,12.4200,12.4100,12.4000,12.3900,12.3800,12.4300,12.4400,12.4500,12.4600,12.4700,87,53,372,67,80,244,106,58,96,138
SZ,002382,2017-01-03 11:12:18,12.4300,1,3728.0000,3,B,12.4200,12.4100,12.4000,12.3900,12.3800,12.4300,12.4400,12.4500,12.4600,12.4700,87,53,372,67,80,241,106,58,96,138
SZ,002382,2017-01-03 11:12:51,12.4300,1,1244.0000,1,B,12.4200,12.4100,12.4000,12.3900,12.3800,12.4300,12.4400,12.4500,12.4600,12.4700,89,53,372,67,80,240,106,58,96,138
SZ,002382,2017-01-03 11:13:24,12.4200,1,69552.0000,56,S,12.4200,12.4100,12.4000,12.3900,12.3800,12.4300,12.4400,12.4500,12.4600,12.4700,34,53,372,67,80,240,106,58,40,138
SZ,002382,2017-01-03 11:13:51,12.4200,7,62100.0000,50,S,12.4200,12.4100,12.4000,12.3900,12.3800,12.4300,12.4400,12.4500,12.4600,12.4700,4,45,372,67,80,240,106,58,40,138
SZ,002382,2017-01-03 11:14:00,12.4000,5,138936.0000,112,S,12.4000,12.3900,12.3800,12.3700,12.3600,12.4300,12.4400,12.4500,12.4600,12.4700,310,67,80,107,154,240,106,58,40,138
SZ,002382,2017-01-03 11:14:30,12.4100,1,6206.0000,5,S,12.4100,12.4000,12.3900,12.3800,12.3700,12.4300,12.4400,12.4500,12.4600,12.4700,2,407,67,80,107,240,106,58,40,138
SZ,002382,2017-01-03 11:14:54,12.4200,1,1242.0000,1,S,12.4100,12.4000,12.3900,12.3800,12.3700,12.4200,12.4300,12.4400,12.4500,12.4600,2,407,67,80,107,43,240,106,58,40
SZ,002382,2017-01-03 11:15:00,12.4200,1,1242.0000,1,B,12.4100,12.4000,12.3900,12.3800,12.3700,12.4200,12.4300,12.4400,12.4500,12.4600,52,407,67,80,107,42,240,106,58,40
SZ,002382,2017-01-03 11:15:15,12.4200,1,11178.0000,9,B,12.4100,12.4000,12.3900,12.3800,12.3700,12.4200,12.4300,12.4400,12.4500,12.4600,102,407,67,80,107,33,240,106,58,40
SZ,002382,2017-01-03 11:15:18,12.4200,1,12420.0000,10,B,12.4100,12.4000,12.3900,12.3800,12.3700,12.4200,12.4300,12.4400,12.4500,12.4600,102,407,67,80,107,23,240,106,58,40
SZ,002382,2017-01-03 11:16:03,12.4100,2,62050.0000,50,S,12.4100,12.4000,12.3900,12.3800,12.3700,12.4200,12.4300,12.4400,12.4500,12.4600,53,407,67,80,107,23,240,106,56,40
SZ,002382,2017-01-03 11:16:21,12.4100,2,14892.0000,12,S,12.4100,12.4000,12.3900,12.3800,12.3700,12.4200,12.4300,12.4400,12.4500,12.4600,42,407,67,80,107,73,258,106,56,40
SZ,002382,2017-01-03 11:16:39,12.4100,3,52122.0000,42,S,12.4000,12.3900,12.3800,12.3700,12.3600,12.4100,12.4200,12.4300,12.4400,12.4500,407,67,80,107,154,46,73,258,106,56
SZ,002382,2017-01-03 11:17:06,12.4000,2,54560.0000,44,S,12.4000,12.3900,12.3800,12.3700,12.3600,12.4100,12.4200,12.4300,12.4400,12.4500,364,67,80,107,154,46,73,258,106,56
SZ,002382,2017-01-03 11:17:12,12.4200,4,122912.0000,99,B,12.4000,12.3900,12.3800,12.3700,12.3600,12.4200,12.4300,12.4400,12.4500,12.4600,364,67,80,157,154,20,258,106,56,40
SZ,002382,2017-01-03 11:17:15,12.4000,1,3720.0000,3,S,12.4000,12.3900,12.3800,12.3700,12.3600,12.4200,12.4300,12.4400,12.4500,12.4600,361,67,80,157,154,20,258,106,56,40
SZ,002382,2017-01-03 11:17:27,12.4100,1,4964.0000,4,S,12.4100,12.4000,12.3900,12.3800,12.3700,12.4200,12.4300,12.4400,12.4500,12.4600,6,361,67,80,157,20,258,106,56,40
SZ,002382,2017-01-03 11:17:36,12.4100,1,7446.0000,6,S,12.4000,12.3900,12.3800,12.3700,12.3600,12.4100,12.4200,12.4300,12.4400,12.4500,361,67,80,157,154,54,20,258,106,56
SZ,002382,2017-01-03 11:17:39,12.4100,1,1242.0000,1,B,12.4000,12.3900,12.3800,12.3700,12.3600,12.4100,12.4200,12.4300,12.4400,12.4500,361,67,80,157,154,53,20,258,106,56
SZ,002382,2017-01-03 11:18:57,12.4100,1,62048.0000,50,B,12.4000,12.3900,12.3800,12.3700,12.3600,12.4100,12.4200,12.4300,12.4400,12.4500,373,67,80,157,154,3,22,258,106,56
SZ,002382,2017-01-03 11:19:30,12.4100,1,3724.0000,3,B,12.4100,12.4000,12.3900,12.3800,12.3700,12.4200,12.4300,12.4400,12.4500,12.4600,2,374,67,80,157,22,258,106,56,99
SZ,002382,2017-01-03 11:20:00,12.4100,3,16144.0000,13,S,12.4000,12.3900,12.3800,12.3700,12.3600,12.4100,12.4200,12.4300,12.4400,12.4500,374,67,80,157,154,17,12,258,106,56
SZ,002382,2017-01-03 11:20:03,12.4100,2,2480.0000,2,B,12.4000,12.3900,12.3800,12.3700,12.3600,12.4100,12.4200,12.4300,12.4400,12.4500,374,67,80,157,154,17,12,258,106,56
SZ,002382,2017-01-03 11:20:12,12.4100,1,2484.0000,2,B,12.4000,12.3900,12.3800,12.3700,12.3600,12.4100,12.4200,12.4300,12.4400,12.4500,374,67,80,157,154,15,12,258,106,56
SZ,002382,2017-01-03 11:20:51,12.4000,1,12400.0000,10,S,12.4000,12.3900,12.3800,12.3700,12.3600,12.4100,12.4200,12.4300,12.4400,12.4500,365,67,80,157,154,15,12,258,106,56
SZ,002382,2017-01-03 11:21:24,12.4100,2,18614.0000,15,B,12.4100,12.4000,12.3900,12.3800,12.3700,12.4200,12.4300,12.4400,12.4500,12.4600,15,365,67,80,157,12,258,106,56,118
SZ,002382,2017-01-03 11:22:06,12.4100,2,19856.0000,16,S,12.4000,12.3900,12.3800,12.3700,12.3600,12.4100,12.4200,12.4300,12.4400,12.4500,365,67,80,157,154,8,18,258,106,56
SZ,002382,2017-01-03 11:22:15,12.4100,1,9928.0000,8,B,12.4100,12.4000,12.3900,12.3800,12.3700,12.4200,12.4300,12.4400,12.4500,12.4600,2,365,67,80,157,18,258,106,56,118
SZ,002382,2017-01-03 11:22:27,12.4000,2,62002.0000,50,S,12.4000,12.3900,12.3800,12.3700,12.3600,12.4200,12.4300,12.4400,12.4500,12.4600,317,67,80,157,154,18,258,106,56,118
SZ,002382,2017-01-03 11:22:39,12.4000,8,393812.0000,318,S,12.3900,12.3800,12.3700,12.3600,12.3500,12.4000,12.4200,12.4300,12.4400,12.4500,67,80,157,154,19,82,18,258,106,58
SZ,002382,2017-01-03 11:23:03,12.4000,1,33480.0000,27,B,12.3900,12.3800,12.3700,12.3600,12.3500,12.4000,12.4200,12.4300,12.4400,12.4500,67,80,157,154,19,55,23,258,106,58
SZ,002382,2017-01-03 11:23:36,12.4000,1,12400.0000,10,B,12.3900,12.3800,12.3700,12.3600,12.3500,12.4000,12.4100,12.4200,12.4300,12.4400,67,80,157,154,9,45,40,23,258,106
SZ,002382,2017-01-03 11:23:39,12.4000,1,48360.0000,39,B,12.3900,12.3800,12.3700,12.3600,12.3500,12.4000,12.4100,12.4200,12.4300,12.4400,67,80,157,154,9,6,40,23,258,106
SZ,002382,2017-01-03 11:23:48,12.4000,1,7948.0000,6,B,12.4000,12.3900,12.3800,12.3700,12.3600,12.4100,12.4200,12.4300,12.4400,12.4500,29,67,80,157,154,40,23,258,106,58
SZ,002382,2017-01-03 11:24:21,12.4000,2,6202.0000,5,S,12.4000,12.3900,12.3800,12.3700,12.3600,12.4100,12.4200,12.4300,12.4400,12.4500,26,67,111,157,154,43,23,258,106,58
SZ,002382,2017-01-03 11:24:51,12.4000,1,22320.0000,18,S,12.4000,12.3900,12.3800,12.3700,12.3600,12.4100,12.4200,12.4300,12.4400,12.4500,8,64,111,157,154,43,23,258,106,58
SZ,002382,2017-01-03 11:25:30,12.4000,1,10650.0000,9,S,12.3900,12.3800,12.3700,12.3600,12.3500,12.4000,12.4100,12.4200,12.4300,12.4400,64,111,157,154,9,51,43,23,258,106
SZ,002382,2017-01-03 11:26:03,12.4000,1,62000.0000,50,B,12.3900,12.3800,12.3700,12.3600,12.3500,12.4000,12.4100,12.4200,12.4300,12.4400,64,111,157,154,9,1,43,23,258,106
SZ,002382,2017-01-03 11:28:33,12.4000,2,12400.0000,10,B,12.3900,12.3800,12.3700,12.3600,12.3500,12.4000,12.4100,12.4200,12.4300,12.4400,64,100,157,139,9,1,43,23,258,106
SZ,002382,2017-01-03 11:28:39,12.4100,2,2482.0000,2,B,12.3900,12.3800,12.3700,12.3600,12.3500,12.4100,12.4200,12.4300,12.4400,12.4500,64,100,157,139,9,42,23,258,106,43
SZ,002382,2017-01-03 13:00:03,12.4100,3,28522.0000,23,B,12.4000,12.3900,12.3800,12.3700,12.3600,12.4100,12.4200,12.4300,12.4400,12.4500,10,68,100,157,139,25,103,258,106,43
SZ,002382,2017-01-03 13:00:09,12.4200,2,38476.0000,31,B,12.4000,12.3900,12.3800,12.3700,12.3600,12.4200,12.4300,12.4400,12.4500,12.4600,10,98,140,157,139,95,258,106,43,59
SZ,002382,2017-01-03 13:00:39,12.4200,2,12420.0000,10,B,12.4100,12.4000,12.3900,12.3800,12.3700,12.4200,12.4300,12.4400,12.4500,12.4600,39,10,98,140,157,85,258,106,43,59
SZ,002382,2017-01-03 13:01:09,12.4200,2,1240.0000,1,B,12.4100,12.4000,12.3900,12.3800,12.3700,12.4200,12.4300,12.4400,12.4500,12.4600,39,10,100,140,157,84,258,106,43,59
SZ,002382,2017-01-03 13:01:51,12.4200,1,1244.0000,1,B,12.4100,12.4000,12.3900,12.3800,12.3700,12.4200,12.4300,12.4400,12.4500,12.4600,39,10,100,140,157,99,258,106,43,59
