市场代码,证券代码,时间,最新价,成交笔数,成交额,成交量,方向,买一价,买二价,买三价,买四价,买五价,卖一价,卖二价,卖三价,卖四价,卖五价,买一量,买二量,买三量,买四量,买五量,卖一量,卖二量,卖三量,卖四量,卖五量
SZ,002383,2017-01-03 09:25:03,49.5700,4,44613.0000,9,B,49.5000,49.4500,49.3000,49.0100,49.0000,49.5700,49.7700,49.8000,49.9700,49.9900,18,1,2,3,6,2,6,10,6,3
SZ,002383,2017-01-03 09:30:00,49.5000,6,79200.0000,16,S,49.5000,49.4500,49.3000,49.0100,49.0000,49.5700,49.7700,49.8000,49.9700,49.9900,2,1,2,3,6,2,6,10,6,3
SZ,002383,2017-01-03 09:30:03,49.7500,7,94435.0000,19,B,49.5700,49.5000,49.4500,49.3000,49.1800,49.7500,49.7700,49.7900,49.8000,49.8700,39,9,1,2,3,5,8,1,10,1
SZ,002383,2017-01-03 09:30:15,49.7500,3,64596.0000,13,B,49.5700,49.5000,49.4500,49.3000,49.1800,49.7700,49.7900,49.8000,49.8700,49.9700,49,11,1,2,3,8,1,10,1,14
SZ,002383,2017-01-03 09:30:18,49.5700,1,14871.0000,3,S,49.5700,49.5000,49.4500,49.3000,49.1800,49.7700,49.7900,49.8000,49.8700,49.9700,46,11,1,2,3,8,1,10,1,14
SZ,002383,2017-01-03 09:30:57,49.7500,2,59682.0000,12,B,49.6000,49.5900,49.5700,49.5000,49.4500,49.7500,49.7600,49.7700,49.7900,49.8000,60,5,38,11,1,7,5,8,1,10
SZ,002383,2017-01-03 09:31:00,49.7500,1,24875.0000,5,B,49.6100,49.6000,49.5900,49.5700,49.5000,49.7500,49.7600,49.7700,49.7900,49.8000,3,60,5,38,11,2,5,10,1,10
SZ,002383,2017-01-03 09:31:06,49.6000,2,24803.0000,5,S,49.7200,49.6000,49.5900,49.5700,49.5000,49.7500,49.7600,49.7700,49.7900,49.8000,3,58,5,38,11,2,5,10,1,10
SZ,002383,2017-01-03 09:31:12,49.7200,1,14916.0000,3,S,49.6100,49.6000,49.5900,49.5700,49.5000,49.7000,49.7500,49.7600,49.7700,49.7900,1,59,5,30,11,2,2,5,10,1
SZ,002383,2017-01-03 09:31:21,49.7000,1,9940.0000,2,B,49.7000,49.6100,49.6000,49.5900,49.5700,49.7200,49.7500,49.7600,49.7700,49.7900,8,2,59,5,30,5,2,5,10,1
SZ,002383,2017-01-03 09:31:24,49.7000,1,29820.0000,6,S,49.7000,49.6100,49.6000,49.5900,49.5700,49.7200,49.7600,49.7700,49.7900,49.8000,2,2,59,5,30,5,5,8,1,10
SZ,002383,2017-01-03 09:31:30,49.7200,1,4972.0000,1,B,49.7000,49.6100,49.6000,49.5900,49.5700,49.7200,49.7600,49.7700,49.7900,49.8000,2,14,58,5,30,4,5,8,1,10
SZ,002383,2017-01-03 09:31:33,49.7000,1,4970.0000,1,S,49.7000,49.6100,49.6000,49.5900,49.5700,49.7200,49.7500,49.7600,49.7700,49.7900,2,14,58,5,28,4,5,5,8,1
SZ,002383,2017-01-03 09:31:36,49.7000,2,9940.0000,2,S,49.6100,49.6000,49.5700,49.5000,49.4500,49.7000,49.7200,49.7500,49.7600,49.7700,14,58,28,6,1,2,4,5,5,8
SZ,002383,2017-01-03 09:31:42,49.7200,2,24856.0000,5,B,49.6100,49.6000,49.5700,49.5000,49.4500,49.7200,49.7400,49.7500,49.7600,49.7700,14,58,28,6,1,1,2,5,5,8
SZ,002383,2017-01-03 09:31:48,49.7200,3,29822.0000,6,B,49.7200,49.6100,49.6000,49.5700,49.5000,49.7400,49.7500,49.7600,49.7700,49.7800,5,14,58,28,6,2,5,5,8,24
SZ,002383,2017-01-03 09:31:57,49.7200,1,14916.0000,3,S,49.7200,49.6300,49.6100,49.6000,49.5700,49.7400,49.7500,49.7600,49.7700,49.7800,2,5,14,58,28,2,5,5,8,24
SZ,002383,2017-01-03 09:32:03,49.7200,2,24860.0000,5,S,49.7200,49.6300,49.6200,49.6100,49.6000,49.7400,49.7500,49.7600,49.7700,49.7800,35,5,2,13,58,2,5,5,8,24
SZ,002383,2017-01-03 09:32:18,49.7200,4,74600.0000,15,S,49.7200,49.6300,49.6200,49.6100,49.6000,49.7500,49.7600,49.7700,49.7800,49.8000,30,5,2,13,58,5,5,8,24,15
SZ,002383,2017-01-03 09:32:21,49.7500,2,29847.0000,6,B,49.7200,49.6300,49.6200,49.6100,49.6000,49.7600,49.7700,49.7800,49.8000,49.8700,29,5,2,13,58,5,8,24,15,1
SZ,002383,2017-01-03 09:32:27,49.7200,1,4972.0000,1,S,49.7500,49.6300,49.6200,49.6100,49.6000,49.7600,49.7700,49.7800,49.8000,49.8700,28,5,2,13,58,5,8,24,15,1
SZ,002383,2017-01-03 09:32:39,49.7600,2,24880.0000,5,B,49.7600,49.7200,49.6300,49.6200,49.6100,49.7700,49.7800,49.8000,49.8700,49.9700,6,2,5,2,1,8,24,15,1,14
SZ,002383,2017-01-03 09:32:51,49.7800,4,59727.0000,12,B,49.7700,49.7600,49.7200,49.7000,49.6300,49.7800,49.8000,49.8700,49.9700,49.9900,10,12,2,6,5,21,15,1,14,8
SZ,002383,2017-01-03 09:33:00,49.7800,1,24890.0000,5,B,49.7700,49.7600,49.7200,49.7000,49.6300,49.7800,49.8000,49.8700,49.9700,49.9900,12,40,2,6,5,16,15,1,14,8
SZ,002383,2017-01-03 09:33:03,49.8000,5,154348.0000,31,B,49.8000,49.7800,49.7700,49.7600,49.7000,49.8700,49.9700,49.9900,50.0000,50.0500,18,21,12,40,6,1,14,8,3,3
SZ,002383,2017-01-03 09:33:06,49.8000,2,29880.0000,6,S,49.8000,49.7800,49.7700,49.7600,49.7000,49.8700,49.9700,49.9900,50.0000,50.0500,41,21,12,6,6,1,14,8,3,3
SZ,002383,2017-01-03 09:33:18,49.8700,1,4987.0000,1,B,49.8700,49.8000,49.7700,49.7600,49.7000,49.9700,49.9900,50.0000,50.0500,50.1000,11,33,12,6,21,14,8,1,3,1
SZ,002383,2017-01-03 09:33:36,49.9200,1,4992.0000,1,B,49.9200,49.8700,49.8100,49.8000,49.7700,49.9500,49.9700,49.9900,50.0000,50.0500,9,61,10,24,12,5,6,11,1,3
SZ,002383,2017-01-03 09:33:39,49.9500,1,24975.0000,5,B,49.9200,49.8700,49.8100,49.8000,49.7700,49.9700,49.9800,49.9900,50.0000,50.0500,9,40,10,24,12,6,20,11,1,3
SZ,002383,2017-01-03 09:33:45,49.9300,1,19972.0000,4,S,49.9500,49.9200,49.8700,49.8100,49.8000,49.9600,49.9700,49.9800,49.9900,50.0000,25,30,11,12,24,2,6,20,11,1
SZ,002383,2017-01-03 09:33:48,49.9700,2,39974.0000,8,B,49.9700,49.9500,49.9200,49.8700,49.8100,49.9800,49.9900,50.0000,50.0500,50.1000,2,37,30,11,12,20,11,1,3,1
SZ,002383,2017-01-03 09:33:54,50.0000,6,184944.0000,37,B,50.0000,49.9700,49.9500,49.9200,49.8700,50.0500,50.1000,50.2300,50.2400,50.3600,21,23,32,9,11,3,1,13,4,2
SZ,002383,2017-01-03 09:33:57,50.0000,1,25000.0000,5,S,50.0000,49.9800,49.9700,49.9200,49.8700,50.0500,50.1000,50.2300,50.2400,50.3600,44,2,23,9,11,3,1,13,4,2
SZ,002383,2017-01-03 09:34:03,50.1000,3,30045.0000,6,B,50.0000,49.9800,49.9700,49.9200,49.8700,50.1000,50.2300,50.2400,50.3600,50.3900,78,2,23,9,11,3,13,4,2,20
SZ,002383,2017-01-03 09:34:06,50.1000,1,15030.0000,3,B,50.2000,50.0500,50.0000,49.9800,49.9700,50.2300,50.2400,50.3600,50.3900,50.4000,103,6,78,2,2,13,4,2,20,9
SZ,002383,2017-01-03 09:34:09,50.2300,1,25115.0000,5,B,50.2000,50.0500,50.0000,49.9800,49.9700,50.2300,50.2400,50.3600,50.3900,50.4000,103,6,53,2,2,8,4,2,20,9
SZ,002383,2017-01-03 09:34:15,50.2300,5,115529.0000,23,B,50.2300,50.2000,50.1000,50.0500,50.0000,50.2400,50.3600,50.3900,50.4000,50.4800,19,97,48,6,15,4,12,20,9,5
SZ,002383,2017-01-03 09:34:18,50.2400,2,20096.0000,4,B,50.2500,50.2400,50.2300,50.2000,50.1000,50.3600,50.3900,50.4000,50.4800,50.4900,3,1,26,97,48,12,20,9,5,7
SZ,002383,2017-01-03 09:34:21,50.3000,1,25150.0000,5,B,50.2500,50.2400,50.2300,50.2000,50.1000,50.2700,50.3500,50.3600,50.3900,50.4000,3,3,26,97,48,6,5,12,20,9
SZ,002383,2017-01-03 09:34:24,50.2700,2,30162.0000,6,B,50.3000,50.2500,50.2400,50.2300,50.2000,50.3500,50.3600,50.3900,50.4000,50.4800,46,3,3,19,97,5,12,20,9,5
SZ,002383,2017-01-03 09:34:27,50.3600,2,30211.0000,6,B,50.3000,50.2700,50.2500,50.2400,50.2000,50.3600,50.3900,50.4000,50.4800,50.4900,46,19,3,3,97,11,20,9,5,7
SZ,002383,2017-01-03 09:34:30,50.3000,1,100600.0000,20,S,50.3000,50.2700,50.2500,50.2400,50.2000,50.3600,50.3900,50.4000,50.4800,50.4900,26,19,3,3,97,11,20,9,5,7
SZ,002383,2017-01-03 09:34:33,50.3600,3,40276.0000,8,B,50.3000,50.2700,50.2500,50.2000,50.0500,50.3500,50.3600,50.3900,50.4000,50.4800,24,19,3,97,6,5,5,20,9,5
SZ,002383,2017-01-03 09:34:36,50.3500,1,5035.0000,1,B,50.2700,50.2500,50.0500,50.0000,49.9700,50.3500,50.3600,50.3900,50.4000,50.4800,19,3,6,15,2,4,15,20,9,5
SZ,002383,2017-01-03 09:34:39,50.3600,6,151076.0000,30,B,50.2500,50.0500,50.0000,49.9200,49.8100,50.3000,50.3900,50.4000,50.4800,50.4900,3,6,15,9,12,4,20,9,5,7
SZ,002383,2017-01-03 09:34:42,50.3000,5,100675.0000,20,B,50.2500,50.0500,50.0000,49.9200,49.8100,50.3000,50.3600,50.3900,50.4000,50.4700,3,6,15,9,12,9,30,20,9,6
SZ,002383,2017-01-03 09:34:48,50.2700,3,30162.0000,6,B,50.2500,50.0500,50.0200,50.0000,49.9200,50.3000,50.3100,50.3400,50.3500,50.3600,3,5,1,15,9,11,1,36,7,30
SZ,002383,2017-01-03 09:34:54,50.2500,1,15075.0000,3,S,50.0200,50.0000,49.9200,49.8100,49.8000,50.2300,50.2500,50.3000,50.3100,50.3400,1,15,9,12,2,1,3,11,2,36
SZ,002383,2017-01-03 09:34:57,50.2700,4,25125.0000,5,B,50.0200,50.0000,49.9200,49.8100,49.8000,50.2500,50.2800,50.3000,50.3100,50.3400,1,15,9,12,2,12,4,11,2,36
SZ,002383,2017-01-03 09:35:15,50.0200,3,35014.0000,7,S,50.0000,49.9200,49.8100,49.8000,49.7600,50.0200,50.1800,50.1900,50.2000,50.2300,15,9,12,2,6,3,1,5,40,5
SZ,002383,2017-01-03 09:35:18,50.0200,1,5002.0000,1,B,50.0000,49.9200,49.8100,49.8000,49.7600,50.0200,50.1800,50.1900,50.2000,50.2100,15,9,12,2,6,2,1,5,40,2
SZ,002383,2017-01-03 09:35:27,50.0000,1,10000.0000,2,S,50.0000,49.9200,49.8100,49.8000,49.7600,50.0200,50.1800,50.1900,50.2000,50.2100,13,9,12,2,6,2,1,6,40,2
SZ,002383,2017-01-03 09:35:33,50.0200,2,10004.0000,2,B,50.0200,50.0000,49.9200,49.8100,49.8000,50.1700,50.1800,50.1900,50.2000,50.2100,1,13,9,12,2,5,1,6,45,2
SZ,002383,2017-01-03 09:35:36,50.0200,1,5002.0000,1,S,50.0200,50.0000,49.9200,49.8100,49.8000,50.1700,50.1800,50.1900,50.2000,50.2100,15,13,9,12,2,5,1,11,45,2
SZ,002383,2017-01-03 09:35:39,50.0000,3,140030.0000,28,S,49.9200,49.8100,49.8000,49.7600,49.7000,50.0000,50.1700,50.1800,50.1900,50.2000,9,12,2,6,6,1,5,1,11,45
SZ,002383,2017-01-03 09:35:45,50.0000,1,5000.0000,1,B,49.9200,49.8100,49.8000,49.7600,49.7000,50.1700,50.1800,50.1900,50.2000,50.2100,9,12,2,10,8,5,6,11,45,2
SZ,002383,2017-01-03 09:35:54,50.1700,2,40136.0000,8,B,50.0300,50.0000,49.9200,49.8100,49.8000,50.1700,50.1800,50.1900,50.2000,50.2100,2,19,9,12,2,7,13,11,45,2
SZ,002383,2017-01-03 09:35:57,50.0300,2,10006.0000,2,S,50.0000,49.9200,49.8100,49.8000,49.7600,50.0200,50.1700,50.1800,50.1900,50.2000,19,9,12,2,10,1,7,13,11,45
SZ,002383,2017-01-03 09:36:15,50.0200,2,15002.0000,3,B,50.0200,50.0000,49.9200,49.8100,49.8000,50.1500,50.1700,50.1800,50.1900,50.2000,1,26,10,12,2,5,7,13,11,45
SZ,002383,2017-01-03 09:36:18,50.1500,1,5015.0000,1,B,50.0200,50.0000,49.9200,49.8100,49.8000,50.1500,50.1700,50.1800,50.1900,50.2000,11,26,10,12,2,9,7,13,6,45
SZ,002383,2017-01-03 09:36:30,50.2000,9,180622.0000,36,B,50.0200,50.0000,49.9200,49.8100,49.8000,50.2000,50.2100,50.2300,50.2400,50.2500,11,29,10,12,2,44,2,5,18,5
SZ,002383,2017-01-03 09:36:54,50.1500,1,15045.0000,3,B,50.0300,50.0200,50.0000,49.9200,49.8100,50.1500,50.1700,50.1800,50.1900,50.2000,3,6,16,10,12,2,2,7,1,45
SZ,002383,2017-01-03 09:36:57,50.1500,1,5015.0000,1,B,50.0300,50.0200,50.0000,49.9200,49.8100,50.1500,50.1700,50.1800,50.1900,50.2000,3,6,16,10,12,1,2,7,2,53
SZ,002383,2017-01-03 09:37:00,50.0200,6,50114.0000,10,S,50.0200,50.0000,49.9200,49.8100,49.8000,50.1800,50.1900,50.2000,50.2100,50.2300,5,16,10,12,4,4,2,53,22,5
SZ,002383,2017-01-03 09:37:09,50.1500,4,25087.0000,5,S,50.0200,50.0000,49.9200,49.8100,49.8000,50.1800,50.1900,50.2000,50.2100,50.2300,5,16,10,12,4,2,2,57,20,5
SZ,002383,2017-01-03 09:37:33,50.1500,4,40105.0000,8,B,50.1500,50.1000,50.0300,50.0200,50.0000,50.1700,50.1800,50.1900,50.2000,50.2100,5,7,22,5,16,3,2,2,44,20
SZ,002383,2017-01-03 09:37:45,50.1700,1,15051.0000,3,B,50.1700,50.1500,50.1000,50.0300,50.0200,50.1800,50.1900,50.2000,50.2100,50.2400,17,5,7,22,5,2,3,40,20,18
SZ,002383,2017-01-03 09:37:48,50.2000,9,145546.0000,29,B,50.1700,50.1500,50.1000,50.0300,50.0200,50.2000,50.2100,50.2400,50.2500,50.2700,11,5,7,22,5,28,20,18,3,2
SZ,002383,2017-01-03 09:37:51,50.1700,2,35119.0000,7,S,50.1700,50.1500,50.1000,50.0300,50.0200,50.2000,50.2100,50.2400,50.2500,50.2700,4,12,7,22,5,33,20,18,3,2
SZ,002383,2017-01-03 09:37:54,50.1500,5,100316.0000,20,S,50.1000,50.0300,50.0200,50.0000,49.9200,50.1500,50.1900,50.2000,50.2100,50.2400,7,22,5,16,10,1,5,33,20,18
SZ,002383,2017-01-03 09:38:00,50.2000,3,75290.0000,15,B,50.1500,50.1000,50.0300,50.0200,50.0000,50.2000,50.2100,50.2400,50.2500,50.2700,1,7,22,5,9,23,20,18,3,2
SZ,002383,2017-01-03 09:38:03,50.0300,4,45088.0000,9,S,50.0300,50.0200,50.0000,49.9200,49.8100,50.2000,50.2100,50.2400,50.2500,50.2700,21,5,10,9,10,23,20,18,3,2
SZ,002383,2017-01-03 09:38:06,50.2100,5,200637.0000,40,B,50.1000,50.0300,50.0200,50.0000,49.9200,50.2100,50.2400,50.2500,50.2700,50.3000,3,11,7,10,9,13,18,3,2,43
SZ,002383,2017-01-03 09:38:39,50.1500,3,50125.0000,10,B,50.1000,50.0400,50.0300,50.0200,50.0000,50.1700,50.1800,50.2000,50.2100,50.2400,7,20,11,7,10,16,1,41,15,18
SZ,002383,2017-01-03 09:38:48,50.1000,1,30060.0000,6,S,50.1000,50.0400,50.0300,50.0200,50.0000,50.1700,50.1800,50.2000,50.2100,50.2400,1,20,11,7,10,16,1,52,15,18
SZ,002383,2017-01-03 09:38:57,50.1000,1,5010.0000,1,S,50.0400,50.0300,50.0200,50.0000,49.9200,50.1000,50.1500,50.1600,50.1700,50.1800,20,9,7,10,9,1,29,2,19,1
SZ,002383,2017-01-03 09:39:09,50.0400,1,30024.0000,6,S,50.0400,50.0300,50.0200,50.0000,49.9200,50.1000,50.1500,50.1600,50.1700,50.1800,14,9,7,10,9,2,29,2,19,1
SZ,002383,2017-01-03 09:39:12,50.0400,1,5004.0000,1,S,50.0400,50.0300,50.0200,50.0000,49.9200,50.1000,50.1500,50.1600,50.1700,50.1800,13,9,7,10,9,2,29,2,19,1
SZ,002383,2017-01-03 09:39:15,50.0400,3,20022.0000,4,S,50.0400,50.0300,50.0200,50.0000,49.9200,50.1000,50.1400,50.1500,50.1600,50.1700,10,9,7,10,9,3,14,29,2,9
SZ,002383,2017-01-03 09:39:24,50.0400,1,50040.0000,10,S,50.0300,50.0200,50.0000,49.9200,49.9000,50.1000,50.1400,50.1500,50.1600,50.1700,9,7,1,9,10,4,14,29,2,6
SZ,002383,2017-01-03 09:39:27,50.1000,2,20040.0000,4,B,50.1000,50.0300,50.0200,50.0000,49.9200,50.1400,50.1500,50.1600,50.1700,50.1800,5,9,7,1,9,14,29,2,6,1
SZ,002383,2017-01-03 09:39:33,50.1000,1,5010.0000,1,S,50.1000,50.0300,50.0200,50.0000,49.9200,50.1600,50.1700,50.1800,50.1900,50.2000,4,9,7,1,9,2,6,1,1,51
SZ,002383,2017-01-03 09:39:39,50.1100,1,10022.0000,2,S,50.1000,50.0300,50.0200,50.0000,49.9200,50.1500,50.1600,50.1700,50.1800,50.1900,4,11,7,1,9,3,2,6,1,1
SZ,002383,2017-01-03 09:39:42,50.1000,1,20040.0000,4,S,50.0300,50.0200,50.0000,49.9200,49.9000,50.1000,50.1500,50.1600,50.1700,50.1800,11,7,1,9,10,26,3,2,6,1
SZ,002383,2017-01-03 09:39:54,50.1000,1,15030.0000,3,B,50.0300,50.0200,50.0000,49.9200,49.9000,50.1000,50.1500,50.1600,50.1700,50.1800,11,7,1,9,10,23,8,2,6,1
SZ,002383,2017-01-03 09:40:00,50.1000,1,15030.0000,3,B,50.0300,50.0200,50.0000,49.9200,49.9000,50.1000,50.1500,50.1600,50.1700,50.1800,11,7,1,9,10,20,8,2,6,1
SZ,002383,2017-01-03 09:40:06,50.0300,3,105073.0000,21,S,50.0200,50.0000,49.9200,49.9000,49.8100,50.0300,50.1000,50.1500,50.1600,50.1700,7,1,9,10,10,8,20,8,2,6
SZ,002383,2017-01-03 09:40:24,50.0300,1,10006.0000,2,B,50.0200,50.0000,49.9200,49.9000,49.8100,50.0300,50.1000,50.1500,50.1600,50.1700,7,1,9,10,10,6,20,8,2,6
SZ,002383,2017-01-03 09:40:30,50.0300,1,30018.0000,6,B,50.0300,50.0200,50.0000,49.9200,49.9000,50.1000,50.1500,50.1600,50.1700,50.1800,5,7,1,9,10,20,8,2,6,1
SZ,002383,2017-01-03 09:40:39,50.0300,1,5003.0000,1,S,50.0300,50.0200,50.0000,49.9200,49.9000,50.0400,50.1000,50.1500,50.1600,50.1700,9,7,1,9,10,20,20,8,2,6
SZ,002383,2017-01-03 09:40:45,50.0300,2,25015.0000,5,S,50.0300,50.0200,50.0000,49.9200,49.9000,50.0400,50.0900,50.1000,50.1500,50.1600,4,7,1,9,10,20,3,20,8,2
SZ,002383,2017-01-03 09:40:51,50.0300,1,5003.0000,1,S,50.0300,50.0200,50.0000,49.9200,49.9000,50.0400,50.0900,50.1000,50.1500,50.1600,3,7,1,9,10,20,3,20,8,2
SZ,002383,2017-01-03 09:40:54,50.0300,1,15009.0000,3,S,50.0200,50.0000,49.9200,49.9000,49.8100,50.0300,50.0400,50.0900,50.1000,50.1500,7,1,9,10,10,9,20,3,20,8
SZ,002383,2017-01-03 09:40:57,50.0400,2,145107.0000,29,B,50.0200,50.0000,49.9200,49.9000,49.8100,50.0300,50.0900,50.1000,50.1500,50.1600,7,1,9,10,10,18,3,20,8,2
SZ,002383,2017-01-03 09:41:00,50.0300,1,20012.0000,4,B,50.0200,50.0000,49.9200,49.9000,49.8100,50.0300,50.0900,50.1000,50.1500,50.1600,7,1,9,10,10,16,3,20,8,2
SZ,002383,2017-01-03 09:41:03,50.0200,1,10004.0000,2,S,50.0200,50.0000,49.9200,49.9000,49.8100,50.0300,50.0900,50.1000,50.1500,50.1600,5,1,9,10,10,16,3,20,8,2
SZ,002383,2017-01-03 09:41:12,50.0300,1,10006.0000,2,B,50.0200,50.0000,49.9200,49.9000,49.8100,50.0300,50.0500,50.0900,50.1000,50.1500,5,1,9,10,10,14,5,3,20,8
SZ,002383,2017-01-03 09:41:15,50.0300,1,15009.0000,3,B,50.0200,50.0000,49.9300,49.9200,49.9000,50.0300,50.0500,50.0900,50.1000,50.1500,5,1,34,9,10,9,5,3,20,3
SZ,002383,2017-01-03 09:41:18,50.0200,2,25010.0000,5,S,50.0000,49.9300,49.9200,49.9000,49.8100,50.0200,50.0300,50.0500,50.0900,50.1000,1,34,9,10,10,2,9,5,3,20
SZ,002383,2017-01-03 09:41:27,50.0000,3,20007.0000,4,S,49.9300,49.9200,49.9000,49.8100,49.8000,50.0000,50.0300,50.0500,50.0900,50.1000,34,9,10,10,11,5,8,5,3,23
SZ,002383,2017-01-03 09:41:30,50.0000,1,5000.0000,1,B,49.9300,49.9200,49.9000,49.8100,49.8000,50.0000,50.0300,50.0500,50.0900,50.1000,34,9,10,10,11,4,8,5,3,23
SZ,002383,2017-01-03 09:41:42,50.0000,2,30000.0000,6,B,50.0000,49.9300,49.9200,49.9000,49.8100,50.0300,50.0500,50.0900,50.1000,50.1500,4,34,9,10,10,8,5,5,23,3
SZ,002383,2017-01-03 09:41:45,50.0300,1,20012.0000,4,B,50.0000,49.9300,49.9200,49.9000,49.8100,50.0300,50.0500,50.0900,50.1000,50.1500,4,34,9,10,10,4,5,5,23,3
SZ,002383,2017-01-03 09:41:48,50.0000,1,20000.0000,4,S,49.9300,49.9200,49.9000,49.8100,49.8000,50.0000,50.0300,50.0500,50.0900,50.1000,34,9,10,10,11,29,4,5,5,23
SZ,002383,2017-01-03 09:41:54,50.0000,3,145000.0000,29,B,50.0200,49.9500,49.9300,49.9200,49.9000,50.0300,50.0500,50.0900,50.1000,50.1500,61,1,43,9,10,4,5,5,23,3
SZ,002383,2017-01-03 09:41:57,50.0300,2,40019.0000,8,B,50.0200,49.9500,49.9300,49.9200,49.9000,50.0300,50.0500,50.0900,50.1000,50.1500,56,1,43,9,10,1,5,5,23,3
SZ,002383,2017-01-03 09:42:06,50.0200,1,5002.0000,1,S,50.0200,50.0000,49.9500,49.9300,49.9200,50.0300,50.0500,50.0900,50.1000,50.1500,55,1,1,43,9,1,5,5,23,3
SZ,002383,2017-01-03 09:42:09,50.0300,1,5003.0000,1,B,50.0200,50.0000,49.9500,49.9300,49.9200,50.0500,50.0900,50.1000,50.1500,50.1600,55,1,1,43,9,5,5,23,3,2
SZ,002383,2017-01-03 09:42:21,50.0500,1,25025.0000,5,B,50.0500,50.0300,50.0200,50.0000,49.9500,50.0900,50.1000,50.1500,50.1600,50.1700,12,3,55,1,1,5,23,3,2,6
SZ,002383,2017-01-03 09:42:30,50.0500,2,65065.0000,13,S,50.0300,50.0200,50.0000,49.9300,49.9200,50.0500,50.0900,50.1000,50.1500,50.1600,3,55,1,43,9,12,5,23,3,2
SZ,002383,2017-01-03 09:42:33,50.2000,15,501470.0000,100,B,50.0300,50.0200,50.0000,49.9300,49.9200,50.2000,50.2100,50.2400,50.2500,50.2700,3,55,1,9,9,19,13,18,3,2
SZ,002383,2017-01-03 09:42:39,50.0200,3,100043.0000,20,S,50.0200,50.0000,49.9300,49.9200,49.9000,50.2000,50.2100,50.2400,50.2500,50.2700,38,1,9,9,10,19,13,18,3,2
SZ,002383,2017-01-03 09:42:54,50.0400,2,25022.0000,5,S,50.0400,50.0300,50.0200,50.0000,49.9300,50.2000,50.2100,50.2400,50.2500,50.2700,7,52,38,1,9,19,13,18,3,2
SZ,002383,2017-01-03 09:43:06,50.1900,2,45169.0000,9,B,50.0400,50.0300,50.0200,50.0000,49.9300,50.1900,50.2000,50.2100,50.2400,50.2500,7,52,40,1,9,20,19,13,18,3
SZ,002383,2017-01-03 09:43:09,50.0400,2,40033.0000,8,S,50.0300,50.0200,50.0000,49.9300,49.9200,50.0400,50.1900,50.2000,50.2100,50.2400,52,40,1,9,9,17,20,19,13,18
SZ,002383,2017-01-03 09:43:12,50.0400,1,5004.0000,1,B,50.0300,50.0200,50.0000,49.9300,49.9200,50.0400,50.1900,50.2000,50.2100,50.2400,52,40,1,9,9,16,20,19,13,18
SZ,002383,2017-01-03 09:43:15,50.0400,1,20016.0000,4,B,50.0300,50.0200,50.0000,49.9300,49.9200,50.0400,50.1900,50.2000,50.2100,50.2400,52,40,1,9,9,12,20,19,13,18
SZ,002383,2017-01-03 09:43:18,50.0400,2,60048.0000,12,B,50.0400,50.0300,50.0200,50.0000,49.9300,50.1600,50.1900,50.2000,50.2100,50.2400,5,53,40,1,9,6,20,19,13,18
SZ,002383,2017-01-03 09:43:42,50.1600,1,5016.0000,1,B,50.0800,50.0500,50.0400,50.0300,50.0200,50.1600,50.1900,50.2000,50.2100,50.2400,10,20,22,21,40,5,20,19,13,18
SZ,002383,2017-01-03 09:43:45,50.0500,2,100130.0000,20,S,50.0500,50.0400,50.0300,50.0200,50.0000,50.1600,50.1900,50.2000,50.2100,50.2400,10,22,21,40,1,5,20,19,13,18
SZ,002383,2017-01-03 09:44:09,50.0500,5,55056.0000,11,S,50.0400,50.0300,50.0200,50.0000,49.9300,50.0500,50.1600,50.1900,50.2000,50.2100,22,20,40,1,9,4,18,20,19,13
SZ,002383,2017-01-03 09:44:15,50.0500,1,20020.0000,4,B,50.0500,50.0400,50.0300,50.0200,50.0000,50.1600,50.1900,50.2000,50.2100,50.2400,6,18,20,40,1,18,20,19,13,18
SZ,002383,2017-01-03 09:44:21,50.0500,1,30030.0000,6,S,50.0400,50.0300,50.0200,50.0000,49.9300,50.1600,50.1900,50.2000,50.2100,50.2400,18,20,40,1,9,18,20,19,13,18
SZ,002383,2017-01-03 09:44:30,50.0500,1,5005.0000,1,B,50.0400,50.0300,50.0200,50.0000,49.9300,50.1000,50.1600,50.1900,50.2000,50.2100,18,20,40,1,9,5,18,20,19,13
SZ,002383,2017-01-03 09:44:33,50.0400,2,50040.0000,10,S,50.0400,50.0300,50.0200,50.0000,49.9300,50.1000,50.1600,50.1900,50.2000,50.2100,48,20,40,1,9,5,18,20,19,13
SZ,002383,2017-01-03 09:44:36,50.1000,1,20040.0000,4,B,50.0400,50.0300,50.0200,50.0000,49.9300,50.1000,50.1600,50.1900,50.2000,50.2100,48,20,40,1,9,1,18,20,19,13
SZ,002383,2017-01-03 09:44:45,50.1000,2,45090.0000,9,B,50.0400,50.0300,50.0200,50.0000,49.9300,50.1000,50.1600,50.1900,50.2000,50.2100,48,20,40,1,9,7,18,20,22,13
SZ,002383,2017-01-03 09:44:54,50.0500,2,30030.0000,6,S,50.0500,50.0400,50.0200,50.0000,49.9300,50.1000,50.1600,50.1900,50.2000,50.2100,5,48,40,1,9,7,18,20,22,13
SZ,002383,2017-01-03 09:45:06,50.0500,1,10010.0000,2,S,50.0600,50.0500,50.0400,50.0200,50.0000,50.1000,50.1600,50.1900,50.2000,50.2100,20,3,48,40,1,7,18,20,22,13
SZ,002383,2017-01-03 09:45:09,50.0500,2,115135.0000,23,S,50.0400,50.0200,50.0000,49.9300,49.9200,50.0500,50.1000,50.1600,50.1900,50.2000,48,40,1,9,9,7,7,18,20,22
SZ,002383,2017-01-03 09:45:15,50.0500,2,20020.0000,4,B,50.0400,50.0200,50.0000,49.9300,49.9200,50.0500,50.1000,50.1600,50.1900,50.2000,48,40,1,9,9,3,7,18,20,22
SZ,002383,2017-01-03 09:45:24,50.0500,3,65055.0000,13,B,50.0400,50.0200,50.0000,49.9300,49.9200,50.1000,50.1600,50.1900,50.2000,50.2100,38,40,1,9,9,7,18,20,22,13
SZ,002383,2017-01-03 09:45:45,50.1000,1,20040.0000,4,B,50.0500,50.0400,50.0200,50.0000,49.9300,50.1000,50.1500,50.1600,50.1900,50.2000,2,38,40,1,9,3,1,18,20,22
SZ,002383,2017-01-03 09:46:06,50.1000,1,15030.0000,3,B,50.0500,50.0400,50.0200,50.0000,49.9300,50.1500,50.1600,50.1900,50.2000,50.2100,15,38,40,3,9,11,18,20,22,13
SZ,002383,2017-01-03 09:46:15,50.1000,1,125250.0000,25,S,50.1000,50.0500,50.0400,50.0200,50.0000,50.1500,50.1600,50.1900,50.2000,50.2100,5,15,38,40,3,10,18,20,22,13
SZ,002383,2017-01-03 09:46:24,50.1000,1,25050.0000,5,S,50.0500,50.0400,50.0200,50.0000,49.9800,50.1000,50.1500,50.1600,50.1900,50.2000,15,38,40,3,2,13,12,18,20,22
SZ,002383,2017-01-03 09:46:27,50.1000,1,5010.0000,1,B,50.0500,50.0400,50.0200,50.0000,49.9800,50.1000,50.1500,50.1600,50.1900,50.2000,15,38,40,3,2,12,12,18,20,22
SZ,002383,2017-01-03 09:47:00,50.1000,5,100188.0000,20,B,50.0500,50.0400,50.0200,50.0000,49.9800,50.1000,50.1400,50.1500,50.1600,50.1900,15,38,40,3,2,4,5,10,13,20
SZ,002383,2017-01-03 09:47:12,50.1000,1,20040.0000,4,B,50.1000,50.0800,50.0500,50.0400,50.0200,50.1400,50.1500,50.1600,50.1900,50.2000,6,7,15,38,40,5,10,13,20,22
SZ,002383,2017-01-03 09:47:24,50.1400,1,25070.0000,5,B,50.1000,50.0800,50.0500,50.0400,50.0200,50.1500,50.1600,50.1900,50.2000,50.2100,6,7,15,38,40,10,13,20,22,13
SZ,002383,2017-01-03 09:47:45,50.1000,2,50100.0000,10,S,50.1000,50.0800,50.0500,50.0400,50.0200,50.1500,50.1600,50.1900,50.2000,50.2100,51,7,15,38,40,10,13,20,22,13
SZ,002383,2017-01-03 09:47:48,50.1500,1,10030.0000,2,B,50.1000,50.0800,50.0500,50.0400,50.0200,50.1500,50.1600,50.1900,50.2000,50.2100,51,7,15,38,38,8,13,20,22,13
SZ,002383,2017-01-03 09:47:51,50.1500,1,40120.0000,8,B,50.1500,50.1000,50.0800,50.0500,50.0400,50.1600,50.1900,50.2000,50.2100,50.2400,21,51,7,15,38,13,20,22,13,18
SZ,002383,2017-01-03 09:48:00,50.1600,1,50160.0000,10,B,50.1500,50.1000,50.0800,50.0500,50.0400,50.1600,50.1900,50.2000,50.2100,50.2400,21,51,7,15,38,3,20,22,13,18
SZ,002383,2017-01-03 09:48:03,50.1500,1,10030.0000,2,S,50.1500,50.1000,50.0800,50.0500,50.0400,50.1600,50.1900,50.2000,50.2100,50.2400,19,51,7,15,38,3,20,22,13,18
SZ,002383,2017-01-03 09:48:09,50.1500,2,25078.0000,5,S,50.1500,50.1000,50.0800,50.0500,50.0400,50.1900,50.2000,50.2100,50.2400,50.2500,17,51,7,15,38,20,22,13,18,8
SZ,002383,2017-01-03 09:48:12,50.1500,1,25075.0000,5,S,50.1500,50.1000,50.0800,50.0500,50.0400,50.1900,50.2000,50.2100,50.2400,50.2500,12,51,7,15,38,20,22,13,18,8
SZ,002383,2017-01-03 09:48:15,50.1600,1,5016.0000,1,B,50.1600,50.1500,50.1000,50.0800,50.0500,50.1900,50.2000,50.2100,50.2400,50.2500,1,12,51,7,15,20,22,13,18,8
SZ,002383,2017-01-03 09:48:18,50.2000,6,210820.0000,42,B,50.2000,50.1600,50.1500,50.1000,50.0800,50.2100,50.2400,50.2500,50.2700,50.3000,8,1,12,51,7,13,18,8,6,35
SZ,002383,2017-01-03 09:48:27,50.2000,1,20080.0000,4,S,50.2000,50.1500,50.1000,50.0800,50.0500,50.2100,50.2400,50.2500,50.2700,50.3000,4,12,51,6,15,13,18,18,6,35
SZ,002383,2017-01-03 09:48:30,50.2000,1,20080.0000,4,S,50.1500,50.1000,50.0800,50.0500,50.0400,50.2000,50.2100,50.2400,50.2500,50.2700,12,51,6,15,38,6,13,18,18,6
SZ,002383,2017-01-03 09:48:51,50.1600,2,55206.0000,11,S,50.1500,50.1000,50.0800,50.0500,50.0400,50.2000,50.2100,50.2400,50.2500,50.2700,50,51,6,15,38,6,13,18,16,6
SZ,002383,2017-01-03 09:48:54,50.2000,1,5020.0000,1,B,50.1500,50.1000,50.0800,50.0500,50.0400,50.2000,50.2100,50.2400,50.2500,50.2700,50,51,6,15,38,5,13,18,16,6
SZ,002383,2017-01-03 09:48:57,50.1500,1,50150.0000,10,S,50.1500,50.1000,50.0800,50.0500,50.0400,50.2000,50.2100,50.2400,50.2500,50.2700,40,51,6,15,38,5,13,18,16,6
SZ,002383,2017-01-03 09:49:30,50.1500,2,50150.0000,10,S,50.1500,50.1000,50.0800,50.0500,50.0400,50.1700,50.1900,50.2000,50.2100,50.2200,30,51,6,15,38,1,1,15,13,10
SZ,002383,2017-01-03 09:49:36,50.1500,1,50150.0000,10,S,50.1500,50.1000,50.0800,50.0500,50.0400,50.1700,50.1900,50.2000,50.2100,50.2200,20,51,6,15,38,1,1,16,13,10
SZ,002383,2017-01-03 09:49:54,50.1500,2,105317.0000,21,S,50.1000,50.0800,50.0500,50.0400,50.0100,50.1500,50.1900,50.2000,50.2100,50.2200,51,6,15,38,8,100,1,36,13,10
SZ,002383,2017-01-03 09:50:09,50.1000,1,230460.0000,46,S,50.1000,50.0800,50.0500,50.0400,50.0100,50.1400,50.1500,50.1900,50.2000,50.2100,6,6,15,38,8,18,73,1,36,13
SZ,002383,2017-01-03 09:50:15,50.1400,4,70172.0000,14,B,50.0800,50.0500,50.0400,50.0100,50.0000,50.1400,50.1900,50.2000,50.2100,50.2200,6,15,38,8,3,10,1,36,13,10
SZ,002383,2017-01-03 09:50:18,50.1000,1,50100.0000,10,S,50.0800,50.0500,50.0400,50.0100,50.0000,50.1000,50.1400,50.1900,50.2000,50.2100,6,15,38,8,3,10,10,1,37,13
SZ,002383,2017-01-03 09:50:21,50.1000,2,35070.0000,7,B,50.0800,50.0500,50.0400,50.0100,50.0000,50.1000,50.1400,50.2000,50.2100,50.2200,6,15,38,8,3,3,10,37,13,10
SZ,002383,2017-01-03 09:50:27,50.0400,4,135147.0000,27,S,50.0400,50.0100,50.0000,49.9800,49.9200,50.1000,50.2000,50.2100,50.2200,50.2400,32,8,3,2,9,3,37,13,10,18
SZ,002383,2017-01-03 09:50:30,50.0400,1,10008.0000,2,S,50.0400,50.0100,50.0000,49.9800,49.9200,50.1000,50.2000,50.2100,50.2200,50.2400,30,8,3,2,9,3,37,13,10,18
SZ,002383,2017-01-03 09:50:33,50.2100,8,271053.0000,54,B,50.0400,50.0100,50.0000,49.9800,49.9200,50.2200,50.2400,50.2500,50.2700,50.2900,30,8,3,2,9,10,18,11,4,3
SZ,002383,2017-01-03 09:50:42,50.0400,1,150120.0000,30,S,50.0100,50.0000,49.9800,49.9200,49.9000,50.0400,50.0600,50.2200,50.2400,50.2500,8,3,2,9,10,43,13,10,18,11
SZ,002383,2017-01-03 09:50:57,50.0100,3,50012.0000,10,S,50.0000,49.9800,49.9200,49.9000,49.8100,50.0100,50.0400,50.0600,50.2000,50.2100,3,2,9,10,10,13,43,13,6,3
SZ,002383,2017-01-03 09:51:03,50.0100,1,10002.0000,2,B,50.0000,49.9800,49.9200,49.9000,49.8100,50.0100,50.2000,50.2100,50.2200,50.2400,3,2,9,10,10,11,6,4,10,18
SZ,002383,2017-01-03 09:51:12,50.0100,4,80003.0000,16,B,49.9800,49.9200,49.9000,49.8100,49.8000,50.0000,50.0100,50.0300,50.2000,50.2100,2,9,10,10,26,3,8,1,6,4
SZ,002383,2017-01-03 09:51:24,49.9800,1,9996.0000,2,S,49.9200,49.9000,49.8200,49.8100,49.8000,49.9800,50.0000,50.0300,50.2000,50.2100,9,10,25,10,26,6,3,1,6,14
SZ,002383,2017-01-03 09:51:36,49.9200,1,39936.0000,8,S,49.9200,49.9000,49.8200,49.8100,49.8000,49.9800,50.0000,50.0300,50.1500,50.2000,1,10,25,10,26,8,3,1,20,6
SZ,002383,2017-01-03 09:52:00,49.9500,1,24975.0000,5,S,49.9200,49.9000,49.8200,49.8100,49.8000,50.0000,50.1400,50.1500,50.1900,50.2000,2,10,25,10,26,1,9,20,9,6
SZ,002383,2017-01-03 09:52:15,49.9200,3,39936.0000,8,S,49.9200,49.9000,49.8200,49.8100,49.8000,49.9500,50.0000,50.1300,50.1400,50.1500,4,10,25,10,24,5,4,10,9,20
SZ,002383,2017-01-03 09:52:21,49.9500,2,14985.0000,3,B,49.9200,49.9000,49.8200,49.8100,49.8000,49.9500,50.0000,50.1300,50.1400,50.1500,4,10,25,10,24,2,4,10,9,20
SZ,002383,2017-01-03 09:52:24,49.9000,2,29948.0000,6,S,49.9000,49.8200,49.8100,49.8000,49.7600,49.9100,49.9500,50.0000,50.1300,50.1400,8,25,10,24,6,2,2,4,10,9
SZ,002383,2017-01-03 09:52:39,49.9000,3,49906.0000,10,S,49.9100,49.9000,49.8500,49.8200,49.8100,49.9500,50.0000,50.1300,50.1400,50.1500,1,4,5,25,10,2,4,10,9,20
SZ,002383,2017-01-03 09:52:45,49.9300,1,14979.0000,3,B,49.9100,49.9000,49.8500,49.8200,49.8100,49.9500,50.0000,50.1300,50.1400,50.1500,1,4,5,25,10,2,4,10,9,20
SZ,002383,2017-01-03 09:52:51,49.9000,2,19961.0000,4,S,49.9000,49.8500,49.8200,49.8100,49.8000,49.9500,50.0000,50.1300,50.1400,50.1500,3,5,25,10,24,2,4,10,9,20
SZ,002383,2017-01-03 09:53:09,49.9500,3,19978.0000,4,B,49.9500,49.9100,49.9000,49.8500,49.8200,50.0000,50.1300,50.1400,50.1500,50.1900,21,5,3,5,25,4,10,9,20,9
SZ,002383,2017-01-03 09:53:21,50.0000,2,15000.0000,3,B,49.9800,49.9500,49.9100,49.9000,49.8500,50.0000,50.1200,50.1300,50.1400,50.1500,34,21,6,3,5,1,1,10,9,20
SZ,002383,2017-01-03 09:53:24,49.9500,2,269832.0000,54,S,49.9500,49.9100,49.9000,49.8500,49.8200,50.0000,50.1200,50.1300,50.1400,50.1500,1,6,3,5,25,1,1,10,9,20
SZ,002383,2017-01-03 09:53:42,49.9500,1,4995.0000,1,S,49.9100,49.9000,49.8500,49.8200,49.8100,49.9500,49.9800,50.0000,50.1100,50.1200,1,3,5,25,10,9,21,1,3,1
SZ,002383,2017-01-03 09:53:45,49.9500,1,24975.0000,5,B,49.9100,49.9000,49.8500,49.8200,49.8100,49.9500,49.9800,50.0000,50.1100,50.1200,1,3,5,25,10,4,21,1,3,1
SZ,002383,2017-01-03 09:54:06,49.9300,1,39944.0000,8,S,49.9300,49.9100,49.9000,49.8600,49.8500,49.9800,50.0000,50.1100,50.1200,50.1300,2,1,3,1,10,21,1,3,1,10
SZ,002383,2017-01-03 09:54:18,49.9300,2,14980.0000,3,S,49.9100,49.9000,49.8600,49.8500,49.8200,49.9300,49.9500,49.9800,50.0000,50.1100,1,3,1,10,25,3,21,21,1,3
SZ,002383,2017-01-03 09:54:27,49.9000,3,19961.0000,4,S,49.8600,49.8500,49.8200,49.8100,49.8000,49.9000,49.9300,49.9500,49.9800,50.0000,1,10,25,10,24,3,3,21,21,1
SZ,002383,2017-01-03 09:54:33,49.9000,1,9980.0000,2,B,49.8600,49.8500,49.8200,49.8100,49.8000,49.9000,49.9300,49.9500,49.9800,50.0000,1,10,25,10,24,1,3,21,21,1
SZ,002383,2017-01-03 09:54:39,49.8500,3,49851.0000,10,S,49.8500,49.8200,49.8100,49.8000,49.7600,49.9000,49.9300,49.9500,49.9800,50.0000,1,25,10,24,6,1,3,21,21,1
SZ,002383,2017-01-03 09:54:42,49.8500,1,4985.0000,1,S,49.8200,49.8100,49.8000,49.7600,49.7100,49.8500,49.9000,49.9300,49.9500,49.9800,25,10,24,6,6,3,1,3,21,21
SZ,002383,2017-01-03 09:54:45,49.9000,2,19945.0000,4,B,49.9000,49.8200,49.8100,49.8000,49.7600,49.9300,49.9500,49.9800,50.0000,50.1100,6,25,10,24,6,3,21,21,1,9
SZ,002383,2017-01-03 09:54:54,49.9000,1,29940.0000,6,S,49.8300,49.8200,49.8100,49.8000,49.7600,49.8500,49.9000,49.9300,49.9500,49.9800,5,33,10,24,6,39,54,3,21,21
SZ,002383,2017-01-03 09:55:03,49.8500,1,4985.0000,1,B,49.8300,49.8200,49.8100,49.8000,49.7600,49.8500,49.9000,49.9300,49.9500,49.9800,5,33,10,24,6,38,54,28,21,21
SZ,002383,2017-01-03 09:55:06,49.8300,1,4983.0000,1,S,49.8300,49.8200,49.8100,49.8000,49.7600,49.8500,49.9000,49.9300,49.9500,49.9800,4,33,10,24,6,38,54,28,21,21
SZ,002383,2017-01-03 09:55:15,49.8300,1,19932.0000,4,S,49.8200,49.8100,49.8000,49.7600,49.7100,49.8300,49.8500,49.9300,49.9500,49.9800,33,10,24,6,6,5,38,28,21,21
SZ,002383,2017-01-03 09:55:24,49.8200,3,149460.0000,30,S,49.8200,49.8100,49.8000,49.7600,49.7100,49.8300,49.8500,49.9300,49.9500,49.9800,3,10,24,6,6,26,38,28,21,21
SZ,002383,2017-01-03 09:55:27,49.8300,2,49830.0000,10,B,49.8200,49.8100,49.8000,49.7600,49.7100,49.8300,49.8500,49.9300,49.9500,49.9800,3,10,24,6,6,16,38,28,21,21
SZ,002383,2017-01-03 09:55:39,49.8200,1,14946.0000,3,S,49.8100,49.8000,49.7600,49.7100,49.7000,49.8200,49.8300,49.8500,49.9300,49.9500,11,24,6,11,6,51,14,38,28,21
SZ,002383,2017-01-03 09:55:48,49.8100,2,49810.0000,10,S,49.8000,49.7600,49.7100,49.7000,49.6600,49.8100,49.8200,49.8300,49.8500,49.9300,22,6,11,6,1,21,51,14,38,28
SZ,002383,2017-01-03 09:55:51,49.8100,4,114541.0000,23,B,49.7600,49.7100,49.7000,49.6600,49.6100,49.8100,49.8200,49.8300,49.8500,49.9300,6,11,6,1,11,37,51,14,38,28
SZ,002383,2017-01-03 09:55:54,49.7600,1,29856.0000,6,S,49.7100,49.7000,49.6600,49.6100,49.6000,49.8100,49.8200,49.8300,49.8500,49.9300,11,6,1,11,3,20,56,14,38,28
SZ,002383,2017-01-03 09:56:03,49.7100,1,24855.0000,5,S,49.7100,49.7000,49.6600,49.6100,49.6000,49.8100,49.8200,49.8300,49.8500,49.9300,6,6,1,11,3,25,5,14,38,28
SZ,002383,2017-01-03 09:56:09,49.7100,3,34797.0000,7,S,49.7000,49.6600,49.6300,49.6100,49.6000,49.7100,49.7400,49.7600,49.8000,49.8100,6,1,2,11,3,15,10,64,9,25
SZ,002383,2017-01-03 09:56:12,49.7000,1,29820.0000,6,S,49.6600,49.6300,49.6100,49.6000,49.5800,49.7000,49.7100,49.7400,49.7600,49.8000,1,2,11,3,5,17,15,10,64,9
SZ,002383,2017-01-03 09:56:30,49.6600,2,9932.0000,2,S,49.6300,49.6200,49.6100,49.6000,49.5800,49.6600,49.6800,49.7000,49.7100,49.8000,12,6,12,10,5,9,10,7,7,9
SZ,002383,2017-01-03 09:56:36,49.6300,2,34741.0000,7,S,49.6300,49.6200,49.6100,49.6000,49.5800,49.6600,49.6800,49.7000,49.7100,49.8000,5,6,12,10,5,77,10,7,7,9
SZ,002383,2017-01-03 09:56:42,49.6600,1,4966.0000,1,B,49.6400,49.6300,49.6200,49.6100,49.6000,49.6600,49.7000,49.7100,49.8000,49.8100,2,5,11,12,10,76,6,7,9,20
SZ,002383,2017-01-03 09:56:51,49.6600,5,59561.0000,12,B,49.6300,49.6200,49.6100,49.6000,49.5800,49.6600,49.7000,49.7100,49.8000,49.8100,2,8,12,10,5,74,6,7,9,20
SZ,002383,2017-01-03 09:56:57,49.6600,4,34750.0000,7,B,49.6400,49.6300,49.6200,49.6100,49.6000,49.6600,49.7000,49.7100,49.8000,49.8100,2,2,8,12,10,71,6,7,9,20
SZ,002383,2017-01-03 09:57:06,49.6600,1,4966.0000,1,B,49.6400,49.6300,49.6200,49.6100,49.6000,49.6600,49.7000,49.7100,49.8000,49.8100,4,2,8,12,10,70,6,7,9,20
SZ,002383,2017-01-03 09:57:15,49.6500,1,9930.0000,2,B,49.6400,49.6300,49.6200,49.6100,49.6000,49.6500,49.6600,49.7000,49.7100,49.8000,4,2,8,12,10,19,70,6,7,9
SZ,002383,2017-01-03 09:57:21,49.6500,1,9930.0000,2,B,49.6400,49.6300,49.6200,49.6100,49.6000,49.6500,49.6600,49.7100,49.8000,49.8100,8,2,8,12,10,19,70,7,9,20
SZ,002383,2017-01-03 09:57:24,49.6400,4,79436.0000,16,S,49.6400,49.6300,49.6200,49.6100,49.6000,49.6500,49.6600,49.7100,49.8000,49.8100,4,2,8,12,10,7,70,7,9,20
SZ,002383,2017-01-03 09:57:30,49.6400,2,29784.0000,6,S,49.6300,49.6200,49.6100,49.6000,49.5800,49.6400,49.6500,49.6600,49.7100,49.8000,2,8,12,10,5,4,7,70,7,9
SZ,002383,2017-01-03 09:57:36,49.6400,1,9928.0000,2,B,49.6300,49.6200,49.6100,49.6000,49.5800,49.6400,49.6500,49.6600,49.8000,49.8100,2,8,12,3,5,6,7,70,9,20
SZ,002383,2017-01-03 09:57:45,49.6400,2,24820.0000,5,B,49.6300,49.6200,49.6100,49.6000,49.5800,49.6400,49.6500,49.6600,49.8000,49.8100,5,8,12,3,5,1,2,70,9,20
SZ,002383,2017-01-03 09:57:48,49.6500,2,14894.0000,3,B,49.6500,49.6400,49.6300,49.6200,49.6100,49.6600,49.8000,49.8100,49.8200,49.8300,2,2,5,8,12,70,9,20,5,14
SZ,002383,2017-01-03 09:58:00,49.6600,1,9932.0000,2,B,49.6500,49.6400,49.6300,49.6200,49.6100,49.6600,49.8000,49.8100,49.8200,49.8300,2,2,2,8,12,68,9,20,5,11
SZ,002383,2017-01-03 09:58:03,49.6500,2,19860.0000,4,S,49.6400,49.6300,49.6200,49.6100,49.6000,49.6500,49.6600,49.8000,49.8100,49.8200,2,2,8,12,3,1,68,9,20,5
SZ,002383,2017-01-03 09:58:06,49.6400,4,34753.0000,7,S,49.6300,49.6200,49.6100,49.6000,49.5800,49.6400,49.6600,49.8000,49.8100,49.8200,2,8,12,3,5,6,66,9,20,5
SZ,002383,2017-01-03 09:58:18,49.6400,2,29784.0000,6,B,49.6300,49.6200,49.6100,49.6000,49.5700,49.6400,49.6600,49.8000,49.8100,49.8300,2,13,11,3,1,12,66,9,20,11
SZ,002383,2017-01-03 09:58:21,49.6300,1,9926.0000,2,S,49.6200,49.6100,49.6000,49.5700,49.5100,49.6300,49.6400,49.6600,49.8000,49.8100,13,11,3,1,28,37,12,66,9,20
SZ,002383,2017-01-03 09:58:30,49.6300,1,9926.0000,2,B,49.6200,49.6100,49.6000,49.5700,49.5100,49.6300,49.6400,49.6600,49.8000,49.8100,13,11,3,1,28,43,12,66,9,20
SZ,002383,2017-01-03 09:58:33,49.6200,1,14886.0000,3,S,49.6200,49.6100,49.6000,49.5700,49.5100,49.6300,49.6400,49.6600,49.8000,49.8100,10,11,3,1,28,43,12,66,9,20
SZ,002383,2017-01-03 09:58:39,49.6300,4,208446.0000,42,B,49.6200,49.6100,49.6000,49.5700,49.5100,49.6300,49.6400,49.6600,49.8000,49.8100,10,11,9,1,28,1,12,66,9,20
SZ,002383,2017-01-03 09:58:42,49.6300,1,4963.0000,1,B,49.6300,49.6200,49.6100,49.6000,49.5700,49.6400,49.6600,49.8000,49.8100,49.8300,2,10,11,9,1,12,66,9,20,11
SZ,002383,2017-01-03 09:58:57,49.6400,1,9928.0000,2,B,49.6300,49.6200,49.6100,49.6000,49.5700,49.6400,49.6600,49.8000,49.8100,49.8300,11,10,11,8,1,10,66,9,20,11
SZ,002383,2017-01-03 09:59:00,49.6400,1,9928.0000,2,B,49.6300,49.6200,49.6100,49.6000,49.5700,49.6400,49.6600,49.8000,49.8100,49.8300,11,10,11,8,1,8,66,9,20,11
SZ,002383,2017-01-03 09:59:03,49.6300,1,24815.0000,5,S,49.6300,49.6200,49.6100,49.6000,49.5700,49.6400,49.6600,49.8000,49.8100,49.8300,6,10,11,8,1,8,66,9,20,11
SZ,002383,2017-01-03 09:59:06,49.6000,8,173649.0000,35,S,49.5700,49.5200,49.5100,49.5000,49.4900,49.6000,49.6400,49.6600,49.8000,49.8100,1,1,28,35,1,16,8,66,9,20
SZ,002383,2017-01-03 09:59:09,49.6000,1,29760.0000,6,B,49.5700,49.5200,49.5100,49.5000,49.4900,49.6000,49.6400,49.6600,49.8000,49.8100,1,1,28,35,1,10,8,66,9,20
SZ,002383,2017-01-03 09:59:12,49.6000,1,24800.0000,5,B,49.5700,49.5200,49.5100,49.5000,49.4900,49.6000,49.6400,49.6600,49.8000,49.8100,1,1,28,35,1,5,8,66,9,20
SZ,002383,2017-01-03 09:59:18,49.6000,1,24800.0000,5,B,49.5800,49.5700,49.5200,49.5100,49.5000,49.6300,49.6400,49.6600,49.8000,49.8100,1,1,6,28,35,5,8,66,9,20
SZ,002383,2017-01-03 09:59:21,49.5700,2,9915.0000,2,S,49.5200,49.5100,49.5000,49.4900,49.4500,49.5700,49.6300,49.6400,49.6600,49.8000,6,28,35,1,1,19,5,8,66,9
SZ,002383,2017-01-03 09:59:27,49.5100,5,143708.0000,29,S,49.5100,49.5000,49.4900,49.4500,49.3300,49.6300,49.6400,49.6600,49.8000,49.8100,25,37,1,1,3,5,8,66,9,20
SZ,002383,2017-01-03 09:59:30,49.5700,1,4957.0000,1,B,49.5100,49.5000,49.4900,49.4500,49.3300,49.6300,49.6400,49.6600,49.8000,49.8100,12,37,1,1,3,5,8,66,9,20
SZ,002383,2017-01-03 09:59:36,49.5100,1,24755.0000,5,S,49.5100,49.5000,49.4900,49.4500,49.3300,49.5200,49.6300,49.6400,49.6600,49.7900,23,39,1,1,3,1,5,8,66,6
SZ,002383,2017-01-03 09:59:39,49.5200,1,4952.0000,1,B,49.5300,49.5200,49.5100,49.5000,49.4900,49.6300,49.6400,49.6600,49.7900,49.8000,5,4,23,39,1,5,8,66,6,9
SZ,002383,2017-01-03 09:59:48,49.5300,1,9906.0000,2,S,49.5300,49.5200,49.5100,49.5000,49.4900,49.6300,49.6400,49.6600,49.7900,49.8000,3,4,23,39,1,7,8,66,6,9
SZ,002383,2017-01-03 09:59:51,49.5300,1,14859.0000,3,S,49.5200,49.5100,49.5000,49.4900,49.4500,49.5300,49.6300,49.6400,49.6600,49.7900,5,33,39,1,1,4,7,8,66,6
SZ,002383,2017-01-03 10:00:03,49.5300,2,14857.0000,3,B,49.5200,49.5100,49.5000,49.4900,49.4500,49.5300,49.6300,49.6400,49.6600,49.7900,2,33,39,1,1,13,7,8,66,6
SZ,002383,2017-01-03 10:00:06,49.5200,1,4952.0000,1,S,49.5200,49.5100,49.5000,49.4900,49.4500,49.5300,49.6300,49.6400,49.6600,49.7900,1,33,69,1,1,13,7,8,66,6
SZ,002383,2017-01-03 10:00:09,49.5200,1,4952.0000,1,S,49.5100,49.5000,49.4900,49.4500,49.3600,49.5300,49.6300,49.6400,49.6600,49.7900,33,69,1,1,2,13,7,8,66,6
SZ,002383,2017-01-03 10:00:15,49.5100,2,9902.0000,2,S,49.5100,49.5000,49.4900,49.4500,49.3600,49.5300,49.6300,49.6400,49.6600,49.7900,31,64,1,1,2,13,7,8,66,6
SZ,002383,2017-01-03 10:00:18,49.5100,2,39608.0000,8,S,49.5100,49.5000,49.4900,49.4500,49.3600,49.5300,49.6300,49.6400,49.6600,49.7900,23,64,1,1,2,13,7,8,66,6
SZ,002383,2017-01-03 10:00:21,49.5100,1,49510.0000,10,S,49.5100,49.5000,49.4900,49.4500,49.3600,49.5300,49.6300,49.6400,49.6600,49.7900,13,64,1,1,2,13,2,8,66,6
SZ,002383,2017-01-03 10:00:24,49.5300,3,69340.0000,14,B,49.5100,49.5000,49.4900,49.4500,49.3600,49.6300,49.6400,49.6600,49.7900,49.8000,12,64,1,1,2,2,8,66,6,9
SZ,002383,2017-01-03 10:00:30,49.5100,4,49522.0000,10,S,49.5100,49.5000,49.4900,49.4500,49.3600,49.5300,49.6300,49.6400,49.6600,49.7900,8,75,1,1,2,2,2,8,66,6
SZ,002383,2017-01-03 10:00:39,49.5300,1,9906.0000,2,B,49.5400,49.5300,49.5100,49.5000,49.4900,49.6300,49.6400,49.6600,49.7900,49.8000,8,8,8,45,1,2,8,2,6,9
SZ,002383,2017-01-03 10:00:51,49.5400,1,9908.0000,2,S,49.5500,49.5400,49.5300,49.5100,49.5000,49.6300,49.6400,49.6600,49.7900,49.8000,1,6,12,31,45,2,8,2,6,9
SZ,002383,2017-01-03 10:00:54,49.5000,11,316896.0000,64,S,49.5000,49.4900,49.4500,49.3600,49.3300,49.6300,49.6400,49.6600,49.7900,49.8000,31,1,1,2,16,2,8,2,6,9
SZ,002383,2017-01-03 10:00:57,49.5400,1,94126.0000,19,B,49.5400,49.5000,49.4900,49.4500,49.3600,49.5500,49.6300,49.6400,49.6600,49.7900,11,31,1,1,2,1,2,8,2,6
SZ,002383,2017-01-03 10:01:03,49.5500,2,14863.0000,3,B,49.5500,49.5400,49.5100,49.5000,49.4900,49.6300,49.6400,49.6600,49.7900,49.8000,4,9,1,29,1,2,8,2,6,9
SZ,002383,2017-01-03 10:01:09,49.5500,1,9910.0000,2,S,49.5500,49.5400,49.5100,49.5000,49.4900,49.6300,49.6400,49.6600,49.7900,49.8000,2,12,1,30,1,2,8,2,6,9
SZ,002383,2017-01-03 10:01:15,49.5500,1,9910.0000,2,S,49.5400,49.5100,49.5000,49.4900,49.4500,49.6300,49.6400,49.6600,49.7900,49.8000,12,11,31,1,1,2,8,2,6,9
SZ,002383,2017-01-03 10:01:21,49.6300,3,34723.0000,7,B,49.5400,49.5100,49.5000,49.4900,49.4500,49.6400,49.6600,49.7900,49.8000,49.8100,10,11,31,1,1,8,2,6,9,28
SZ,002383,2017-01-03 10:01:27,49.6300,2,9926.0000,2,S,49.6300,49.5500,49.5400,49.5100,49.5000,49.6400,49.6600,49.7900,49.8000,49.8100,3,1,10,11,31,8,2,6,9,28
SZ,002383,2017-01-03 10:01:39,49.6300,4,64524.0000,13,S,49.5500,49.5400,49.5100,49.5000,49.4900,49.6300,49.6400,49.6600,49.7900,49.8000,1,10,11,30,1,19,3,2,6,9
SZ,002383,2017-01-03 10:01:42,49.6300,2,34741.0000,7,B,49.5500,49.5400,49.5100,49.5000,49.4900,49.6300,49.6400,49.6600,49.7900,49.8000,1,10,11,30,1,14,3,2,6,9
SZ,002383,2017-01-03 10:01:51,49.5500,1,4955.0000,1,S,49.5400,49.5100,49.5000,49.4900,49.4500,49.6300,49.6400,49.6600,49.7900,49.8000,10,11,30,1,3,16,3,2,6,9
SZ,002383,2017-01-03 10:02:00,49.5600,1,9912.0000,2,S,49.5400,49.5100,49.5000,49.4900,49.4500,49.6200,49.6300,49.6400,49.6600,49.7900,3,11,30,1,3,1,16,3,2,6
SZ,002383,2017-01-03 10:02:09,49.5500,1,4955.0000,1,S,49.5500,49.5400,49.5300,49.5100,49.5000,49.5600,49.6200,49.6300,49.6600,49.7900,2,3,10,11,31,1,1,14,2,6
SZ,002383,2017-01-03 10:02:12,49.5600,1,4956.0000,1,B,49.5500,49.5400,49.5300,49.5200,49.5100,49.6200,49.6300,49.6600,49.7900,49.8000,9,3,13,5,11,1,14,2,6,9
SZ,002383,2017-01-03 10:02:18,49.5600,1,24780.0000,5,S,49.5600,49.5500,49.5400,49.5300,49.5200,49.6200,49.6300,49.6600,49.7900,49.8000,2,9,3,13,5,1,16,2,6,9
SZ,002383,2017-01-03 10:02:24,49.5600,1,9912.0000,2,S,49.5600,49.5500,49.5400,49.5300,49.5200,49.6200,49.6300,49.6600,49.7900,49.8000,1,9,3,13,15,3,16,2,6,9
SZ,002383,2017-01-03 10:02:27,49.5600,2,9912.0000,2,S,49.5500,49.5400,49.5300,49.5200,49.5100,49.6200,49.6300,49.6600,49.7900,49.8000,2,3,13,15,11,3,16,2,6,9
SZ,002383,2017-01-03 10:02:51,49.5700,1,4957.0000,1,S,49.5700,49.5600,49.5500,49.5400,49.5300,49.6200,49.6300,49.6600,49.7900,49.8000,6,4,7,28,13,3,16,2,6,9
SZ,002383,2017-01-03 10:03:00,49.6000,1,9920.0000,2,S,49.5600,49.5500,49.5400,49.5300,49.5200,49.6200,49.6300,49.6600,49.7900,49.8000,4,7,3,13,10,3,16,2,6,9
SZ,002383,2017-01-03 10:03:06,49.6200,1,4962.0000,1,B,49.5600,49.5500,49.5400,49.5300,49.5200,49.6200,49.6300,49.6600,49.7900,49.8000,4,7,3,13,10,2,16,2,6,9
SZ,002383,2017-01-03 10:03:09,49.6200,1,4962.0000,1,B,49.5600,49.5500,49.5400,49.5300,49.5200,49.6200,49.6300,49.6600,49.7900,49.8000,4,7,3,13,10,1,16,2,6,9
SZ,002383,2017-01-03 10:03:15,49.6300,5,124074.0000,25,B,49.5600,49.5500,49.5400,49.5300,49.5200,49.6300,49.6600,49.7900,49.8000,49.8100,5,7,3,13,10,2,2,6,9,28
SZ,002383,2017-01-03 10:03:21,49.5300,9,143693.0000,29,S,49.5300,49.5200,49.5100,49.5000,49.4900,49.6300,49.6600,49.7900,49.8000,49.8100,6,11,11,30,1,4,2,6,9,28
SZ,002383,2017-01-03 10:03:24,49.6300,2,19852.0000,4,B,49.6300,49.5300,49.5200,49.5100,49.5000,49.6600,49.7900,49.8000,49.8100,49.8300,2,6,11,11,30,2,6,9,28,11
SZ,002383,2017-01-03 10:03:39,49.6300,1,9926.0000,2,S,49.6300,49.5300,49.5200,49.5100,49.5000,49.6500,49.6600,49.7900,49.8000,49.8100,4,6,11,11,30,2,2,6,9,28
SZ,002383,2017-01-03 10:03:45,49.6300,3,34747.0000,7,S,49.5300,49.5200,49.5100,49.5000,49.4900,49.6300,49.6500,49.6600,49.7900,49.8000,6,11,11,30,1,1,160,2,6,9
SZ,002383,2017-01-03 10:03:48,49.6500,2,9928.0000,2,B,49.5300,49.5200,49.5100,49.5000,49.4900,49.6500,49.6600,49.7900,49.8000,49.8100,6,11,11,30,1,159,2,6,9,28
SZ,002383,2017-01-03 10:04:00,49.6500,4,29784.0000,6,B,49.5500,49.5300,49.5200,49.5100,49.5000,49.6500,49.6600,49.7900,49.8000,49.8100,2,7,11,11,30,156,2,6,9,28
SZ,002383,2017-01-03 10:04:06,49.5500,1,9910.0000,2,S,49.5300,49.5200,49.5100,49.5000,49.4900,49.6500,49.6600,49.7900,49.8000,49.8100,7,11,11,30,1,156,2,6,9,28
SZ,002383,2017-01-03 10:04:51,49.5500,1,14865.0000,3,B,49.5300,49.5200,49.5100,49.5000,49.4900,49.6100,49.6200,49.6300,49.6500,49.6600,17,10,11,30,1,11,2,2,156,2
SZ,002383,2017-01-03 10:05:00,49.5500,1,4955.0000,1,S,49.5500,49.5300,49.5200,49.5100,49.5000,49.6100,49.6200,49.6300,49.6500,49.6600,1,17,10,11,30,12,2,2,156,2
SZ,002383,2017-01-03 10:05:36,49.5500,2,9910.0000,2,S,49.5500,49.5300,49.5200,49.5100,49.5000,49.6000,49.6100,49.6200,49.6500,49.6600,2,17,10,13,30,34,3,30,156,2
SZ,002383,2017-01-03 10:05:48,49.5500,1,4955.0000,1,S,49.5500,49.5300,49.5200,49.5100,49.5000,49.5900,49.6000,49.6100,49.6200,49.6500,1,17,10,13,30,2,34,3,30,156
SZ,002383,2017-01-03 10:06:00,49.5500,4,49550.0000,10,S,49.5300,49.5200,49.5100,49.5000,49.4900,49.5900,49.6000,49.6100,49.6200,49.6500,18,10,13,30,1,2,34,3,30,156
SZ,002383,2017-01-03 10:06:03,49.5300,1,4953.0000,1,S,49.5300,49.5200,49.5100,49.5000,49.4900,49.5900,49.6000,49.6100,49.6200,49.6500,17,10,13,30,1,2,34,3,30,156
SZ,002383,2017-01-03 10:06:06,49.5300,1,9906.0000,2,S,49.5300,49.5200,49.5100,49.5000,49.4900,49.5900,49.6000,49.6100,49.6200,49.6500,15,10,12,30,1,62,34,3,30,156
SZ,002383,2017-01-03 10:06:09,49.5300,4,49530.0000,10,S,49.5600,49.5300,49.5200,49.5100,49.5000,49.5900,49.6000,49.6100,49.6200,49.6500,3,5,10,12,30,62,34,3,30,156
SZ,002383,2017-01-03 10:06:12,49.5300,2,19821.0000,4,S,49.5300,49.5200,49.5100,49.5000,49.4900,49.5600,49.5900,49.6000,49.6100,49.6200,4,10,12,30,1,1,62,34,3,30
SZ,002383,2017-01-03 10:06:15,49.5900,5,34686.0000,7,B,49.5200,49.5100,49.5000,49.4900,49.4500,49.5900,49.6000,49.6100,49.6200,49.6500,10,12,30,1,3,60,34,3,30,156
SZ,002383,2017-01-03 10:06:21,49.5600,3,19818.0000,4,B,49.5600,49.5200,49.5100,49.5000,49.4900,49.5700,49.5900,49.6000,49.6100,49.6200,2,10,12,30,1,30,60,34,3,30
SZ,002383,2017-01-03 10:06:24,49.5600,1,9912.0000,2,S,49.5200,49.5100,49.5000,49.4900,49.4500,49.5700,49.5900,49.6000,49.6100,49.6200,10,12,30,1,3,30,60,34,3,30
SZ,002383,2017-01-03 10:06:27,49.5200,1,49520.0000,10,S,49.5100,49.5000,49.4900,49.4500,49.3600,49.5200,49.5600,49.5700,49.5900,49.6000,12,30,1,3,7,2,2,30,60,34
SZ,002383,2017-01-03 10:06:36,49.5100,1,9902.0000,2,S,49.5100,49.5000,49.4900,49.4500,49.3600,49.5600,49.5700,49.5900,49.6000,49.6100,10,30,1,3,7,2,30,60,34,3
SZ,002383,2017-01-03 10:06:39,49.5100,2,34659.0000,7,S,49.5200,49.5100,49.5000,49.4900,49.4500,49.5600,49.5700,49.5900,49.6000,49.6100,1,5,30,1,3,2,30,60,34,3
SZ,002383,2017-01-03 10:06:42,49.5100,2,9903.0000,2,S,49.5100,49.5000,49.4900,49.4500,49.3600,49.5200,49.5600,49.5700,49.5900,49.6000,4,30,1,3,7,3,11,30,60,34
SZ,002383,2017-01-03 10:06:48,49.5200,1,14856.0000,3,B,49.5200,49.5100,49.5000,49.4900,49.4500,49.5600,49.5700,49.5900,49.6000,49.6100,7,4,30,1,3,11,30,60,34,3
SZ,002383,2017-01-03 10:06:51,49.5200,2,44568.0000,9,S,49.5200,49.5100,49.5000,49.4900,49.4500,49.5600,49.5700,49.5900,49.6000,49.6100,1,5,30,1,3,11,30,60,34,3
SZ,002383,2017-01-03 10:06:54,49.5200,1,4952.0000,1,S,49.5100,49.5000,49.4900,49.4500,49.3600,49.5200,49.5600,49.5700,49.5900,49.6000,5,30,1,3,7,1,11,30,60,34
SZ,002383,2017-01-03 10:07:06,49.5200,1,4952.0000,1,B,49.5300,49.5100,49.5000,49.4900,49.4500,49.5600,49.5700,49.5900,49.6000,49.6100,4,6,30,1,3,21,30,60,34,3
SZ,002383,2017-01-03 10:07:09,49.5100,5,49518.0000,10,S,49.5000,49.4900,49.4500,49.3600,49.3300,49.5100,49.5600,49.5700,49.5900,49.6000,30,1,3,7,16,146,21,30,60,34
SZ,002383,2017-01-03 10:07:12,49.5100,1,14853.0000,3,B,49.5000,49.4900,49.4500,49.3600,49.3300,49.5100,49.5600,49.5700,49.5900,49.6000,30,1,3,7,16,143,21,30,60,34
SZ,002383,2017-01-03 10:07:15,49.5000,1,9900.0000,2,S,49.5000,49.4900,49.4500,49.3600,49.3300,49.5100,49.5600,49.5700,49.5900,49.6000,28,1,3,7,16,143,21,30,60,34
SZ,002383,2017-01-03 10:07:18,49.5100,1,4951.0000,1,B,49.5000,49.4900,49.4500,49.3600,49.3300,49.5100,49.5600,49.5700,49.5900,49.6000,28,1,3,7,16,142,21,30,60,34
SZ,002383,2017-01-03 10:07:24,49.5000,1,9900.0000,2,S,49.5000,49.4900,49.4500,49.3600,49.3300,49.5100,49.5600,49.5700,49.5900,49.6000,26,1,3,7,16,142,12,30,60,34
SZ,002383,2017-01-03 10:07:27,49.5100,1,4951.0000,1,B,49.5000,49.4900,49.4500,49.3600,49.3300,49.5100,49.5600,49.5700,49.5900,49.6000,26,1,3,7,16,141,12,30,60,34
SZ,002383,2017-01-03 10:07:30,49.5000,1,24750.0000,5,S,49.5000,49.4900,49.4500,49.3600,49.3300,49.5100,49.5600,49.5700,49.5900,49.6000,21,1,3,7,16,141,12,30,60,34
SZ,002383,2017-01-03 10:07:33,49.5000,4,34650.0000,7,S,49.5000,49.4900,49.4500,49.3600,49.3300,49.5100,49.5600,49.5700,49.5900,49.6000,14,1,3,7,3,141,2,30,60,34
SZ,002383,2017-01-03 10:07:36,49.5000,3,54450.0000,11,S,49.5000,49.4900,49.4500,49.3600,49.3300,49.5100,49.5600,49.5700,49.5900,49.6000,3,1,3,7,3,141,2,30,60,34
SZ,002383,2017-01-03 10:07:42,49.5000,3,19800.0000,4,S,49.4900,49.4500,49.3600,49.3500,49.3300,49.5000,49.5100,49.5600,49.5700,49.5900,1,3,7,5,3,20,141,2,30,60
SZ,002383,2017-01-03 10:08:03,49.5000,1,34650.0000,7,B,49.4900,49.4500,49.3600,49.3500,49.3300,49.5000,49.5600,49.5700,49.5900,49.6000,1,3,7,5,3,21,2,30,60,34
SZ,002383,2017-01-03 10:08:06,49.5000,1,4950.0000,1,B,49.4900,49.4500,49.3600,49.3500,49.3300,49.5000,49.5600,49.5700,49.5900,49.6000,1,3,7,5,3,20,2,30,60,34
SZ,002383,2017-01-03 10:08:09,49.5000,3,54447.0000,11,B,49.4500,49.3600,49.3500,49.3300,49.3100,49.5000,49.5600,49.5700,49.5900,49.6000,3,7,5,3,6,12,2,30,60,34
SZ,002383,2017-01-03 10:08:24,49.4500,2,14835.0000,3,S,49.3600,49.3500,49.3300,49.3100,49.3000,49.4400,49.4900,49.5000,49.5600,49.5700,7,5,3,6,7,138,11,13,2,30
SZ,002383,2017-01-03 10:08:33,49.3600,1,9872.0000,2,S,49.3600,49.3500,49.3300,49.3100,49.3000,49.4400,49.4500,49.4900,49.5000,49.5600,5,5,3,6,7,138,2,11,13,2
SZ,002383,2017-01-03 10:08:36,49.3600,1,24680.0000,5,S,49.3500,49.3300,49.3100,49.3000,49.2100,49.3600,49.4000,49.4400,49.4500,49.4900,5,3,6,7,3,5,7,138,6,11
SZ,002383,2017-01-03 10:08:42,49.3500,2,24675.0000,5,S,49.3300,49.3100,49.3000,49.2100,49.2000,49.3500,49.3600,49.4000,49.4400,49.4500,3,6,7,3,5,14,5,7,138,6
SZ,002383,2017-01-03 10:08:54,49.3000,7,118335.0000,24,B,49.2100,49.2000,49.1800,49.1100,49.1000,49.3000,49.3300,49.3500,49.3600,49.4000,3,5,16,10,40,44,61,5,15,7
SZ,002383,2017-01-03 10:08:57,49.3000,1,88740.0000,18,B,49.2100,49.2000,49.1800,49.1100,49.1000,49.3000,49.3300,49.3500,49.3600,49.4000,3,5,16,10,40,26,61,5,15,7
SZ,002383,2017-01-03 10:09:06,49.2000,5,78744.0000,16,S,49.1800,49.1600,49.1100,49.1000,49.0800,49.2000,49.3000,49.3300,49.3600,49.5000,3,1,10,40,2,1,25,61,10,13
SZ,002383,2017-01-03 10:09:09,49.3000,2,54220.0000,11,B,49.2200,49.1800,49.1600,49.1100,49.1000,49.3000,49.3300,49.5000,49.5600,49.5700,1,3,1,10,40,15,61,13,2,30
SZ,002383,2017-01-03 10:09:15,49.2200,3,19686.0000,4,S,49.1800,49.1600,49.1100,49.1000,49.0800,49.3000,49.3300,49.5000,49.5600,49.5700,3,1,21,40,2,20,57,13,2,30
SZ,002383,2017-01-03 10:09:18,49.1100,3,34403.0000,7,S,49.1100,49.1000,49.0800,49.0700,49.0500,49.3000,49.3300,49.5000,49.5600,49.5700,18,40,2,1,12,20,57,13,2,30
SZ,002383,2017-01-03 10:09:24,49.1600,1,19664.0000,4,B,49.1600,49.1200,49.1100,49.1000,49.0800,49.3000,49.3300,49.5000,49.5600,49.5700,6,1,18,50,2,20,57,13,2,30
SZ,002383,2017-01-03 10:09:39,49.1600,2,19664.0000,4,S,49.1600,49.1500,49.1200,49.1100,49.1000,49.3000,49.3300,49.5000,49.5600,49.5700,10,5,26,20,50,25,57,13,2,30
SZ,002383,2017-01-03 10:09:42,49.1600,3,49160.0000,10,S,49.1500,49.1300,49.1200,49.1100,49.1000,49.3000,49.3300,49.5000,49.5600,49.5700,5,5,26,20,51,25,57,13,2,30
SZ,002383,2017-01-03 10:09:45,49.1600,1,4916.0000,1,S,49.1500,49.1300,49.1200,49.1100,49.1000,49.1600,49.3000,49.3300,49.5000,49.5600,5,5,26,20,51,10,25,57,13,2
SZ,002383,2017-01-03 10:09:48,49.1600,1,4916.0000,1,B,49.1500,49.1300,49.1200,49.1100,49.1000,49.1600,49.3000,49.3300,49.5000,49.5600,5,5,26,20,61,11,25,57,13,2
SZ,002383,2017-01-03 10:09:51,49.1600,3,54076.0000,11,B,49.1600,49.1300,49.1200,49.1100,49.1000,49.3000,49.3300,49.5000,49.5600,49.5700,12,5,26,20,61,25,57,12,2,30
SZ,002383,2017-01-03 10:09:54,49.1600,1,14748.0000,3,S,49.1600,49.1300,49.1200,49.1100,49.1000,49.3000,49.3300,49.5000,49.5600,49.5700,9,7,26,20,61,25,57,12,2,30
SZ,002383,2017-01-03 10:09:57,49.1600,1,9832.0000,2,S,49.1800,49.1700,49.1600,49.1300,49.1200,49.3000,49.3300,49.5000,49.5600,49.5700,1,3,18,7,26,33,57,12,2,30
SZ,002383,2017-01-03 10:10:00,49.3000,4,24599.0000,5,B,49.1600,49.1300,49.1200,49.1100,49.1000,49.3000,49.3300,49.5000,49.5600,49.5700,18,7,26,20,61,18,57,12,2,30
SZ,002383,2017-01-03 10:10:15,49.3000,3,49280.0000,10,B,49.2000,49.1800,49.1700,49.1600,49.1500,49.3000,49.3300,49.5000,49.5600,49.5900,8,10,11,26,6,7,57,12,2,66
SZ,002383,2017-01-03 10:10:18,49.3000,1,9860.0000,2,B,49.2000,49.1800,49.1700,49.1600,49.1500,49.3000,49.3300,49.5000,49.5600,49.5900,8,10,11,26,6,5,57,4,2,66
SZ,002383,2017-01-03 10:10:21,49.2000,1,9840.0000,2,S,49.2000,49.1800,49.1700,49.1600,49.1500,49.3000,49.3300,49.5000,49.5600,49.5900,27,10,12,26,6,5,57,4,2,66
SZ,002383,2017-01-03 10:10:24,49.3000,3,24650.0000,5,B,49.2000,49.1800,49.1700,49.1600,49.1500,49.3300,49.5000,49.5600,49.5900,49.6500,27,10,12,26,6,57,4,2,66,2
SZ,002383,2017-01-03 10:10:30,49.3000,1,9860.0000,2,B,49.3000,49.2000,49.1900,49.1800,49.1700,49.3300,49.5000,49.5600,49.5900,49.6500,3,37,15,10,12,57,4,2,66,2
SZ,002383,2017-01-03 10:10:36,49.2300,3,34482.0000,7,S,49.2000,49.1900,49.1800,49.1700,49.1600,49.2300,49.3300,49.5000,49.5600,49.5900,42,15,10,12,21,27,57,4,2,66
SZ,002383,2017-01-03 10:10:42,49.3300,2,147720.0000,30,B,49.2200,49.2100,49.2000,49.1900,49.1800,49.3300,49.5000,49.5600,49.5900,49.6500,8,5,42,15,10,54,4,2,66,2
SZ,002383,2017-01-03 10:10:48,49.3300,1,246650.0000,50,B,49.2200,49.2100,49.2000,49.1900,49.1800,49.3300,49.3900,49.5000,49.5600,49.5900,8,5,42,15,10,4,30,4,2,66
SZ,002383,2017-01-03 10:11:00,49.2200,6,162407.0000,33,S,49.2000,49.1900,49.1800,49.1700,49.1600,49.2200,49.2800,49.3300,49.3900,49.5000,42,15,10,5,21,181,30,4,30,4
SZ,002383,2017-01-03 10:11:03,49.2200,3,44298.0000,9,B,49.2000,49.1900,49.1800,49.1700,49.1600,49.2200,49.2800,49.3300,49.3900,49.5000,42,15,10,5,21,172,30,4,30,4
SZ,002383,2017-01-03 10:11:06,49.2200,2,29532.0000,6,B,49.2000,49.1900,49.1800,49.1700,49.1600,49.2200,49.2800,49.3300,49.3900,49.5000,42,15,10,5,21,166,30,4,30,4
SZ,002383,2017-01-03 10:11:09,49.2200,3,54142.0000,11,B,49.2000,49.1900,49.1800,49.1700,49.1600,49.2200,49.2800,49.3300,49.3900,49.5000,22,15,10,5,21,155,30,4,30,4
SZ,002383,2017-01-03 10:11:12,49.2200,1,4922.0000,1,B,49.2000,49.1800,49.1700,49.1600,49.1500,49.2200,49.2800,49.3300,49.3900,49.5000,22,10,5,21,8,154,30,4,30,4
SZ,002383,2017-01-03 10:11:15,49.2000,2,68880.0000,14,S,49.2000,49.1800,49.1700,49.1600,49.1500,49.2200,49.2800,49.3300,49.3900,49.5000,8,10,5,21,8,154,30,4,30,4
SZ,002383,2017-01-03 10:11:18,49.2000,2,24600.0000,5,S,49.2000,49.1800,49.1700,49.1600,49.1500,49.2200,49.2800,49.3300,49.3900,49.5000,6,20,5,19,8,154,30,4,30,4
SZ,002383,2017-01-03 10:11:21,49.2000,3,19680.0000,4,S,49.2000,49.1800,49.1700,49.1600,49.1500,49.2200,49.2800,49.3300,49.3900,49.5000,2,20,5,19,8,154,30,4,30,4
SZ,002383,2017-01-03 10:11:27,49.2000,4,44284.0000,9,S,49.1800,49.1700,49.1600,49.1500,49.1300,49.2000,49.2200,49.2800,49.3300,49.3900,20,5,19,8,15,24,152,30,4,30
SZ,002383,2017-01-03 10:11:33,49.1800,3,122955.0000,25,S,49.1700,49.1600,49.1500,49.1300,49.1200,49.1800,49.2000,49.2200,49.2800,49.3300,5,19,9,15,14,17,2,202,30,4
SZ,002383,2017-01-03 10:11:42,49.1700,5,29503.0000,6,S,49.1600,49.1500,49.1300,49.1200,49.1100,49.1700,49.1800,49.2000,49.2200,49.2800,25,9,15,14,20,19,24,2,202,30
SZ,002383,2017-01-03 10:11:45,49.1300,13,250664.0000,51,S,49.1200,49.1100,49.1000,49.0800,49.0700,49.1300,49.1700,49.1800,49.2000,49.2200,14,20,59,4,1,89,17,16,2,202
SZ,002383,2017-01-03 10:11:51,49.1300,2,108086.0000,22,B,49.1200,49.1100,49.1000,49.0800,49.0700,49.1300,49.1700,49.1800,49.2000,49.2200,14,20,59,4,1,67,22,16,2,202
SZ,002383,2017-01-03 10:11:54,49.1300,1,4913.0000,1,B,49.1200,49.1100,49.1000,49.0800,49.0700,49.1300,49.1700,49.1800,49.2200,49.2800,14,20,64,4,1,66,22,16,202,30
SZ,002383,2017-01-03 10:11:57,49.1200,3,68768.0000,14,S,49.1100,49.1000,49.0800,49.0700,49.0600,49.1200,49.1300,49.1700,49.1800,49.2200,9,64,4,1,1,4,66,22,16,202
SZ,002383,2017-01-03 10:12:00,49.1200,1,19648.0000,4,B,49.1100,49.1000,49.0800,49.0700,49.0600,49.1300,49.1700,49.1800,49.2200,49.2800,9,69,4,1,1,66,5,16,202,30
SZ,002383,2017-01-03 10:12:03,49.1200,1,9824.0000,2,B,49.1100,49.1000,49.0800,49.0700,49.0600,49.1300,49.1700,49.1800,49.2200,49.2800,9,69,2,1,1,66,5,16,202,30
SZ,002383,2017-01-03 10:12:06,49.0100,20,490862.0000,100,S,49.0100,49.0000,48.9800,48.9600,48.9100,49.0700,49.1300,49.1700,49.1800,49.2200,26,145,16,20,7,17,66,5,16,202
SZ,002383,2017-01-03 10:12:09,49.0700,1,34349.0000,7,B,49.0100,49.0000,48.9800,48.9600,48.9100,49.0700,49.1100,49.1300,49.1700,49.1800,26,151,16,20,7,10,6,66,5,16
SZ,002383,2017-01-03 10:12:12,49.1100,3,79125.0000,16,B,49.1200,49.0300,49.0100,49.0000,48.9800,49.1300,49.1700,49.1800,49.2200,49.2800,8,2,26,146,16,66,5,16,202,30
SZ,002383,2017-01-03 10:12:18,49.1200,1,43618.0000,9,S,49.0300,49.0100,49.0000,48.9800,48.9600,49.1100,49.1300,49.1700,49.1800,49.2200,2,29,157,16,20,32,66,5,16,202
SZ,002383,2017-01-03 10:12:21,49.1100,2,49110.0000,10,B,49.0700,49.0300,49.0100,49.0000,48.9800,49.1100,49.1200,49.1300,49.1700,49.1800,4,3,29,156,16,22,2,66,5,16
SZ,002383,2017-01-03 10:12:24,49.1100,3,29458.0000,6,B,49.0700,49.0500,49.0300,49.0100,49.0000,49.1100,49.1200,49.1300,49.1700,49.1800,2,20,3,29,156,18,4,66,5,16
SZ,002383,2017-01-03 10:12:30,49.0700,1,9814.0000,2,S,49.0700,49.0600,49.0500,49.0300,49.0100,49.1100,49.1200,49.1700,49.1800,49.2200,2,10,20,3,29,18,4,5,16,152
SZ,002383,2017-01-03 10:12:33,49.1100,2,34377.0000,7,B,49.0700,49.0600,49.0500,49.0300,49.0100,49.1100,49.1200,49.1700,49.1800,49.2200,2,10,20,3,29,11,2,5,16,152
SZ,002383,2017-01-03 10:12:36,49.1100,2,9822.0000,2,B,49.0700,49.0600,49.0500,49.0300,49.0100,49.1100,49.1200,49.1700,49.1800,49.2200,20,10,20,3,29,9,2,5,16,152
SZ,002383,2017-01-03 10:12:39,49.0700,2,34349.0000,7,S,49.0700,49.0600,49.0500,49.0300,49.0100,49.1100,49.1200,49.1700,49.1800,49.2200,20,10,20,3,32,9,2,5,16,152
SZ,002383,2017-01-03 10:12:42,49.1100,4,54021.0000,11,B,49.0700,49.0600,49.0500,49.0300,49.0200,49.1000,49.1200,49.1700,49.1800,49.2200,20,10,20,3,5,4,2,5,16,152
SZ,002383,2017-01-03 10:12:45,49.1000,2,20230.0000,4,B,49.1100,49.0800,49.0700,49.0600,49.0300,49.1200,49.1700,49.1800,49.2200,49.2800,2,9,20,10,3,2,5,16,152,30
SZ,002383,2017-01-03 10:12:48,49.1100,1,4911.0000,1,S,49.1100,49.1000,49.0800,49.0700,49.0600,49.1200,49.1700,49.1800,49.2200,49.2800,1,10,9,20,10,2,5,16,152,30
SZ,002383,2017-01-03 10:12:54,49.1200,3,14736.0000,3,B,49.1200,49.1100,49.1000,49.0700,49.0600,49.1700,49.1800,49.2200,49.2800,49.3300,21,1,24,21,10,5,16,152,30,4
SZ,002383,2017-01-03 10:13:00,49.1200,1,9824.0000,2,S,49.1200,49.1100,49.1000,49.0800,49.0700,49.1700,49.1800,49.2200,49.2800,49.3300,42,1,24,5,14,5,16,152,30,4
SZ,002383,2017-01-03 10:13:03,49.1000,6,245585.0000,50,S,49.1200,49.1000,49.0800,49.0700,49.0600,49.1700,49.1800,49.2200,49.2800,49.3300,3,17,5,14,10,5,16,152,30,4
SZ,002383,2017-01-03 10:13:09,49.1200,3,39301.0000,8,S,49.1000,49.0800,49.0700,49.0600,49.0500,49.1200,49.1500,49.1700,49.1800,49.2200,17,10,14,10,10,25,3,5,16,152
SZ,002383,2017-01-03 10:13:12,49.1200,1,24560.0000,5,B,49.1100,49.1000,49.0800,49.0700,49.0600,49.1200,49.1500,49.1700,49.1800,49.2200,5,17,10,14,10,20,3,5,16,152
SZ,002383,2017-01-03 10:13:21,49.1200,2,19646.0000,4,B,49.1100,49.1000,49.0800,49.0700,49.0600,49.1200,49.1500,49.1700,49.1800,49.2200,3,37,10,14,10,18,3,5,16,152
SZ,002383,2017-01-03 10:13:24,49.1200,6,137519.0000,28,B,49.1200,49.1100,49.1000,49.0800,49.0700,49.1500,49.1700,49.1800,49.2200,49.2800,6,7,30,10,14,3,5,16,152,30
SZ,002383,2017-01-03 10:13:27,49.1200,1,4912.0000,1,S,49.1200,49.1100,49.1000,49.0800,49.0700,49.1500,49.1700,49.1800,49.2200,49.2800,10,7,30,10,14,3,5,16,152,30
SZ,002383,2017-01-03 10:13:33,49.1300,1,4913.0000,1,B,49.1200,49.1100,49.1000,49.0800,49.0700,49.1500,49.1700,49.1800,49.2200,49.2800,30,10,30,10,14,3,5,16,152,30
SZ,002383,2017-01-03 10:13:36,49.1200,2,19654.0000,4,S,49.1200,49.1100,49.1000,49.0800,49.0700,49.1500,49.1700,49.1800,49.2000,49.2200,34,10,30,10,14,1,5,16,288,152
SZ,002383,2017-01-03 10:13:45,49.1500,1,4915.0000,1,B,49.1200,49.1100,49.1000,49.0800,49.0700,49.1700,49.1800,49.2000,49.2200,49.2800,34,10,30,10,14,5,16,288,152,30
SZ,002383,2017-01-03 10:13:54,49.1700,2,24585.0000,5,B,49.1700,49.1500,49.1300,49.1200,49.1000,49.1800,49.2000,49.2200,49.2800,49.3300,3,4,16,35,40,16,288,152,30,4
SZ,002383,2017-01-03 10:14:03,49.1800,2,78688.0000,16,B,49.1800,49.1700,49.1500,49.1300,49.1200,49.2000,49.2200,49.2800,49.3300,49.3900,16,3,4,16,30,288,152,30,4,30
SZ,002383,2017-01-03 10:14:09,49.2000,1,24600.0000,5,B,49.1800,49.1700,49.1500,49.1300,49.1200,49.2000,49.2200,49.2800,49.3300,49.3900,16,3,1,16,30,283,152,30,4,30
SZ,002383,2017-01-03 10:14:15,49.2000,2,14760.0000,3,B,49.1800,49.1700,49.1500,49.1300,49.1200,49.2000,49.2200,49.2800,49.3300,49.3900,21,3,1,16,30,280,152,30,4,30
SZ,002383,2017-01-03 10:14:18,49.2000,1,4920.0000,1,B,49.1800,49.1700,49.1500,49.1300,49.1200,49.2000,49.2200,49.2800,49.3300,49.3900,21,3,1,16,30,279,152,30,4,30
SZ,002383,2017-01-03 10:14:21,49.2000,1,14760.0000,3,B,49.1800,49.1700,49.1500,49.1300,49.1200,49.2000,49.2200,49.2800,49.3300,49.3900,21,3,1,16,30,276,152,30,4,30
SZ,002383,2017-01-03 10:14:33,49.1800,2,103278.0000,21,S,49.1700,49.1500,49.1300,49.1200,49.1000,49.1800,49.2000,49.2200,49.2800,49.3300,3,1,16,30,25,179,276,152,30,4
SZ,002383,2017-01-03 10:14:39,49.1800,1,14754.0000,3,B,49.1700,49.1500,49.1300,49.1200,49.1000,49.1800,49.2000,49.2200,49.2800,49.3300,3,1,16,30,25,176,276,152,30,4
SZ,002383,2017-01-03 10:14:42,49.1700,1,4917.0000,1,S,49.1700,49.1500,49.1300,49.1200,49.1000,49.1800,49.2000,49.2200,49.2800,49.3300,2,1,16,30,25,176,276,152,30,4
SZ,002383,2017-01-03 10:14:48,49.1800,1,29508.0000,6,B,49.1700,49.1500,49.1300,49.1200,49.1000,49.1800,49.2000,49.2200,49.2800,49.3300,12,1,16,30,25,170,276,152,30,4
SZ,002383,2017-01-03 10:14:51,49.1800,1,4918.0000,1,B,49.1700,49.1500,49.1300,49.1200,49.1000,49.1800,49.2000,49.2200,49.2800,49.3300,12,17,16,30,25,169,276,152,30,4
SZ,002383,2017-01-03 10:14:54,49.1700,3,59004.0000,12,S,49.1500,49.1300,49.1200,49.1000,49.0800,49.1700,49.1800,49.2000,49.2200,49.2800,17,16,30,25,10,18,169,276,152,30
SZ,002383,2017-01-03 10:14:57,49.1700,1,34419.0000,7,B,49.1500,49.1300,49.1200,49.1000,49.0800,49.1700,49.1800,49.2000,49.2200,49.2800,17,16,30,25,10,11,169,276,152,30
SZ,002383,2017-01-03 10:15:03,49.1000,18,436595.0000,89,S,49.0800,49.0700,49.0600,49.0500,49.0300,49.1700,49.2000,49.2800,49.3300,49.3900,10,14,13,10,1,11,276,30,4,30
SZ,002383,2017-01-03 10:15:06,49.1700,1,9832.0000,2,B,49.0800,49.0700,49.0600,49.0500,49.0300,49.1500,49.1700,49.2000,49.2800,49.3300,10,14,13,10,1,33,9,276,30,4
SZ,002383,2017-01-03 10:15:09,49.0000,53,1470392.0000,300,S,49.0000,48.9800,48.9600,48.9100,48.9000,49.1500,49.1700,49.1800,49.2000,49.2800,1,16,20,7,19,35,9,10,276,30
SZ,002383,2017-01-03 10:15:30,49.0000,3,44132.0000,9,S,49.0000,48.9800,48.9600,48.9100,48.9000,49.0800,49.1500,49.1700,49.1800,49.2000,10,16,20,7,19,36,33,17,10,276
SZ,002383,2017-01-03 10:15:36,49.0000,3,34300.0000,7,S,49.0000,48.9800,48.9600,48.9100,48.9000,49.0800,49.1500,49.1700,49.1800,49.2000,15,16,20,7,19,36,33,17,10,276
SZ,002383,2017-01-03 10:15:39,49.0800,1,24540.0000,5,B,49.0000,48.9800,48.9600,48.9100,48.9000,49.0800,49.1500,49.1700,49.1800,49.2000,15,16,20,7,21,31,33,17,10,276
SZ,002383,2017-01-03 10:15:45,49.0800,2,29448.0000,6,B,49.0000,48.9800,48.9600,48.9100,48.9000,49.0800,49.1500,49.1700,49.1800,49.1900,21,16,20,7,21,26,33,17,10,10
SZ,002383,2017-01-03 10:15:48,49.0800,1,4908.0000,1,B,49.0000,48.9900,48.9800,48.9600,48.9100,49.0800,49.1500,49.1700,49.1800,49.1900,21,1,16,20,7,25,33,17,10,10
SZ,002383,2017-01-03 10:15:54,49.0000,3,24500.0000,5,S,49.0100,49.0000,48.9900,48.9800,48.9600,49.0800,49.1500,49.1700,49.1800,49.1900,6,38,1,16,20,25,33,8,10,10
SZ,002383,2017-01-03 10:15:57,49.0100,1,4900.0000,1,S,49.0100,49.0000,48.9900,48.9800,48.9600,49.0800,49.1500,49.1700,49.1800,49.1900,5,38,1,16,20,25,33,8,10,10
SZ,002383,2017-01-03 10:16:03,49.0100,1,24506.0000,5,S,49.0100,49.0000,48.9900,48.9800,48.9600,49.0800,49.1500,49.1700,49.1800,49.1900,10,44,1,16,20,25,33,8,10,10
SZ,002383,2017-01-03 10:16:12,49.0800,2,9816.0000,2,B,49.0100,49.0000,48.9900,48.9800,48.9600,49.1500,49.1700,49.1900,49.2000,49.2800,12,46,1,16,20,33,8,10,276,30
SZ,002383,2017-01-03 10:16:18,49.0800,1,19632.0000,4,S,49.0800,49.0200,49.0100,49.0000,48.9900,49.1500,49.1700,49.1900,49.2000,49.2800,4,3,12,48,1,33,8,10,276,30
SZ,002383,2017-01-03 10:16:33,49.0800,1,19632.0000,4,S,49.0200,49.0100,49.0000,48.9900,48.9800,49.0800,49.1700,49.1900,49.2000,49.2800,3,16,48,1,16,1,8,10,276,30
SZ,002383,2017-01-03 10:16:36,49.0800,1,4908.0000,1,B,49.0200,49.0100,49.0000,48.9900,48.9800,49.1700,49.1900,49.2000,49.2800,49.3900,3,16,48,1,16,8,10,276,30,30
SZ,002383,2017-01-03 10:16:39,49.0000,20,328322.0000,67,S,48.9900,48.9800,48.9600,48.9100,48.9000,49.0000,49.1700,49.1900,49.2000,49.2800,1,16,20,7,44,233,8,10,276,30
SZ,002383,2017-01-03 10:16:42,49.0000,3,83300.0000,17,B,48.9900,48.9800,48.9600,48.9100,48.9000,49.0000,49.1700,49.1900,49.2000,49.2800,1,16,20,7,44,216,8,10,276,30
SZ,002383,2017-01-03 10:16:45,49.0000,1,4900.0000,1,B,48.9900,48.9800,48.9600,48.9100,48.9000,49.0000,49.1700,49.1900,49.2000,49.2800,1,16,20,7,44,215,8,10,276,30
SZ,002383,2017-01-03 10:16:48,49.0000,2,14700.0000,3,B,48.9900,48.9800,48.9600,48.9100,48.9000,49.0000,49.1700,49.1900,49.2000,49.2800,1,16,20,7,44,212,8,10,276,30
SZ,002383,2017-01-03 10:16:51,49.0000,3,34296.0000,7,B,48.9800,48.9600,48.9100,48.9000,48.8800,49.0000,49.1700,49.1900,49.2000,49.2800,15,20,7,44,2,207,8,10,276,30
SZ,002383,2017-01-03 10:16:57,48.9900,3,205800.0000,42,S,48.9800,48.9600,48.9100,48.9000,48.8800,48.9900,49.0000,49.1700,49.1900,49.2000,15,20,7,44,2,3,167,8,10,276
SZ,002383,2017-01-03 10:17:00,49.0000,7,416324.0000,85,B,48.9100,48.9000,48.8800,48.8600,48.8500,49.0000,49.1700,49.1900,49.2000,49.2800,7,44,2,3,2,138,8,10,276,30
SZ,002383,2017-01-03 10:17:06,48.9600,1,48960.0000,10,B,48.9100,48.9000,48.8800,48.8600,48.8500,48.9600,48.9900,49.0000,49.1700,49.1900,7,29,2,3,2,10,10,138,8,10
SZ,002383,2017-01-03 10:17:09,48.9900,3,97950.0000,20,B,48.9100,48.9000,48.8800,48.8600,48.8500,49.0000,49.1700,49.1900,49.2000,49.2800,7,29,2,3,2,138,8,10,276,30
SZ,002383,2017-01-03 10:17:15,49.0000,1,4900.0000,1,B,48.9100,48.9000,48.8800,48.8600,48.8500,49.0000,49.1700,49.1900,49.2000,49.2800,7,34,2,3,2,137,8,10,276,30
SZ,002383,2017-01-03 10:17:21,48.9000,8,171214.0000,35,S,48.9000,48.8800,48.8600,48.8500,48.8300,49.0000,49.1700,49.1900,49.2000,49.2800,12,5,3,2,5,132,8,10,276,30
SZ,002383,2017-01-03 10:17:27,48.9100,1,4892.0000,1,S,48.9000,48.8800,48.8600,48.8500,48.8300,48.9100,48.9500,49.0000,49.1700,49.1900,12,5,3,2,5,4,19,132,8,10
SZ,002383,2017-01-03 10:17:30,48.9100,2,14672.0000,3,B,48.9000,48.8800,48.8600,48.8500,48.8300,48.9100,48.9500,49.0000,49.1700,49.1900,14,5,3,2,5,1,19,132,8,10
SZ,002383,2017-01-03 10:17:33,48.9100,1,4892.0000,1,B,48.9100,48.9000,48.8800,48.8700,48.8600,48.9500,49.0000,49.1700,49.1900,49.2000,4,39,5,1,3,19,132,8,10,276
SZ,002383,2017-01-03 10:17:39,48.9100,1,14672.0000,3,S,48.9100,48.9000,48.8800,48.8700,48.8600,48.9500,49.0000,49.1700,49.1900,49.2000,1,39,5,1,3,19,132,8,10,276
SZ,002383,2017-01-03 10:17:45,48.9000,2,29340.0000,6,S,48.9100,48.9000,48.8800,48.8700,48.8600,48.9500,49.0000,49.1700,49.1900,49.2000,10,34,5,1,3,19,132,8,10,276
SZ,002383,2017-01-03 10:17:48,48.9500,2,48916.0000,10,B,48.9100,48.9000,48.8800,48.8700,48.8600,48.9500,49.0000,49.1700,49.1900,49.2000,2,34,5,1,3,18,132,8,10,276
SZ,002383,2017-01-03 10:17:51,48.9100,2,9780.0000,2,S,48.9000,48.8800,48.8700,48.8600,48.8500,48.9100,48.9500,49.0000,49.1700,49.1900,34,5,1,3,2,1,18,132,8,10
SZ,002383,2017-01-03 10:17:57,48.9100,3,29342.0000,6,B,48.9000,48.8800,48.8700,48.8600,48.8500,48.9500,49.0000,49.1700,49.1900,49.2000,29,5,1,3,2,18,132,8,10,276
SZ,002383,2017-01-03 10:18:00,48.9500,1,14686.0000,3,B,48.9100,48.9000,48.8800,48.8700,48.8600,48.9500,49.0000,49.1700,49.1900,49.2000,2,30,5,1,3,15,132,8,10,276
SZ,002383,2017-01-03 10:18:06,48.9000,5,73352.0000,15,S,48.9100,48.9000,48.8800,48.8700,48.8600,48.9500,49.0000,49.1700,49.1900,49.2000,13,21,5,1,3,36,132,8,10,276
SZ,002383,2017-01-03 10:18:09,48.9500,1,19580.0000,4,B,48.9200,48.9100,48.9000,48.8800,48.8700,48.9500,49.0000,49.1700,49.1900,49.2000,2,13,21,5,1,32,132,8,10,276
SZ,002383,2017-01-03 10:18:12,48.9200,1,9784.0000,2,S,48.9100,48.9000,48.8800,48.8700,48.8600,48.9200,48.9500,49.0000,49.1700,49.1900,15,22,5,1,3,19,32,132,8,10
SZ,002383,2017-01-03 10:18:15,48.9100,3,39132.0000,8,S,48.9100,48.9000,48.8800,48.8700,48.8600,48.9200,48.9500,49.0000,49.1700,49.1900,10,22,5,1,3,26,32,132,8,10
SZ,002383,2017-01-03 10:18:18,48.9200,1,24460.0000,5,B,48.9100,48.9000,48.8800,48.8700,48.8600,48.9200,48.9500,49.0000,49.1700,49.1900,10,22,5,1,3,21,32,132,8,10
SZ,002383,2017-01-03 10:18:21,48.9200,1,4892.0000,1,B,48.9100,48.9000,48.8800,48.8700,48.8600,48.9200,48.9500,49.0000,49.1700,49.1900,13,22,5,1,3,20,32,132,8,10
SZ,002383,2017-01-03 10:18:24,48.9100,3,34240.0000,7,S,48.9100,48.9000,48.8800,48.8700,48.8600,48.9200,48.9500,49.0000,49.1700,49.1900,9,22,5,1,3,17,32,132,8,10
SZ,002383,2017-01-03 10:18:27,48.9100,3,53806.0000,11,S,48.9100,48.9000,48.8800,48.8700,48.8600,48.9200,48.9500,49.0000,49.1700,49.1900,8,24,5,1,3,5,32,132,8,10
SZ,002383,2017-01-03 10:18:30,48.9000,4,63578.0000,13,S,48.9100,48.9000,48.8800,48.8700,48.8600,48.9200,48.9500,49.0000,49.1700,49.1900,10,24,5,1,3,5,32,132,8,10
SZ,002383,2017-01-03 10:18:33,48.9100,1,4892.0000,1,S,48.9100,48.9000,48.8800,48.8700,48.8600,48.9200,48.9500,49.0000,49.1700,49.1900,13,124,5,1,3,10,32,132,8,10
SZ,002383,2017-01-03 10:18:45,48.9200,3,44028.0000,9,B,48.9100,48.9000,48.8800,48.8700,48.8600,48.9200,48.9500,49.0000,49.1700,49.1900,23,125,11,1,3,20,32,132,8,10
SZ,002383,2017-01-03 10:18:48,48.9200,2,24460.0000,5,B,48.9100,48.9000,48.8800,48.8700,48.8600,48.9200,48.9500,49.0000,49.1700,49.2000,26,125,21,1,3,15,32,132,8,277
SZ,002383,2017-01-03 10:18:51,48.9200,4,102732.0000,21,B,48.9200,48.9100,48.9000,48.8800,48.8700,48.9500,49.0000,49.1700,49.2000,49.2800,19,26,125,21,1,32,132,8,277,30
SZ,002383,2017-01-03 10:18:54,48.9200,2,39136.0000,8,S,48.9200,48.9100,48.9000,48.8800,48.8700,48.9500,49.0000,49.1700,49.2000,49.2800,17,30,127,21,1,32,132,8,277,30
SZ,002383,2017-01-03 10:18:57,48.9500,3,244748.0000,50,B,48.9200,48.9100,48.9000,48.8800,48.8700,49.0000,49.1700,49.2000,49.2800,49.3900,19,30,127,21,1,132,8,277,30,30
SZ,002383,2017-01-03 10:19:03,48.9200,4,92948.0000,19,S,48.9100,48.9000,48.8800,48.8700,48.8600,48.9200,49.0000,49.1700,49.2000,49.2800,31,135,21,1,3,14,132,8,277,30
SZ,002383,2017-01-03 10:19:06,48.9200,2,78272.0000,16,B,48.9100,48.9000,48.8800,48.8700,48.8600,48.9200,49.0000,49.1700,49.2000,49.2800,31,136,21,1,3,5,132,8,277,30
SZ,002383,2017-01-03 10:19:09,48.9200,2,24460.0000,5,B,48.9200,48.9100,48.9000,48.8800,48.8700,49.0000,49.1700,49.2000,49.2800,49.3900,10,31,136,21,1,132,8,277,30,30
SZ,002383,2017-01-03 10:19:12,48.9200,1,9784.0000,2,S,48.9200,48.9100,48.9000,48.8900,48.8800,49.0000,49.1700,49.2000,49.2800,49.3900,29,31,135,2,21,132,8,277,30,30
SZ,002383,2017-01-03 10:19:21,49.0000,1,9800.0000,2,B,48.9200,48.9100,48.9000,48.8900,48.8800,49.0000,49.1700,49.2000,49.2800,49.3900,58,41,135,2,21,130,8,277,30,30
SZ,002383,2017-01-03 10:19:24,48.9200,4,19572.0000,4,S,48.9200,48.9100,48.9000,48.8900,48.8800,49.0000,49.1700,49.2000,49.2800,49.3900,35,41,135,2,21,130,8,277,30,30
SZ,002383,2017-01-03 10:19:33,48.9300,1,97860.0000,20,S,48.9300,48.9200,48.9100,48.9000,48.8900,48.9600,49.0000,49.1700,49.2000,49.2800,10,37,42,135,2,27,130,8,277,30
SZ,002383,2017-01-03 10:19:36,48.9600,1,4896.0000,1,B,48.9300,48.9200,48.9100,48.9000,48.8900,48.9600,49.0000,49.1700,49.2000,49.2800,10,38,42,135,2,26,130,8,277,30
SZ,002383,2017-01-03 10:19:39,48.9500,1,24476.0000,5,S,48.9400,48.9300,48.9200,48.9100,48.9000,48.9500,48.9600,48.9900,49.0000,49.1700,2,10,38,42,135,14,26,20,130,8
SZ,002383,2017-01-03 10:19:48,48.9500,1,4894.0000,1,B,48.9400,48.9300,48.9200,48.9100,48.9000,48.9500,48.9600,48.9700,48.9900,49.0000,2,10,37,42,135,13,26,29,20,130
SZ,002383,2017-01-03 10:19:51,48.9200,11,249510.0000,51,S,48.9100,48.9000,48.8900,48.8800,48.8700,48.9500,48.9600,48.9700,48.9900,49.0000,42,135,2,21,1,12,26,29,20,130
SZ,002383,2017-01-03 10:19:54,48.9500,2,48944.0000,10,B,48.9100,48.9000,48.8900,48.8800,48.8700,48.9500,48.9600,48.9700,48.9900,49.0000,42,135,2,21,1,4,26,29,20,130
SZ,002383,2017-01-03 10:20:03,48.9400,1,9788.0000,2,B,48.9100,48.9000,48.8800,48.8700,48.8600,48.9400,48.9500,48.9600,48.9700,48.9900,40,35,11,1,3,3,4,26,29,20
SZ,002383,2017-01-03 10:20:09,48.9100,6,156542.0000,32,S,48.9100,48.9000,48.8800,48.8700,48.8600,48.9500,48.9600,48.9700,48.9900,49.0000,19,35,11,1,3,4,26,29,20,130
SZ,002383,2017-01-03 10:20:15,48.9100,3,19564.0000,4,S,48.9100,48.9000,48.8800,48.8700,48.8600,48.9500,48.9600,48.9700,48.9900,49.0000,15,35,11,1,3,4,26,29,20,130
SZ,002383,2017-01-03 10:20:21,48.9000,12,239626.0000,49,S,48.9100,48.9000,48.8900,48.8800,48.8700,48.9500,48.9600,48.9700,48.9900,49.0000,10,3,2,11,1,4,26,29,20,130
SZ,002383,2017-01-03 10:20:27,48.9100,4,171184.0000,35,S,48.9200,48.9100,48.9000,48.8900,48.8800,48.9500,48.9600,48.9700,48.9900,49.0000,3,83,3,2,11,4,26,29,20,130
SZ,002383,2017-01-03 10:20:30,48.9100,4,141846.0000,29,S,48.9100,48.9000,48.8900,48.8800,48.8700,48.9500,48.9600,48.9700,48.9900,49.0000,58,3,2,11,1,3,26,29,20,130
SZ,002383,2017-01-03 10:20:36,49.0000,6,974496.0000,199,B,48.9100,48.9000,48.8900,48.8800,48.8700,49.0000,49.1700,49.2000,49.2800,49.3900,21,13,2,12,1,51,8,276,30,30
SZ,002383,2017-01-03 10:20:39,48.9100,4,83146.0000,17,S,48.9100,48.9000,48.8900,48.8800,48.8700,49.0000,49.1700,49.2000,49.2800,49.3900,4,18,2,12,1,51,8,276,30,30
SZ,002383,2017-01-03 10:20:42,48.9100,2,24456.0000,5,S,48.9600,48.9000,48.8900,48.8800,48.8700,49.0000,49.1700,49.2000,49.2800,49.3900,21,18,2,12,1,51,8,276,30,30
SZ,002383,2017-01-03 10:20:45,49.0000,3,151900.0000,31,B,48.9600,48.9300,48.9100,48.9000,48.8900,49.0000,49.1700,49.2000,49.2800,49.3900,21,10,12,18,2,20,8,276,30,30
SZ,002383,2017-01-03 10:20:51,49.0000,1,9800.0000,2,B,48.9600,48.9300,48.9100,48.9000,48.8900,49.0000,49.1700,49.2000,49.2800,49.3900,21,10,12,35,2,18,8,276,30,30
SZ,002383,2017-01-03 10:20:54,49.0000,1,88200.0000,18,B,49.0000,48.9600,48.9500,48.9300,48.9100,49.1700,49.2000,49.2800,49.3900,49.4000,2,21,6,10,12,8,276,30,30,2
SZ,002383,2017-01-03 10:21:06,49.0000,4,53900.0000,11,S,48.9600,48.9500,48.9300,48.9100,48.9000,49.0000,49.1600,49.1700,49.2000,49.2800,21,6,10,12,40,14,6,13,276,30
SZ,002383,2017-01-03 10:21:09,49.0000,2,68600.0000,14,B,49.0000,48.9600,48.9500,48.9300,48.9100,49.1600,49.1700,49.2000,49.2800,49.3900,3,21,6,10,12,6,13,276,30,30
SZ,002383,2017-01-03 10:21:12,49.0000,2,9800.0000,2,S,49.0000,48.9700,48.9600,48.9500,48.9300,49.1600,49.1700,49.2000,49.2800,49.3900,21,2,21,6,10,6,13,276,30,30
SZ,002383,2017-01-03 10:21:24,49.0000,2,98000.0000,20,S,49.0000,48.9700,48.9600,48.9500,48.9300,49.1400,49.1500,49.1700,49.2000,49.2800,6,2,21,6,10,6,20,13,276,30
SZ,002383,2017-01-03 10:21:33,49.1400,2,54054.0000,11,B,49.1400,49.0100,49.0000,48.9700,48.9600,49.1500,49.1700,49.2000,49.2800,49.3900,6,4,7,2,21,20,13,276,30,30
SZ,002383,2017-01-03 10:21:36,49.1400,1,9828.0000,2,S,49.1400,49.0100,49.0000,48.9700,48.9600,49.1500,49.1700,49.2000,49.2800,49.3900,4,4,7,2,21,20,13,276,30,30
SZ,002383,2017-01-03 10:21:48,49.1500,1,98300.0000,20,B,49.1500,49.1400,49.0200,49.0100,49.0000,49.1700,49.2000,49.2800,49.3900,49.4000,13,19,2,4,6,13,276,30,30,2
SZ,002383,2017-01-03 10:21:54,49.1500,1,29490.0000,6,S,49.1500,49.1400,49.0200,49.0100,49.0000,49.1700,49.2000,49.2800,49.3900,49.4000,7,19,2,4,21,51,276,30,30,2
SZ,002383,2017-01-03 10:21:57,49.1500,3,49162.0000,10,S,49.1500,49.1400,49.0200,49.0100,49.0000,49.1700,49.2000,49.2800,49.3900,49.4000,3,19,2,4,21,45,276,30,30,2
SZ,002383,2017-01-03 10:22:06,49.1500,3,49150.0000,10,S,49.1400,49.0200,49.0100,49.0000,48.9700,49.1700,49.2000,49.2800,49.3900,49.4000,4,2,1,21,7,45,276,30,30,2
SZ,002383,2017-01-03 10:22:12,49.2000,7,1308548.0000,266,B,49.0200,49.0100,49.0000,48.9700,48.9600,49.2000,49.2800,49.3900,49.4000,49.4900,2,1,21,7,21,61,30,30,2,3
SZ,002383,2017-01-03 10:22:24,49.2000,1,4920.0000,1,B,49.1500,49.0300,49.0200,49.0100,49.0000,49.2000,49.2800,49.3900,49.4000,49.4900,2,6,2,1,29,60,30,30,2,3
SZ,002383,2017-01-03 10:22:27,49.2000,1,98400.0000,20,B,49.1500,49.0300,49.0200,49.0100,49.0000,49.2000,49.2800,49.3900,49.4000,49.4900,2,6,2,1,29,40,30,30,2,3
SZ,002383,2017-01-03 10:22:33,49.2000,1,14760.0000,3,B,49.1700,49.1500,49.0400,49.0200,49.0100,49.2000,49.2800,49.3900,49.4000,49.4900,1,2,10,2,1,37,30,30,2,3
SZ,002383,2017-01-03 10:22:36,49.2000,1,184648.0000,38,B,49.2000,49.1700,49.1500,49.0400,49.0200,49.2800,49.3900,49.4000,49.4900,49.5000,109,1,2,10,2,30,30,2,3,6
SZ,002383,2017-01-03 10:22:45,49.2800,1,14784.0000,3,B,49.2100,49.2000,49.0400,49.0200,49.0100,49.2800,49.3900,49.4000,49.4900,49.5000,12,112,10,2,1,27,30,2,3,31
SZ,002383,2017-01-03 10:22:48,49.2800,1,9856.0000,2,B,49.2100,49.2000,49.0400,49.0200,49.0100,49.2800,49.3900,49.4000,49.4900,49.5000,12,112,10,2,1,25,30,2,3,34
SZ,002383,2017-01-03 10:22:57,49.2800,1,14784.0000,3,B,49.2200,49.2100,49.2000,49.0400,49.0100,49.2800,49.3000,49.3900,49.4000,49.4900,2,12,109,10,95,22,100,30,2,3
SZ,002383,2017-01-03 10:23:15,49.2800,1,98560.0000,20,B,49.2100,49.2000,49.1000,49.0500,49.0400,49.2200,49.2800,49.3000,49.3900,49.4000,12,109,3,5,10,3,2,100,30,2
SZ,002383,2017-01-03 10:23:21,49.2200,1,14768.0000,3,B,49.2100,49.2000,49.1000,49.0500,49.0400,49.2800,49.3000,49.3900,49.4000,49.4900,12,109,3,5,10,10,100,30,2,3
SZ,002383,2017-01-03 10:23:27,49.2100,1,59052.0000,12,S,49.2000,49.1000,49.0500,49.0400,49.0100,49.2100,49.2200,49.2800,49.3000,49.3900,109,3,5,10,95,3,7,10,100,30
SZ,002383,2017-01-03 10:23:33,49.2000,1,118080.0000,24,S,49.2000,49.1000,49.0500,49.0400,49.0100,49.2100,49.2200,49.2800,49.3000,49.3900,85,3,5,10,95,9,7,10,100,30
SZ,002383,2017-01-03 10:23:36,49.2100,1,9840.0000,2,B,49.2000,49.1000,49.0500,49.0400,49.0100,49.2100,49.2200,49.2800,49.3000,49.3900,85,3,5,10,95,7,7,10,100,30
SZ,002383,2017-01-03 10:23:39,49.2000,1,123000.0000,25,S,49.2000,49.1000,49.0500,49.0400,49.0100,49.2100,49.2200,49.2800,49.3000,49.3900,60,3,5,10,95,7,7,10,100,30
SZ,002383,2017-01-03 10:23:42,49.2000,6,29520.0000,6,S,49.2000,49.1000,49.0500,49.0400,49.0100,49.2100,49.2200,49.2800,49.3000,49.3900,54,3,5,10,95,6,7,10,100,30
SZ,002383,2017-01-03 10:23:45,49.2000,6,54120.0000,11,S,49.2000,49.1000,49.0500,49.0400,49.0100,49.2100,49.2200,49.2800,49.3000,49.3900,43,3,5,10,95,6,7,10,100,30
SZ,002383,2017-01-03 10:23:51,49.2000,2,39360.0000,8,S,49.2000,49.1000,49.0500,49.0400,49.0100,49.2100,49.2200,49.2800,49.3000,49.3900,35,3,5,10,95,6,7,10,100,30
SZ,002383,2017-01-03 10:24:03,49.2000,2,14760.0000,3,S,49.2000,49.1000,49.0600,49.0500,49.0400,49.2100,49.2200,49.2800,49.3000,49.3900,32,3,1,5,10,6,7,10,100,30
SZ,002383,2017-01-03 10:24:06,49.2000,1,98400.0000,20,S,49.2000,49.1000,49.0600,49.0500,49.0400,49.2100,49.2200,49.2800,49.3000,49.3900,12,3,1,5,10,6,7,10,100,30
SZ,002383,2017-01-03 10:24:12,49.2000,2,61352.0000,12,S,49.1000,49.0600,49.0500,49.0400,49.0100,49.2000,49.2100,49.2200,49.2800,49.3000,3,1,5,10,95,8,6,7,10,100
SZ,002383,2017-01-03 10:24:21,49.2100,3,49204.0000,10,B,49.1000,49.0600,49.0500,49.0400,49.0100,49.2000,49.2100,49.2800,49.3000,49.3900,4,1,5,10,95,1,4,10,100,30
SZ,002383,2017-01-03 10:24:30,49.2000,2,14760.0000,3,B,49.1000,49.0600,49.0500,49.0400,49.0100,49.2000,49.2100,49.2800,49.3000,49.3900,4,1,5,10,95,48,4,10,100,30
SZ,002383,2017-01-03 10:24:45,49.2000,1,9840.0000,2,B,49.1100,49.1000,49.0600,49.0500,49.0400,49.2000,49.2800,49.3000,49.3900,49.4000,20,5,9,5,10,46,2,100,30,2
SZ,002383,2017-01-03 10:24:54,49.1100,2,22248.0000,5,S,49.1100,49.1000,49.0600,49.0500,49.0400,49.2000,49.2800,49.3000,49.3900,49.4000,16,10,9,5,10,46,3,100,30,2
SZ,002383,2017-01-03 10:25:15,49.1200,7,44208.0000,9,S,49.1100,49.1000,49.0600,49.0500,49.0400,49.1200,49.1900,49.2000,49.2800,49.2900,16,20,1,5,10,5,3,55,36,10
SZ,002383,2017-01-03 10:25:21,49.1900,6,29478.0000,6,B,49.1100,49.1000,49.0600,49.0500,49.0400,49.1900,49.2000,49.2800,49.2900,49.3000,16,20,1,5,10,2,55,36,10,100
SZ,002383,2017-01-03 10:25:36,49.1100,1,14734.0000,3,S,49.1200,49.1100,49.1000,49.0600,49.0500,49.1900,49.2000,49.2800,49.2900,49.3000,2,16,20,1,5,2,57,36,10,100
SZ,002383,2017-01-03 10:25:39,49.2000,2,103320.0000,21,B,49.1200,49.1100,49.1000,49.0600,49.0500,49.2000,49.2800,49.2900,49.3000,49.3900,2,18,20,1,5,36,36,10,100,30
SZ,002383,2017-01-03 10:25:54,49.1000,9,198728.0000,40,S,49.0600,49.0500,49.0400,49.0200,49.0100,49.1000,49.1900,49.2000,49.2800,49.2900,1,5,10,3,95,59,5,46,36,10
SZ,002383,2017-01-03 10:26:03,49.1000,1,19640.0000,4,B,49.0600,49.0500,49.0400,49.0200,49.0100,49.1000,49.1900,49.2000,49.2800,49.2900,1,5,10,3,95,55,5,46,36,10
SZ,002383,2017-01-03 10:26:09,49.0600,1,4908.0000,1,S,49.0500,49.0400,49.0200,49.0100,49.0000,49.0600,49.1000,49.1900,49.2000,49.2800,5,10,3,95,47,1,55,5,46,36
SZ,002383,2017-01-03 10:26:12,49.0000,18,980364.0000,200,S,48.9700,48.9500,48.9300,48.9200,48.9100,49.0600,49.1000,49.1900,49.2000,49.2800,7,4,10,5,10,1,55,5,46,36
SZ,002383,2017-01-03 10:26:39,49.0000,2,19600.0000,4,S,49.0000,48.9700,48.9500,48.9300,48.9200,49.0600,49.1000,49.1800,49.1900,49.2000,1,7,4,10,5,1,55,12,5,46
SZ,002383,2017-01-03 10:26:45,49.0000,4,19604.0000,4,S,48.9700,48.9500,48.9300,48.9200,48.9100,49.0000,49.0100,49.0600,49.1000,49.1800,8,4,10,5,12,1,5,1,55,12
SZ,002383,2017-01-03 10:26:48,49.0100,2,24504.0000,5,B,48.9700,48.9500,48.9300,48.9200,48.9100,49.0000,49.0100,49.0600,49.1000,49.1800,8,4,10,5,12,1,4,1,55,12
SZ,002383,2017-01-03 10:26:57,49.0000,1,4900.0000,1,B,48.9700,48.9500,48.9300,48.9200,48.9100,49.0100,49.0600,49.1000,49.1800,49.1900,8,4,10,5,11,4,68,55,12,5
SZ,002383,2017-01-03 10:27:03,49.0100,6,44088.0000,9,B,49.0200,48.9700,48.9500,48.9300,48.9200,49.0600,49.1000,49.1800,49.1900,49.2000,1,3,4,10,5,68,55,12,5,36
SZ,002383,2017-01-03 10:27:09,49.0600,2,19624.0000,4,B,49.0200,49.0000,48.9700,48.9500,48.9300,49.0600,49.1000,49.1800,49.1900,49.2000,1,5,17,4,21,64,55,12,5,36
SZ,002383,2017-01-03 10:27:15,49.0000,2,24504.0000,5,S,49.0000,48.9700,48.9500,48.9300,48.9200,49.0600,49.1000,49.1800,49.1900,49.2000,2,17,5,21,5,64,55,12,5,36
SZ,002383,2017-01-03 10:27:24,49.0600,1,9812.0000,2,B,49.0100,49.0000,48.9700,48.9500,48.9300,49.0600,49.1000,49.1800,49.1900,49.2000,5,3,17,5,22,62,55,12,5,36
SZ,002383,2017-01-03 10:27:45,49.0600,1,49060.0000,10,B,49.0100,49.0000,48.9700,48.9500,48.9300,49.0600,49.1000,49.1800,49.1900,49.2000,6,23,27,7,22,52,55,12,5,36
SZ,002383,2017-01-03 10:28:00,49.0000,8,147004.0000,30,S,49.0100,49.0000,48.9700,48.9500,48.9300,49.0600,49.1000,49.1800,49.1900,49.2000,50,21,28,7,22,52,55,12,5,36
SZ,002383,2017-01-03 10:28:03,49.0600,1,29436.0000,6,B,49.0100,49.0000,48.9700,48.9500,48.9300,49.0600,49.1000,49.1800,49.1900,49.2000,50,21,28,7,22,46,55,12,5,36
SZ,002383,2017-01-03 10:28:06,49.0100,1,9804.0000,2,S,49.0100,49.0000,48.9700,48.9500,48.9300,49.0600,49.1000,49.1800,49.1900,49.2000,48,21,28,7,22,46,55,12,5,36
SZ,002383,2017-01-03 10:28:09,49.0600,1,24528.0000,5,B,49.0100,49.0000,48.9700,48.9500,48.9300,49.0600,49.1000,49.1800,49.1900,49.2000,48,21,28,7,22,41,55,12,5,36
SZ,002383,2017-01-03 10:28:12,49.0100,7,58828.0000,12,S,49.0100,49.0000,48.9700,48.9500,48.9300,49.0600,49.1000,49.1800,49.1900,49.2000,39,21,28,7,22,38,55,12,5,36
SZ,002383,2017-01-03 10:28:15,49.0100,1,4900.0000,1,S,49.0100,49.0000,48.9700,48.9500,48.9300,49.0600,49.1000,49.1800,49.1900,49.2000,38,23,28,7,21,38,55,12,5,36
SZ,002383,2017-01-03 10:28:18,49.0000,5,298940.0000,61,S,48.9700,48.9500,48.9300,48.9200,48.9100,48.9800,49.0600,49.1000,49.1800,49.1900,14,7,21,8,10,82,38,55,12,5
SZ,002383,2017-01-03 10:28:21,48.9800,1,4896.0000,1,B,48.9700,48.9500,48.9300,48.9200,48.9100,48.9800,49.0600,49.1000,49.1800,49.1900,14,7,21,8,10,81,38,55,12,5
SZ,002383,2017-01-03 10:28:27,48.9800,1,4900.0000,1,B,48.9700,48.9500,48.9300,48.9200,48.9100,48.9800,49.0600,49.1000,49.1800,49.1900,14,7,21,8,10,80,38,55,12,5
SZ,002383,2017-01-03 10:28:39,48.9700,4,68556.0000,14,S,48.9500,48.9300,48.9200,48.9100,48.9000,48.9700,48.9800,49.0600,49.1000,49.1800,7,21,10,10,12,6,80,38,55,12
SZ,002383,2017-01-03 10:28:42,48.9800,2,48976.0000,10,B,48.9500,48.9300,48.9200,48.9100,48.9000,48.9800,49.0600,49.1000,49.1800,49.1900,7,21,10,10,12,76,38,55,12,5
SZ,002383,2017-01-03 10:28:48,48.9300,7,141910.0000,29,S,48.9200,48.9100,48.9000,48.8800,48.8700,48.9300,48.9800,49.0600,49.1000,49.1800,7,10,12,5,1,1,76,38,55,12
SZ,002383,2017-01-03 10:28:51,48.9800,2,24486.0000,5,B,48.9200,48.9100,48.9000,48.8800,48.8700,48.9800,49.0600,49.1000,49.1800,49.1900,7,10,12,5,1,72,38,55,12,5
SZ,002383,2017-01-03 10:29:00,48.9800,1,63672.0000,13,B,48.9200,48.9100,48.9000,48.8800,48.8700,48.9800,49.0600,49.1000,49.1800,49.1900,21,10,12,5,1,59,38,55,12,5
SZ,002383,2017-01-03 10:29:06,48.9800,2,102860.0000,21,B,48.9200,48.9100,48.9000,48.8800,48.8700,48.9800,49.0600,49.1000,49.1800,49.1900,24,10,22,9,1,38,38,55,12,5
SZ,002383,2017-01-03 10:29:15,48.9800,1,14692.0000,3,B,48.9300,48.9200,48.9100,48.9000,48.8800,48.9800,49.0600,49.1000,49.1800,49.1900,12,34,10,22,9,35,38,55,12,5
SZ,002383,2017-01-03 10:29:18,48.9800,1,19592.0000,4,B,48.9300,48.9200,48.9100,48.9000,48.8800,48.9800,49.0600,49.1000,49.1800,49.1900,12,34,10,22,9,31,38,55,12,5
SZ,002383,2017-01-03 10:29:21,48.9300,1,4894.0000,1,S,48.9300,48.9200,48.9100,48.9000,48.8800,48.9800,49.0600,49.1000,49.1800,49.1900,11,34,10,22,9,31,38,55,12,5
SZ,002383,2017-01-03 10:29:27,48.9800,1,4898.0000,1,B,48.9600,48.9300,48.9200,48.9100,48.9000,48.9800,49.0600,49.1000,49.1800,49.1900,30,11,44,10,22,32,38,55,12,5
SZ,002383,2017-01-03 10:29:33,48.9600,1,4896.0000,1,S,48.9600,48.9300,48.9200,48.9100,48.9000,48.9800,49.0600,49.1000,49.1800,49.1900,29,11,44,10,22,32,38,55,12,5
SZ,002383,2017-01-03 10:29:42,48.9600,6,44064.0000,9,S,48.9600,48.9300,48.9200,48.9100,48.9000,48.9800,49.0600,49.1000,49.1800,49.1900,20,11,44,10,22,32,38,55,12,5
SZ,002383,2017-01-03 10:29:45,48.9600,3,44064.0000,9,S,48.9600,48.9300,48.9200,48.9100,48.9000,48.9800,49.0600,49.1000,49.1800,49.1900,11,12,44,10,22,32,38,55,12,5
SZ,002383,2017-01-03 10:29:51,48.9800,1,19592.0000,4,B,48.9600,48.9300,48.9200,48.9100,48.9000,48.9800,49.0600,49.1000,49.1800,49.1900,11,12,44,10,24,28,38,55,12,5
SZ,002383,2017-01-03 10:29:54,48.9800,1,14694.0000,3,B,48.9600,48.9300,48.9200,48.9100,48.9000,48.9800,49.0600,49.1000,49.1800,49.1900,11,12,44,10,24,25,38,55,12,5
SZ,002383,2017-01-03 10:29:57,48.9800,7,151830.0000,31,B,48.9800,48.9600,48.9300,48.9200,48.9100,49.0600,49.1000,49.1800,49.1900,49.2000,22,8,12,44,10,38,55,12,5,36
SZ,002383,2017-01-03 10:30:00,49.1000,3,459080.0000,94,B,49.1000,48.9800,48.9600,48.9300,48.9200,49.1800,49.1900,49.2000,49.2800,49.2900,56,22,8,12,44,12,5,36,36,10
SZ,002383,2017-01-03 10:30:09,48.9600,3,416994.0000,85,S,48.9600,48.9300,48.9200,48.9100,48.9000,49.1800,49.1900,49.2000,49.2800,49.2900,1,1,30,10,24,12,5,36,36,10
SZ,002383,2017-01-03 10:30:12,49.2800,6,270586.0000,55,B,49.2000,48.9600,48.9300,48.9200,48.9100,49.2800,49.2900,49.3000,49.3900,49.4000,47,1,1,30,10,34,10,100,30,2
SZ,002383,2017-01-03 10:30:15,49.2000,2,34440.0000,7,S,49.2000,48.9800,48.9600,48.9300,48.9200,49.2800,49.2900,49.3000,49.3900,49.4000,40,1,1,1,30,34,10,100,30,2
SZ,002383,2017-01-03 10:30:18,49.2000,1,196800.0000,40,S,48.9800,48.9600,48.9300,48.9200,48.9100,49.2000,49.2800,49.2900,49.3000,49.3900,2,1,1,26,10,40,34,10,100,30
SZ,002383,2017-01-03 10:30:27,49.2000,1,19680.0000,4,B,48.9800,48.9600,48.9300,48.9200,48.9100,49.2000,49.2800,49.2900,49.3000,49.3900,22,2,2,26,10,36,34,10,100,30
SZ,002383,2017-01-03 10:30:30,49.2000,1,4920.0000,1,B,48.9900,48.9800,48.9600,48.9300,48.9200,49.2000,49.2800,49.2900,49.3000,49.3900,24,22,2,12,26,35,34,10,100,30
SZ,002383,2017-01-03 10:30:39,48.9800,8,244952.0000,50,S,48.9800,48.9600,48.9300,48.9200,48.9100,49.1900,49.2000,49.2800,49.2900,49.3000,10,2,13,26,10,6,56,34,10,100
SZ,002383,2017-01-03 10:30:48,49.0000,1,24500.0000,5,S,48.9900,48.9800,48.9600,48.9300,48.9200,49.0100,49.1900,49.2000,49.2800,49.2900,4,12,2,13,26,2,6,56,34,10
SZ,002383,2017-01-03 10:31:03,49.0100,1,9804.0000,2,B,49.0000,48.9900,48.9800,48.9600,48.9300,49.1800,49.1900,49.2000,49.2800,49.2900,57,6,9,2,13,5,6,56,34,10
SZ,002383,2017-01-03 10:31:06,49.0000,6,284200.0000,58,S,48.9900,48.9800,48.9600,48.9300,48.9200,49.0000,49.1800,49.1900,49.2000,49.2800,6,12,2,13,26,2,5,6,56,34
SZ,002383,2017-01-03 10:31:09,49.0000,1,9800.0000,2,B,49.0000,48.9900,48.9800,48.9600,48.9300,49.1800,49.1900,49.2000,49.2800,49.2900,7,6,12,2,13,5,6,56,1,10
SZ,002383,2017-01-03 10:31:12,49.0000,3,34300.0000,7,S,48.9900,48.9800,48.9600,48.9300,48.9200,49.1800,49.1900,49.2000,49.2800,49.2900,6,12,2,13,26,5,6,56,1,10
SZ,002383,2017-01-03 10:31:15,49.0100,7,34306.0000,7,B,49.0100,48.9900,48.9800,48.9600,48.9300,49.1800,49.1900,49.2000,49.2800,49.2900,3,6,12,2,13,5,6,56,1,10
SZ,002383,2017-01-03 10:31:24,49.0100,1,4902.0000,1,S,49.0100,49.0000,48.9900,48.9800,48.9600,49.1800,49.1900,49.2000,49.2800,49.2900,86,15,6,15,2,5,71,56,1,10
SZ,002383,2017-01-03 10:31:33,49.0100,3,431288.0000,88,S,49.0000,48.9900,48.9800,48.9600,48.9500,49.0100,49.1800,49.1900,49.2000,49.2800,16,4,15,2,20,12,5,71,26,1
SZ,002383,2017-01-03 10:31:36,49.3000,14,1058498.0000,215,B,49.3000,49.0000,48.9900,48.9800,48.9600,49.3900,49.4000,49.4900,49.5000,49.5500,90,16,4,15,2,30,2,3,11,3
SZ,002383,2017-01-03 10:31:42,49.3000,1,443702.0000,90,S,49.0000,48.9900,48.9800,48.9600,48.9500,49.2800,49.3000,49.3900,49.4000,49.4900,16,4,15,2,20,119,130,30,2,3
SZ,002383,2017-01-03 10:31:54,49.2800,2,492736.0000,100,B,49.0300,49.0200,49.0000,48.9900,48.9800,49.2800,49.3900,49.4000,49.4900,49.5000,6,5,16,4,4,49,30,2,3,11
SZ,002383,2017-01-03 10:32:00,49.0300,1,4904.0000,1,S,49.0300,49.0200,49.0100,49.0000,48.9900,49.2500,49.2800,49.3900,49.4000,49.4900,8,5,5,15,4,5,49,30,2,3
SZ,002383,2017-01-03 10:32:03,49.0300,1,4904.0000,1,S,49.0400,49.0300,49.0200,49.0100,49.0000,49.2500,49.2800,49.3900,49.4000,49.4900,2,7,5,5,35,5,54,30,2,3
SZ,002383,2017-01-03 10:32:18,49.0400,4,98096.0000,20,S,49.0400,49.0300,49.0200,49.0100,49.0000,49.2500,49.2800,49.3900,49.4000,49.4900,1,6,5,15,35,5,54,30,2,3
SZ,002383,2017-01-03 10:32:33,49.2500,1,4928.0000,1,B,49.0500,49.0400,49.0300,49.0200,49.0100,49.2500,49.2600,49.2800,49.3900,49.4000,8,1,7,5,16,6,32,54,30,2
SZ,002383,2017-01-03 10:32:36,49.3900,6,492804.0000,100,B,49.0600,49.0500,49.0400,49.0300,49.0200,49.3900,49.4000,49.4900,49.5000,49.5500,1,8,1,7,5,22,2,3,13,3
SZ,002383,2017-01-03 10:32:45,49.0600,3,34344.0000,7,S,49.0600,49.0500,49.0400,49.0300,49.0200,49.3700,49.3900,49.4000,49.4900,49.5000,3,8,3,6,5,5,22,2,3,13
SZ,002383,2017-01-03 10:32:48,49.0600,4,59192.0000,12,S,49.0600,49.0500,49.0400,49.0300,49.0200,49.3900,49.4000,49.4900,49.5000,49.5500,1,8,3,6,5,17,2,3,13,3
SZ,002383,2017-01-03 10:33:03,49.3900,2,49384.0000,10,B,49.0700,49.0600,49.0500,49.0400,49.0300,49.3900,49.4000,49.4900,49.5000,49.5500,20,5,8,3,2,13,2,4,10,3
SZ,002383,2017-01-03 10:33:06,49.5000,9,143384.0000,29,B,49.5000,49.0700,49.0600,49.0500,49.0400,49.5500,49.5800,49.5900,49.6500,49.6600,71,25,5,8,3,3,9,6,2,13
SZ,002383,2017-01-03 10:33:09,49.5000,2,158400.0000,32,S,49.5000,49.0800,49.0700,49.0600,49.0500,49.5500,49.5800,49.5900,49.6500,49.6600,39,3,25,5,8,3,9,6,2,13
SZ,002383,2017-01-03 10:33:15,49.5000,3,193048.0000,39,S,49.0800,49.0700,49.0600,49.0500,49.0400,49.5000,49.5500,49.5800,49.5900,49.6500,3,25,1,16,3,12,3,9,6,2
SZ,002383,2017-01-03 10:33:18,49.5500,2,74268.0000,15,B,49.5500,49.0800,49.0700,49.0600,49.0500,49.5800,49.5900,49.6500,49.6600,49.7900,5,23,25,1,16,9,6,2,13,6
SZ,002383,2017-01-03 10:33:24,49.5500,4,59456.0000,12,S,49.1000,49.0900,49.0800,49.0700,49.0500,49.5800,49.5900,49.6500,49.6600,49.7900,20,4,23,25,16,3,6,2,13,6
SZ,002383,2017-01-03 10:33:27,49.5800,1,9920.0000,2,B,49.1000,49.0900,49.0800,49.0700,49.0500,49.5500,49.5800,49.5900,49.6500,49.6600,25,4,23,5,16,5,1,6,2,13
SZ,002383,2017-01-03 10:33:30,49.5800,2,29732.0000,6,B,49.5800,49.1000,49.0900,49.0800,49.0700,49.5900,49.6500,49.6600,49.7900,49.8100,14,25,4,23,5,6,2,13,6,8
SZ,002383,2017-01-03 10:33:33,49.5900,2,19832.0000,4,B,49.5800,49.1100,49.1000,49.0900,49.0800,49.5900,49.6500,49.6600,49.7900,49.8100,12,9,25,4,20,4,2,13,6,8
SZ,002383,2017-01-03 10:33:36,49.5800,1,59496.0000,12,S,49.1200,49.1100,49.1000,49.0800,49.0700,49.5800,49.5900,49.6500,49.6600,49.7900,30,11,25,21,5,8,4,2,13,6
SZ,002383,2017-01-03 10:33:39,49.6600,6,168712.0000,34,B,49.6600,49.5900,49.5500,49.1200,49.1100,49.7900,49.8000,49.8100,49.8300,49.9400,1,3,1,30,11,6,5,8,11,2
SZ,002383,2017-01-03 10:33:42,49.6600,1,4964.0000,1,S,49.5900,49.5500,49.1400,49.1200,49.1100,49.6000,49.7900,49.8000,49.8100,49.8300,3,1,3,30,11,4,6,5,8,11
SZ,002383,2017-01-03 10:33:45,49.5900,1,14880.0000,3,S,49.1500,49.1400,49.1200,49.1100,49.1000,49.6000,49.7800,49.7900,49.8000,49.8100,1,3,30,7,29,4,5,6,5,8
SZ,002383,2017-01-03 10:33:51,49.6000,1,19840.0000,4,B,49.6000,49.5900,49.2000,49.1600,49.1500,49.6600,49.7500,49.7800,49.7900,49.8000,16,1,32,4,1,2,2,5,6,5
SZ,002383,2017-01-03 10:33:54,49.5900,2,84316.0000,17,S,49.2000,49.1600,49.1500,49.1100,49.1000,49.5800,49.5900,49.6600,49.7500,49.7800,32,4,1,27,29,13,30,2,2,5
SZ,002383,2017-01-03 10:34:06,49.8000,10,347536.0000,70,B,49.8000,49.5800,49.2400,49.2300,49.2100,49.8100,49.8200,49.8300,49.9400,49.9800,141,9,2,50,7,8,10,11,2,16
SZ,002383,2017-01-03 10:34:09,49.8000,1,129480.0000,26,S,49.8000,49.5800,49.2400,49.2300,49.2100,49.8100,49.8200,49.8300,49.9400,49.9800,115,9,2,50,7,8,10,11,2,16
SZ,002383,2017-01-03 10:34:12,49.8000,8,59760.0000,12,S,49.8000,49.5800,49.2500,49.2400,49.2300,49.8100,49.8200,49.8300,49.9400,49.9800,103,9,1,2,50,8,10,11,2,16
SZ,002383,2017-01-03 10:34:15,49.8000,3,458160.0000,92,S,49.8000,49.5800,49.2500,49.2400,49.2100,49.8100,49.8200,49.8300,49.9400,49.9800,11,9,1,2,5,8,10,11,2,16
SZ,002383,2017-01-03 10:34:18,49.8000,3,59760.0000,12,S,49.5800,49.2500,49.2400,49.2100,49.2000,49.8000,49.8100,49.8300,49.9400,49.9800,9,1,2,5,32,17,8,11,2,21
SZ,002383,2017-01-03 10:34:21,49.8000,2,19880.0000,4,B,49.5800,49.3100,49.2500,49.2400,49.2100,49.8000,49.8100,49.8300,49.9400,49.9800,9,5,1,2,5,62,8,11,2,21
SZ,002383,2017-01-03 10:34:42,49.5800,1,24788.0000,5,S,49.5800,49.5000,49.3200,49.3100,49.3000,49.7500,49.7900,49.8000,49.8100,49.8300,4,20,34,5,30,12,30,70,8,11
SZ,002383,2017-01-03 10:34:45,49.5800,1,14876.0000,3,S,49.5800,49.5000,49.3500,49.3200,49.3100,49.7500,49.7800,49.7900,49.8000,49.8100,1,20,30,34,5,17,10,30,76,8
SZ,002383,2017-01-03 10:34:48,49.7500,1,4972.0000,1,B,49.5800,49.5000,49.3500,49.3300,49.3200,49.7500,49.7800,49.7900,49.8000,49.8100,1,20,30,7,34,16,10,30,76,8
SZ,002383,2017-01-03 10:34:51,49.7500,1,4976.0000,1,B,49.5800,49.5000,49.3500,49.3300,49.3200,49.7400,49.7500,49.7800,49.7900,49.8000,1,20,30,7,34,1,25,10,30,76
SZ,002383,2017-01-03 10:35:03,49.7000,2,149100.0000,30,B,49.5800,49.5000,49.3500,49.3300,49.3200,49.7000,49.7200,49.7400,49.7500,49.7800,2,20,30,7,34,195,3,1,25,10
SZ,002383,2017-01-03 10:35:09,49.7000,1,54672.0000,11,B,49.5800,49.5100,49.5000,49.3600,49.3500,49.7000,49.7200,49.7400,49.7500,49.7800,2,3,20,40,30,184,3,1,25,10
SZ,002383,2017-01-03 10:35:15,49.5000,4,123768.0000,25,S,49.3600,49.3500,49.3300,49.3200,49.3100,49.5000,49.7000,49.7400,49.7500,49.7800,40,30,7,2,5,25,184,1,25,10
SZ,002383,2017-01-03 10:35:21,49.5000,1,24748.0000,5,B,49.3600,49.3500,49.3300,49.3200,49.3100,49.5000,49.5800,49.6900,49.7000,49.7400,40,30,7,2,5,20,1,2,186,1
SZ,002383,2017-01-03 10:35:33,49.5000,2,54452.0000,11,B,49.3900,49.3700,49.3600,49.3500,49.3300,49.5000,49.5800,49.6900,49.7000,49.7400,3,4,40,30,7,9,4,4,186,3
SZ,002383,2017-01-03 10:35:42,49.3900,3,14816.0000,3,S,49.3800,49.3700,49.3600,49.3500,49.3300,49.3900,49.5000,49.5800,49.6900,49.7000,7,4,40,30,7,7,9,5,4,191
SZ,002383,2017-01-03 10:35:54,49.3900,5,44452.0000,9,B,49.3800,49.3700,49.3600,49.3500,49.3300,49.5000,49.5800,49.6900,49.7000,49.7400,7,4,40,30,7,9,2,4,191,2
SZ,002383,2017-01-03 10:36:03,49.5000,1,14848.0000,3,B,49.3900,49.3800,49.3700,49.3600,49.3500,49.5000,49.5700,49.5800,49.6900,49.7000,2,7,4,40,30,6,8,5,4,191
SZ,002383,2017-01-03 10:36:06,49.5800,3,74316.0000,15,B,49.3900,49.3800,49.3700,49.3600,49.3500,49.5800,49.6900,49.7000,49.7400,49.7500,2,5,4,40,30,4,4,191,2,35
SZ,002383,2017-01-03 10:36:45,49.6800,3,163932.0000,33,B,49.6800,49.4200,49.4100,49.4000,49.3900,49.6900,49.7000,49.7400,49.7500,49.7600,54,2,3,4,9,4,191,2,35,1
SZ,002383,2017-01-03 10:36:54,49.6800,1,99360.0000,20,S,49.6800,49.4200,49.4100,49.3900,49.3800,49.6900,49.7000,49.7400,49.7500,49.7600,34,2,3,7,5,5,191,2,35,1
SZ,002383,2017-01-03 10:37:00,49.6800,2,54648.0000,11,S,49.6800,49.4200,49.3900,49.3800,49.3600,49.6900,49.7000,49.7400,49.7500,49.7600,23,2,7,5,40,5,189,2,35,1
SZ,002383,2017-01-03 10:37:03,49.6800,3,64584.0000,13,S,49.6800,49.4200,49.3900,49.3800,49.3600,49.6900,49.7000,49.7400,49.7500,49.7600,10,2,7,5,40,5,189,2,35,1
SZ,002383,2017-01-03 10:37:06,49.6800,1,49680.0000,10,S,49.4200,49.3900,49.3800,49.3600,49.3500,49.6900,49.7000,49.7400,49.7500,49.7600,2,7,5,40,30,12,194,2,35,1
SZ,002383,2017-01-03 10:37:15,49.4200,8,54408.0000,11,S,49.3900,49.3800,49.3600,49.3500,49.3300,49.4200,49.6800,49.6900,49.7000,49.7400,7,5,40,30,7,1,32,12,194,2
SZ,002383,2017-01-03 10:37:18,49.6800,3,14880.0000,3,B,49.3800,49.3600,49.3500,49.3300,49.2500,49.6800,49.6900,49.7000,49.7400,49.7500,5,40,30,7,1,30,12,194,2,35
SZ,002383,2017-01-03 10:38:27,49.6700,1,9932.0000,2,B,49.4300,49.3900,49.3800,49.3600,49.3500,49.6700,49.6800,49.6900,49.7000,49.7400,10,12,6,40,30,7,90,8,195,2
SZ,002383,2017-01-03 10:38:45,49.5000,4,29700.0000,6,S,49.4300,49.3900,49.3800,49.3600,49.3500,49.5000,49.6500,49.6600,49.6700,49.6800,10,12,6,40,30,2,23,2,20,91
SZ,002383,2017-01-03 10:38:51,49.4300,2,9888.0000,2,S,49.4300,49.3900,49.3800,49.3600,49.3500,49.5000,49.6500,49.6600,49.6700,49.6800,8,12,6,40,30,4,23,2,20,90
SZ,002383,2017-01-03 10:39:15,49.4000,1,4936.0000,1,S,49.4000,49.3900,49.3800,49.3600,49.3500,49.5000,49.6500,49.6600,49.6700,49.6800,9,12,5,40,30,4,23,2,20,91
SZ,002383,2017-01-03 10:39:21,49.5000,3,19800.0000,4,B,49.5000,49.4000,49.3900,49.3800,49.3600,49.6500,49.6600,49.6700,49.6800,49.6900,46,9,12,5,40,23,2,20,82,3
SZ,002383,2017-01-03 10:39:30,49.5000,1,44552.0000,9,S,49.5000,49.4000,49.3900,49.3800,49.3600,49.6500,49.6600,49.6700,49.6800,49.6900,37,9,12,5,40,26,2,20,82,3
SZ,002383,2017-01-03 10:40:00,49.5000,2,217808.0000,44,S,49.4000,49.3800,49.3600,49.2500,49.1800,49.4900,49.6500,49.6600,49.6700,49.6800,3,5,40,1,1,6,20,2,30,82
SZ,002383,2017-01-03 10:40:09,49.4900,1,29692.0000,6,B,49.5000,49.4000,49.3800,49.3600,49.2500,49.6400,49.6500,49.6600,49.6700,49.6800,12,3,5,40,1,10,20,2,30,82
SZ,002383,2017-01-03 10:40:12,49.5000,6,49500.0000,10,S,49.5000,49.4900,49.4000,49.3800,49.3600,49.6400,49.6500,49.6600,49.6700,49.6800,2,2,2,5,40,10,20,2,30,82
SZ,002383,2017-01-03 10:40:15,49.5000,1,4952.0000,1,S,49.5000,49.4900,49.4000,49.3800,49.3600,49.6400,49.6500,49.6600,49.6700,49.6800,1,2,2,5,40,10,20,2,30,82
SZ,002383,2017-01-03 10:40:24,49.5000,1,4948.0000,1,S,49.4900,49.4000,49.3900,49.3800,49.3600,49.5000,49.6200,49.6400,49.6500,49.6600,2,2,20,5,40,9,12,10,20,2
SZ,002383,2017-01-03 10:40:39,49.5000,1,44552.0000,9,B,49.5000,49.4900,49.4000,49.3900,49.3800,49.6200,49.6400,49.6500,49.6600,49.6700,41,2,4,20,5,12,10,20,2,30
