市场代码,证券代码,时间,最新价,成交笔数,成交额,成交量,方向,买一价,买二价,买三价,买四价,买五价,卖一价,卖二价,卖三价,卖四价,卖五价,买一量,买二量,买三量,买四量,买五量,卖一量,卖二量,卖三量,卖四量,卖五量
SZ,002372,2017-01-03 09:25:03,15.4500,9,156045.0000,101,S,15.4500,15.4400,15.4300,15.3900,15.3300,15.4600,15.4700,15.4800,15.4900,15.5000,308,23,105,3,6,17,17,17,17,17
SZ,002372,2017-01-03 09:30:03,15.6300,166,7242681.0000,4497,B,15.4600,15.4500,15.4400,15.4300,15.3900,15.4800,15.5300,15.5900,15.6000,15.6300,53,314,23,105,148,10,40,40,15,26
SZ,002372,2017-01-03 09:30:06,15.4800,1,1548.0000,1,B,15.4600,15.4500,15.4400,15.4300,15.3900,15.4800,15.5300,15.5900,15.6000,15.6300,73,314,23,105,148,9,40,40,35,26
SZ,002372,2017-01-03 09:30:12,15.4600,1,46380.0000,30,S,15.4600,15.4500,15.4400,15.4300,15.3900,15.4800,15.5300,15.5900,15.6000,15.6300,43,314,23,105,148,9,40,40,35,26
SZ,002372,2017-01-03 09:30:18,15.4600,1,30920.0000,20,S,15.4600,15.4500,15.4400,15.4300,15.3900,15.4800,15.5300,15.5900,15.6000,15.6300,23,10,23,105,148,9,40,50,35,26
SZ,002372,2017-01-03 09:30:21,15.4600,2,35558.0000,23,S,15.4500,15.4400,15.4300,15.3900,15.3600,15.4800,15.5300,15.5900,15.6000,15.6300,10,23,105,148,30,9,40,50,35,26
SZ,002372,2017-01-03 09:30:42,15.4700,1,9282.0000,6,B,15.4500,15.4400,15.4300,15.3900,15.3600,15.4700,15.4800,15.5300,15.5900,15.6000,413,23,105,148,30,14,9,40,50,38
SZ,002372,2017-01-03 09:30:51,15.4700,2,22973.0000,15,B,15.4700,15.4600,15.4500,15.4400,15.4300,15.4800,15.5300,15.5900,15.6000,15.6300,7,1,413,23,105,9,43,50,38,26
SZ,002372,2017-01-03 09:30:54,15.4800,1,13932.0000,9,B,15.4800,15.4700,15.4600,15.4500,15.4400,15.5300,15.5900,15.6000,15.6300,15.6800,2,1,1,415,23,43,50,38,26,10
SZ,002372,2017-01-03 09:30:57,15.4800,2,6192.0000,4,S,15.4700,15.4600,15.4500,15.4400,15.4300,15.4800,15.5300,15.5900,15.6000,15.6300,1,1,415,23,197,6,43,50,38,26
SZ,002372,2017-01-03 09:31:03,15.4800,1,9288.0000,6,B,15.4800,15.4700,15.4600,15.4500,15.4400,15.5300,15.5900,15.6000,15.6300,15.6800,62,1,3,415,23,43,50,38,26,10
SZ,002372,2017-01-03 09:31:09,15.4800,1,1548.0000,1,S,15.4800,15.4700,15.4600,15.4500,15.4400,15.5300,15.5900,15.6000,15.6300,15.6800,15,1,1269,415,23,43,50,48,26,10
SZ,002372,2017-01-03 09:31:21,15.4800,1,1548.0000,1,S,15.4800,15.4700,15.4600,15.4500,15.4400,15.5200,15.5300,15.5600,15.5900,15.6000,65,1,1269,415,23,15,40,10,50,48
SZ,002372,2017-01-03 09:31:30,15.5200,2,10864.0000,7,B,15.4900,15.4800,15.4700,15.4600,15.4500,15.5200,15.5300,15.5600,15.5900,15.6000,103,65,51,1269,415,8,40,10,50,48
SZ,002372,2017-01-03 09:31:33,15.4900,1,1549.0000,1,S,15.4900,15.4800,15.4700,15.4600,15.4500,15.5200,15.5300,15.5600,15.5900,15.6000,101,65,50,1269,415,9,40,10,50,48
SZ,002372,2017-01-03 09:31:36,15.5300,4,17074.0000,11,B,15.4900,15.4800,15.4700,15.4600,15.4500,15.5300,15.5500,15.5600,15.5800,15.5900,101,65,50,1269,415,38,3,10,2,50
SZ,002372,2017-01-03 09:31:45,15.4900,2,6208.0000,4,S,15.4900,15.4800,15.4700,15.4600,15.4500,15.5300,15.5500,15.5600,15.5800,15.5900,100,65,50,1269,415,35,3,10,2,50
SZ,002372,2017-01-03 09:31:51,15.4900,1,4647.0000,3,S,15.5100,15.4900,15.4800,15.4700,15.4600,15.5200,15.5300,15.5500,15.5600,15.5800,4,97,65,50,1269,15,35,3,10,2
SZ,002372,2017-01-03 09:31:57,15.4900,2,15498.0000,10,S,15.5100,15.4900,15.4800,15.4700,15.4600,15.5200,15.5300,15.5500,15.5600,15.5800,19,91,65,50,1269,15,35,3,10,2
SZ,002372,2017-01-03 09:32:00,15.5200,1,23280.0000,15,B,15.5200,15.5100,15.4900,15.4800,15.4700,15.5300,15.5500,15.5600,15.5800,15.5900,113,19,91,53,50,35,3,10,12,50
SZ,002372,2017-01-03 09:32:12,15.5300,1,46590.0000,30,B,15.5200,15.5100,15.5000,15.4900,15.4800,15.5300,15.5500,15.5600,15.5800,15.5900,143,31,1,91,27,5,3,10,12,50
SZ,002372,2017-01-03 09:32:18,15.5300,2,9317.0000,6,B,15.5300,15.5200,15.5100,15.5000,15.4900,15.5600,15.5800,15.5900,15.6000,15.6300,12,112,12,1,91,10,12,50,48,26
SZ,002372,2017-01-03 09:32:30,15.5400,4,23334.0000,15,S,15.5400,15.5300,15.5200,15.5100,15.5000,15.5800,15.5900,15.6000,15.6300,15.6500,147,12,5,12,1,11,50,48,26,5
SZ,002372,2017-01-03 09:32:42,15.5800,3,21812.0000,14,B,15.5800,15.5600,15.5400,15.5300,15.5200,15.5900,15.6000,15.6300,15.6500,15.6800,5,2,147,12,5,50,58,26,5,22
SZ,002372,2017-01-03 09:32:48,15.5800,2,24928.0000,16,S,15.5800,15.5600,15.5400,15.5300,15.5200,15.5900,15.6000,15.6300,15.6500,15.6800,95,2,157,12,5,50,58,26,5,22
SZ,002372,2017-01-03 09:32:54,15.5900,2,20267.0000,13,B,15.5800,15.5600,15.5400,15.5300,15.5200,15.5900,15.6000,15.6300,15.6500,15.6800,107,2,157,12,5,37,58,26,5,22
SZ,002372,2017-01-03 09:32:57,15.5900,2,12472.0000,8,B,15.5800,15.5600,15.5400,15.5300,15.5200,15.5900,15.6000,15.6300,15.6500,15.6800,107,2,157,12,5,29,58,26,5,22
SZ,002372,2017-01-03 09:33:03,15.5900,4,45211.0000,29,B,15.5800,15.5600,15.5400,15.5300,15.5200,15.6000,15.6300,15.6500,15.6800,15.6900,12,2,157,12,5,58,26,5,22,3
SZ,002372,2017-01-03 09:33:06,15.5800,1,3116.0000,2,S,15.5900,15.5800,15.5600,15.5400,15.5300,15.6000,15.6300,15.6500,15.6800,15.6900,10,22,2,157,12,58,26,5,22,3
SZ,002372,2017-01-03 09:33:09,15.6000,1,4680.0000,3,B,15.5900,15.5800,15.5600,15.5400,15.5300,15.6000,15.6300,15.6500,15.6800,15.6900,13,22,2,147,12,55,26,5,22,3
SZ,002372,2017-01-03 09:33:12,15.5800,7,70133.0000,45,S,15.5600,15.5400,15.5300,15.5000,15.4800,15.5800,15.6000,15.6300,15.6500,15.6800,2,147,12,4,27,37,50,26,5,22
SZ,002372,2017-01-03 09:33:18,15.5600,56,2363242.0000,1444,S,15.5600,15.5400,15.5300,15.5000,15.4800,16.9500,16.9600,16.9700,0.0000,0.0000,1,147,12,4,27,44,70,219,0,0
SZ,002372,2017-01-03 09:33:24,15.6500,4,51645.0000,33,B,15.6500,15.5600,15.5400,15.5300,15.5000,16.9500,16.9600,16.9700,0.0000,0.0000,15,1,56,12,4,44,70,219,0,0
SZ,002372,2017-01-03 09:33:27,15.6500,1,4695.0000,3,S,15.6500,15.5600,15.5400,15.5300,15.5000,16.9500,16.9600,16.9700,0.0000,0.0000,20,92,56,12,4,44,70,219,0,0
SZ,002372,2017-01-03 09:33:30,16.4500,1,19740.0000,12,B,15.6300,15.5600,15.5400,15.5300,15.5000,16.4500,16.9500,16.9600,16.9700,0.0000,10,92,56,12,4,8,44,70,219,0
SZ,002372,2017-01-03 09:33:36,15.6500,1,10955.0000,7,S,15.6300,15.5600,15.5400,15.5300,15.5000,15.6500,15.8200,15.9600,16.0000,16.1000,10,97,56,12,4,143,12,87,5,30
SZ,002372,2017-01-03 09:33:42,15.6500,1,1565.0000,1,B,15.5600,15.5400,15.5300,15.5000,15.4900,15.6500,15.8200,15.9600,16.0000,16.1000,97,56,12,4,57,142,14,87,5,30
SZ,002372,2017-01-03 09:33:48,15.6500,8,125178.0000,80,B,15.5600,15.5400,15.5300,15.5000,15.4900,15.6500,15.8200,15.9600,16.0000,16.1000,97,56,12,4,57,83,14,87,5,30
SZ,002372,2017-01-03 09:33:51,15.6500,1,29735.0000,19,B,15.5700,15.5600,15.5400,15.5300,15.5000,15.6500,15.8200,15.9600,16.0000,16.1000,3,101,56,12,4,64,14,87,5,30
SZ,002372,2017-01-03 09:33:54,15.6500,3,9382.0000,6,B,15.5700,15.5600,15.5400,15.5300,15.5000,15.6500,15.8000,15.8200,15.9600,16.0000,3,101,56,12,4,62,100,14,87,7
SZ,002372,2017-01-03 09:33:57,15.6500,1,9390.0000,6,B,15.5700,15.5600,15.5400,15.5300,15.5000,15.6500,15.8000,15.8200,15.8900,15.9600,3,100,56,12,4,56,100,2,50,87
SZ,002372,2017-01-03 09:34:00,15.6500,4,43760.0000,28,B,15.5900,15.5800,15.5700,15.5600,15.5400,15.6500,15.8000,15.8200,15.8900,15.9600,22,41,9,100,56,68,100,2,50,87
SZ,002372,2017-01-03 09:34:03,15.6500,2,23475.0000,15,B,15.5900,15.5800,15.5700,15.5600,15.5400,15.6500,15.8000,15.8200,15.8900,15.9600,22,43,9,100,56,53,100,2,50,87
SZ,002372,2017-01-03 09:34:06,15.6500,2,23475.0000,15,B,15.6000,15.5900,15.5800,15.5700,15.5600,15.6500,15.7900,15.8000,15.8200,15.8900,57,22,43,11,98,38,10,100,7,50
SZ,002372,2017-01-03 09:34:09,15.6500,4,45365.0000,29,B,15.6000,15.5900,15.5800,15.5700,15.5600,15.6500,15.7900,15.8000,15.8200,15.8900,57,32,43,11,98,19,10,100,7,50
SZ,002372,2017-01-03 09:34:12,15.6500,2,29735.0000,19,B,15.6500,15.6000,15.5900,15.5800,15.5700,15.7500,15.7900,15.8000,15.8200,15.8400,8,61,34,43,11,1,13,100,7,5
SZ,002372,2017-01-03 09:34:15,15.6500,1,6260.0000,4,S,15.6500,15.6100,15.6000,15.5900,15.5800,15.7500,15.7900,15.8000,15.8200,15.8400,14,2,61,34,43,1,13,100,7,5
SZ,002372,2017-01-03 09:34:21,15.6500,3,12520.0000,8,S,15.6700,15.6600,15.6500,15.6100,15.6000,15.7000,15.7500,15.7900,15.8000,15.8200,10,50,231,22,75,10,1,15,100,7
SZ,002372,2017-01-03 09:34:33,15.7500,5,69021.0000,44,B,15.7500,15.7000,15.6800,15.6700,15.6600,15.7900,15.8000,15.8200,15.8300,15.8400,15,20,15,73,73,15,108,7,5,5
SZ,002372,2017-01-03 09:34:36,15.7000,3,40895.0000,26,S,15.7000,15.6800,15.6700,15.6600,15.6500,15.7900,15.8000,15.8200,15.8300,15.8400,19,21,73,73,106,15,108,7,5,5
SZ,002372,2017-01-03 09:34:42,15.7900,1,6316.0000,4,B,15.7000,15.6800,15.6700,15.6600,15.6500,15.7900,15.8000,15.8200,15.8300,15.8400,19,21,73,73,56,31,108,7,5,5
SZ,002372,2017-01-03 09:34:45,15.7900,2,6312.0000,4,B,15.7000,15.6800,15.6700,15.6600,15.6500,15.7900,15.8000,15.8200,15.8300,15.8400,19,21,73,73,36,28,108,7,5,5
SZ,002372,2017-01-03 09:34:48,15.8000,7,216432.0000,137,B,15.8000,15.7100,15.7000,15.6800,15.6700,15.8200,15.8300,15.8400,15.8900,15.9000,63,2,19,21,73,7,5,5,50,50
SZ,002372,2017-01-03 09:34:54,15.8200,4,44246.0000,28,B,15.8000,15.7900,15.7200,15.7100,15.7000,15.8200,15.8300,15.8400,15.8900,15.9000,38,32,6,10,22,4,5,5,50,50
SZ,002372,2017-01-03 09:34:57,15.8200,1,6328.0000,4,B,15.8200,15.8100,15.8000,15.7900,15.7500,15.8300,15.8400,15.8900,15.9000,15.9500,16,50,38,32,10,5,5,50,50,24
SZ,002372,2017-01-03 09:35:00,15.7900,8,199205.0000,126,S,15.7900,15.7500,15.7200,15.7100,15.7000,15.8900,15.9000,15.9500,15.9600,15.9800,33,10,6,8,22,50,50,24,92,2
SZ,002372,2017-01-03 09:35:06,15.8400,1,3168.0000,2,B,15.8300,15.8200,15.7900,15.7500,15.7100,15.8400,15.8500,15.8900,15.9000,15.9500,10,73,90,10,7,1,10,50,50,24
SZ,002372,2017-01-03 09:35:09,15.8200,8,131316.0000,83,S,15.7900,15.7500,15.7200,15.7100,15.7000,15.8200,15.8400,15.8500,15.8800,15.8900,90,10,70,7,22,9,1,30,10,50
SZ,002372,2017-01-03 09:35:12,15.8500,4,22162.0000,14,B,15.8400,15.7900,15.7500,15.7200,15.7100,15.8500,15.8800,15.8900,15.9000,15.9500,79,88,10,70,7,26,20,52,50,24
SZ,002372,2017-01-03 09:35:15,15.8500,2,30115.0000,19,B,15.8400,15.8200,15.7900,15.7500,15.7200,15.8500,15.8800,15.8900,15.9000,15.9500,99,100,88,10,70,7,20,52,50,24
SZ,002372,2017-01-03 09:35:18,15.8600,2,12681.0000,8,B,15.8600,15.8500,15.8400,15.8200,15.7900,15.8800,15.8900,15.9000,15.9500,15.9600,12,7,109,130,88,20,52,50,24,92
SZ,002372,2017-01-03 09:35:21,15.8400,7,169519.0000,107,S,15.8600,15.8400,15.8200,15.7900,15.7500,15.8700,15.8800,15.8900,15.9000,15.9500,4,24,130,88,10,2,20,52,50,29
SZ,002372,2017-01-03 09:35:24,15.8600,1,1586.0000,1,S,15.8600,15.8500,15.8400,15.8200,15.7900,15.8700,15.8800,15.8900,15.9000,15.9500,3,2,24,130,88,2,20,52,50,18
SZ,002372,2017-01-03 09:35:27,15.8700,2,6345.0000,4,B,15.8600,15.8500,15.8400,15.8200,15.7900,15.8700,15.8800,15.8900,15.9000,15.9500,73,2,29,30,88,8,20,52,50,18
SZ,002372,2017-01-03 09:35:30,15.8600,1,1586.0000,1,S,15.8600,15.8500,15.8400,15.8200,15.7900,15.8700,15.8800,15.8900,15.9000,15.9500,72,2,29,30,88,8,20,52,50,20
SZ,002372,2017-01-03 09:35:33,15.8700,5,61868.0000,39,B,15.8700,15.8600,15.8500,15.8400,15.8200,15.8800,15.8900,15.9000,15.9500,15.9600,29,47,2,30,30,20,52,50,20,94
SZ,002372,2017-01-03 09:35:36,15.8800,1,11116.0000,7,B,15.8700,15.8600,15.8500,15.8400,15.8200,15.8800,15.8900,15.9000,15.9500,15.9600,40,47,30,30,30,13,52,50,20,94
SZ,002372,2017-01-03 09:35:39,15.8900,6,58740.0000,37,B,15.8700,15.8600,15.8500,15.8400,15.8200,15.8900,15.9000,15.9500,15.9600,15.9800,22,47,30,30,30,48,50,30,94,103
SZ,002372,2017-01-03 09:35:42,15.8700,3,15870.0000,10,S,15.8800,15.8700,15.8600,15.8500,15.8400,15.8900,15.9000,15.9500,15.9600,15.9800,39,12,155,30,30,48,50,30,94,103
SZ,002372,2017-01-03 09:35:48,15.8800,5,100094.0000,63,S,15.8900,15.8800,15.8700,15.8600,15.8500,15.9000,15.9500,15.9600,15.9800,15.9900,10,35,17,155,30,52,27,95,103,153
SZ,002372,2017-01-03 09:35:51,15.9000,2,82680.0000,52,B,15.9000,15.8900,15.8800,15.8700,15.8600,15.9200,15.9500,15.9600,15.9800,15.9900,51,117,33,12,155,6,27,95,103,153
SZ,002372,2017-01-03 09:35:54,15.8900,8,181227.0000,114,S,15.8900,15.8800,15.8700,15.8600,15.8500,15.9200,15.9500,15.9600,15.9800,15.9900,69,33,13,155,30,6,27,95,103,153
SZ,002372,2017-01-03 09:35:57,15.8800,3,114405.0000,72,S,15.9000,15.8800,15.8700,15.8600,15.8500,15.9500,15.9600,15.9800,15.9900,16.0000,50,30,11,155,30,32,105,103,153,77
SZ,002372,2017-01-03 09:36:00,15.9500,4,31900.0000,20,B,15.9200,15.9000,15.8800,15.8700,15.8600,15.9500,15.9600,15.9800,15.9900,16.0000,70,50,30,10,155,12,125,113,153,77
SZ,002372,2017-01-03 09:36:03,15.9500,4,92352.0000,58,B,15.9200,15.9000,15.8800,15.8700,15.8600,15.9500,15.9600,15.9800,15.9900,16.0000,75,60,30,10,155,36,145,117,153,77
SZ,002372,2017-01-03 09:36:06,15.9500,2,7975.0000,5,B,15.9200,15.9100,15.9000,15.8800,15.8700,15.9500,15.9600,15.9800,15.9900,16.0000,75,10,60,30,10,51,145,117,153,77
SZ,002372,2017-01-03 09:36:09,15.9500,8,98890.0000,62,B,15.9200,15.9100,15.9000,15.8800,15.8700,15.9500,15.9600,15.9800,15.9900,16.0000,75,10,60,16,10,14,145,117,153,77
SZ,002372,2017-01-03 09:36:12,15.9400,3,102030.0000,64,S,15.9200,15.9100,15.9000,15.8800,15.8700,15.9500,15.9600,15.9800,15.9900,16.0000,75,10,60,16,15,108,145,117,153,77
SZ,002372,2017-01-03 09:36:15,15.9500,4,23925.0000,15,B,15.9300,15.9200,15.9100,15.9000,15.8800,15.9500,15.9600,15.9800,15.9900,16.0000,12,75,10,60,36,93,145,117,153,77
SZ,002372,2017-01-03 09:36:18,15.9500,5,129173.0000,81,B,15.9300,15.9200,15.9100,15.9000,15.8800,15.9500,15.9600,15.9800,15.9900,16.0000,12,75,10,10,36,63,145,117,153,77
SZ,002372,2017-01-03 09:36:21,15.9500,4,25520.0000,16,B,15.9300,15.9200,15.9100,15.9000,15.8800,15.9500,15.9600,15.9700,15.9800,15.9900,15,75,10,10,36,51,145,4,117,153
SZ,002372,2017-01-03 09:36:24,15.9500,5,70180.0000,44,B,15.9300,15.9200,15.9100,15.9000,15.8800,15.9500,15.9600,15.9700,15.9800,15.9900,213,75,10,10,36,32,145,4,117,153
SZ,002372,2017-01-03 09:36:27,15.9600,12,213828.0000,134,B,15.9500,15.9300,15.9200,15.9100,15.9000,15.9600,15.9700,15.9800,15.9900,16.0000,71,212,75,10,10,44,4,117,158,79
SZ,002372,2017-01-03 09:36:30,15.9500,4,41475.0000,26,S,15.9500,15.9300,15.9200,15.9100,15.9000,15.9600,15.9700,15.9800,15.9900,16.0000,70,259,75,10,10,39,4,117,158,84
SZ,002372,2017-01-03 09:36:33,15.9500,5,113256.0000,71,S,15.9500,15.9300,15.9200,15.9100,15.9000,15.9600,15.9700,15.9800,15.9900,16.0000,16,259,75,10,10,28,14,117,158,84
SZ,002372,2017-01-03 09:36:36,15.9700,12,105320.0000,66,B,15.9500,15.9300,15.9200,15.9100,15.9000,15.9700,15.9800,15.9900,16.0000,16.0200,3,259,75,10,10,13,117,158,84,5
SZ,002372,2017-01-03 09:36:39,15.9500,3,14355.0000,9,S,15.9300,15.9200,15.9100,15.9000,15.8800,15.9500,15.9700,15.9800,15.9900,16.0000,259,75,10,10,36,3,13,117,158,89
SZ,002372,2017-01-03 09:36:42,15.9600,3,14362.0000,9,B,15.9600,15.9300,15.9200,15.9100,15.9000,15.9700,15.9800,15.9900,16.0000,16.0200,42,259,75,10,10,12,117,158,89,5
SZ,002372,2017-01-03 09:36:45,15.9600,1,1596.0000,1,S,15.9600,15.9300,15.9200,15.9100,15.9000,15.9700,15.9800,15.9900,16.0000,16.0200,41,259,75,10,10,12,117,158,89,5
SZ,002372,2017-01-03 09:36:48,15.9300,12,234373.0000,147,S,15.9200,15.9100,15.9000,15.8800,15.8700,15.9300,15.9600,15.9700,15.9800,15.9900,75,10,10,36,15,156,14,2,117,158
SZ,002372,2017-01-03 09:36:51,15.9200,6,168783.0000,106,S,15.9000,15.8800,15.8700,15.8600,15.8500,15.9300,15.9500,15.9600,15.9700,15.9800,10,36,15,10,2,140,2,14,4,117
SZ,002372,2017-01-03 09:36:54,15.9800,14,398761.0000,250,B,15.9500,15.9000,15.8800,15.8700,15.8600,15.9700,15.9800,15.9900,16.0000,16.0200,7,10,36,15,10,50,27,160,89,5
SZ,002372,2017-01-03 09:36:57,15.9700,1,14373.0000,9,B,15.9500,15.9000,15.8800,15.8700,15.8600,15.9700,15.9800,15.9900,16.0000,16.0200,18,10,36,15,10,42,32,160,89,5
SZ,002372,2017-01-03 09:37:00,15.9500,3,15956.0000,10,S,15.9500,15.9300,15.9000,15.8800,15.8700,15.9600,15.9700,15.9800,15.9900,16.0000,11,3,12,33,15,3,39,32,160,89
SZ,002372,2017-01-03 09:37:03,15.9500,6,63817.0000,40,S,15.9600,15.9300,15.9000,15.8800,15.8700,15.9700,15.9800,15.9900,16.0000,16.0200,31,8,12,33,15,62,55,170,89,5
SZ,002372,2017-01-03 09:37:06,15.9700,4,31929.0000,20,B,15.9600,15.9300,15.9000,15.8800,15.8700,15.9700,15.9800,15.9900,16.0000,16.0200,20,8,20,33,15,53,55,170,91,5
SZ,002372,2017-01-03 09:37:12,15.9800,14,197246.0000,123,B,15.9800,15.9600,15.9300,15.9000,15.8800,15.9900,16.0000,16.0200,16.0500,16.0800,63,25,8,20,33,170,91,5,10,5
SZ,002372,2017-01-03 09:37:18,15.9900,8,276627.0000,173,B,15.9900,15.9800,15.9700,15.9600,15.9300,16.0000,16.0200,16.0500,16.0800,16.1000,125,63,16,18,58,1091,5,10,5,35
SZ,002372,2017-01-03 09:37:21,15.9900,5,122003.0000,77,S,15.9900,15.9800,15.9700,15.9600,15.9300,16.0000,16.0200,16.0500,16.0800,16.1000,48,63,16,18,58,1091,5,10,10,35
SZ,002372,2017-01-03 09:37:24,15.9900,5,330995.0000,207,S,15.9800,15.9700,15.9600,15.9300,15.9000,15.9900,16.0000,16.0200,16.0500,16.0800,63,16,18,58,91,34,1090,5,10,10
SZ,002372,2017-01-03 09:37:27,15.9700,3,106312.0000,66,S,15.9700,15.9600,15.9300,15.9000,15.8800,15.9800,15.9900,16.0000,16.0200,16.0500,13,18,58,91,33,148,134,1090,5,10
SZ,002372,2017-01-03 09:37:30,15.9800,2,23965.0000,15,B,15.9700,15.9600,15.9300,15.9000,15.8800,15.9800,15.9900,16.0000,16.0200,16.0500,69,18,58,91,33,142,134,1090,5,10
SZ,002372,2017-01-03 09:37:33,15.9800,5,51111.0000,32,B,15.9700,15.9600,15.9300,15.9000,15.8800,15.9800,15.9900,16.0000,16.0200,16.0500,44,18,58,91,33,147,134,1090,5,13
SZ,002372,2017-01-03 09:37:36,15.9600,4,114966.0000,72,S,15.9300,15.9000,15.8900,15.8800,15.8700,15.9600,15.9800,15.9900,16.0000,16.0200,58,91,50,33,15,235,152,134,1092,5
SZ,002372,2017-01-03 09:37:39,15.9300,7,110082.0000,69,S,15.9300,15.9000,15.8900,15.8800,15.8700,15.9600,15.9800,15.9900,16.0000,16.0200,44,91,50,33,15,180,152,134,1092,5
SZ,002372,2017-01-03 09:37:42,15.9600,1,11172.0000,7,B,15.9300,15.9000,15.8900,15.8800,15.8700,15.9600,15.9700,15.9800,15.9900,16.0000,44,91,50,33,15,173,2,152,154,1092
SZ,002372,2017-01-03 09:37:45,15.9000,4,98712.0000,62,S,15.9000,15.8900,15.8800,15.8700,15.8600,15.9400,15.9600,15.9700,15.9800,15.9900,73,50,33,15,20,4,173,2,142,154
SZ,002372,2017-01-03 09:37:48,15.9300,2,3183.0000,2,B,15.9300,15.9000,15.8900,15.8800,15.8700,15.9400,15.9600,15.9700,15.9800,15.9900,5,72,50,33,15,4,186,2,152,209
SZ,002372,2017-01-03 09:37:51,15.9000,6,95707.0000,60,S,15.9000,15.8900,15.8800,15.8700,15.8600,15.9600,15.9700,15.9800,15.9900,16.0000,67,50,33,15,20,140,2,152,209,1092
SZ,002372,2017-01-03 09:37:54,15.9400,2,12752.0000,8,B,15.9000,15.8900,15.8800,15.8700,15.8600,15.9400,15.9600,15.9700,15.9800,15.9900,77,50,13,15,20,2,160,64,162,209
SZ,002372,2017-01-03 09:37:57,15.9000,2,81090.0000,51,S,15.9000,15.8900,15.8800,15.8700,15.8600,15.9100,15.9300,15.9400,15.9500,15.9600,26,50,13,15,20,5,2,2,220,160
SZ,002372,2017-01-03 09:38:00,15.9100,3,9543.0000,6,B,15.9000,15.8900,15.8800,15.8700,15.8600,15.9100,15.9300,15.9400,15.9500,15.9600,23,50,13,15,20,2,2,2,220,160
SZ,002372,2017-01-03 09:38:03,15.9000,10,82775.0000,52,S,15.8900,15.8800,15.8700,15.8600,15.8500,15.9000,15.9500,15.9600,15.9700,15.9800,50,13,15,20,2,156,210,160,101,162
SZ,002372,2017-01-03 09:38:06,15.9000,2,17490.0000,11,B,15.8900,15.8800,15.8700,15.8600,15.8500,15.9000,15.9500,15.9600,15.9700,15.9800,50,13,15,20,2,160,210,160,101,158
SZ,002372,2017-01-03 09:38:09,15.9000,8,332261.0000,209,B,15.9000,15.8900,15.8800,15.8700,15.8600,15.9500,15.9600,15.9700,15.9800,15.9900,58,1,13,35,20,210,160,101,158,227
SZ,002372,2017-01-03 09:38:12,15.9000,1,47700.0000,30,S,15.9000,15.8900,15.8800,15.8700,15.8600,15.9400,15.9500,15.9600,15.9700,15.9800,28,1,13,35,20,200,219,160,101,158
SZ,002372,2017-01-03 09:38:15,15.9000,3,42930.0000,27,S,15.9000,15.8900,15.8800,15.8700,15.8600,15.9400,15.9500,15.9600,15.9700,15.9800,1,1,13,35,20,300,219,160,101,158
SZ,002372,2017-01-03 09:38:18,15.9000,1,1590.0000,1,S,15.8900,15.8800,15.8700,15.8600,15.8500,15.9000,15.9200,15.9400,15.9500,15.9600,1,13,35,20,2,9,20,300,219,160
SZ,002372,2017-01-03 09:38:21,15.8900,1,1589.0000,1,S,15.8800,15.8700,15.8600,15.8500,15.8400,15.8900,15.9000,15.9200,15.9300,15.9400,25,35,20,2,25,9,13,220,10,300
SZ,002372,2017-01-03 09:38:27,15.8800,1,7940.0000,5,S,15.8800,15.8700,15.8600,15.8500,15.8400,15.8900,15.9000,15.9200,15.9300,15.9400,20,35,20,2,25,9,17,220,11,305
SZ,002372,2017-01-03 09:38:30,15.8900,1,4767.0000,3,B,15.8800,15.8700,15.8600,15.8500,15.8400,15.8900,15.9000,15.9200,15.9300,15.9400,20,35,20,22,25,6,77,220,11,305
SZ,002372,2017-01-03 09:38:33,15.8800,4,79400.0000,50,S,15.8700,15.8600,15.8500,15.8400,15.8000,15.8800,15.8900,15.9000,15.9200,15.9300,35,20,22,24,20,23,26,87,220,11
SZ,002372,2017-01-03 09:38:39,15.8800,1,3176.0000,2,B,15.8700,15.8600,15.8500,15.8400,15.8000,15.8800,15.8900,15.9000,15.9200,15.9300,106,20,24,24,20,28,37,87,220,11
SZ,002372,2017-01-03 09:38:42,15.8700,8,169810.0000,107,S,15.8600,15.8500,15.8400,15.8000,15.7900,15.8700,15.8800,15.8900,15.9000,15.9200,20,24,24,20,10,168,38,37,87,220
SZ,002372,2017-01-03 09:38:48,15.8600,3,17456.0000,11,S,15.8600,15.8500,15.8400,15.8000,15.7900,15.8700,15.8800,15.8900,15.9000,15.9100,19,4,24,20,10,813,38,37,85,10
SZ,002372,2017-01-03 09:38:51,15.8600,4,171388.0000,108,S,15.8600,15.8500,15.8400,15.8000,15.7900,15.8700,15.8800,15.8900,15.9000,15.9100,11,4,24,20,10,714,38,17,75,10
SZ,002372,2017-01-03 09:38:54,15.8400,7,61800.0000,39,S,15.8000,15.7900,15.7600,15.7500,15.7000,15.8400,15.8700,15.8800,15.8900,15.9000,20,10,20,10,12,61,716,38,17,75
SZ,002372,2017-01-03 09:39:00,15.8700,3,793318.0000,500,B,15.8200,15.8000,15.7900,15.7500,15.7000,15.8700,15.8800,15.8900,15.9000,15.9100,50,20,10,10,19,277,38,17,75,10
SZ,002372,2017-01-03 09:39:03,15.8200,2,55370.0000,35,S,15.8200,15.8100,15.8000,15.7900,15.7500,15.8600,15.8700,15.8800,15.8900,15.9000,15,10,20,10,10,2,277,38,17,75
SZ,002372,2017-01-03 09:39:06,15.8100,3,39540.0000,25,S,15.8000,15.7900,15.7500,15.7000,15.6800,15.8600,15.8700,15.8800,15.8900,15.9000,20,10,10,19,5,16,226,38,44,75
SZ,002372,2017-01-03 09:39:09,15.8000,1,6320.0000,4,S,15.8000,15.7900,15.7800,15.7500,15.7000,15.8600,15.8700,15.8800,15.8900,15.9000,16,10,12,10,19,26,245,38,44,75
SZ,002372,2017-01-03 09:39:18,15.8000,2,3164.0000,2,S,15.8000,15.7900,15.7800,15.7500,15.7100,15.8300,15.8500,15.8600,15.8700,15.8800,19,10,12,10,13,1,10,126,245,38
SZ,002372,2017-01-03 09:39:27,15.8500,3,30076.0000,19,B,15.8100,15.8000,15.7900,15.7800,15.7500,15.8500,15.8600,15.8700,15.8800,15.8900,1,143,13,19,12,1,127,245,28,54
SZ,002372,2017-01-03 09:39:33,15.8500,1,1584.0000,1,B,15.8500,15.8100,15.8000,15.7900,15.7800,15.8600,15.8700,15.8800,15.8900,15.9000,9,1,143,13,19,127,245,28,54,73
SZ,002372,2017-01-03 09:39:39,15.8500,4,26934.0000,17,S,15.8100,15.8000,15.7900,15.7800,15.7500,15.8500,15.8600,15.8700,15.8800,15.8900,39,143,13,19,14,39,127,245,28,54
SZ,002372,2017-01-03 09:39:42,15.8600,5,75290.0000,48,B,15.8500,15.8200,15.8100,15.8000,15.7900,15.8600,15.8700,15.8800,15.8900,15.9000,40,2,39,143,13,124,245,28,54,73
SZ,002372,2017-01-03 09:39:45,15.8200,3,73696.0000,46,S,15.8100,15.8000,15.7900,15.7800,15.7500,15.8500,15.8600,15.8700,15.8800,15.8900,69,143,13,19,14,55,124,245,28,54
SZ,002372,2017-01-03 09:39:51,15.8200,1,11076.0000,7,S,15.8200,15.8100,15.8000,15.7900,15.7800,15.8500,15.8600,15.8700,15.8800,15.8900,14,79,143,13,19,65,124,245,28,54
SZ,002372,2017-01-03 09:39:57,15.8500,1,15848.0000,10,B,15.8200,15.8100,15.8000,15.7900,15.7800,15.8400,15.8500,15.8600,15.8700,15.8800,19,79,145,13,19,30,65,124,245,28
SZ,002372,2017-01-03 09:40:00,15.8100,6,110690.0000,70,S,15.8200,15.8100,15.8000,15.7900,15.7800,15.8400,15.8500,15.8600,15.8700,15.8800,4,28,145,13,19,30,65,124,245,28
SZ,002372,2017-01-03 09:40:03,15.8200,3,22168.0000,14,S,15.8100,15.8000,15.7900,15.7800,15.7500,15.8400,15.8500,15.8600,15.8700,15.8800,28,145,13,19,4,20,65,124,245,18
SZ,002372,2017-01-03 09:40:09,15.8300,4,56988.0000,36,S,15.8300,15.8200,15.8100,15.8000,15.7900,15.8400,15.8500,15.8600,15.8700,15.8800,64,20,28,145,13,29,67,124,245,18
SZ,002372,2017-01-03 09:40:15,15.8500,5,123602.0000,78,B,15.8400,15.8300,15.8200,15.8100,15.8000,15.8500,15.8600,15.8700,15.8800,15.8900,9,64,20,28,145,21,124,245,18,54
SZ,002372,2017-01-03 09:40:18,15.8400,2,3168.0000,2,S,15.8400,15.8300,15.8100,15.8000,15.7900,15.8500,15.8600,15.8700,15.8800,15.8900,22,64,28,145,13,21,124,245,18,54
SZ,002372,2017-01-03 09:40:27,15.8500,4,34076.0000,22,B,15.8500,15.8400,15.8300,15.8100,15.8000,15.8600,15.8700,15.8800,15.8900,15.9000,22,116,64,30,51,124,245,18,54,15
SZ,002372,2017-01-03 09:40:30,15.8600,2,63440.0000,40,B,15.8500,15.8400,15.8300,15.8100,15.8000,15.8600,15.8700,15.8800,15.8900,15.9000,212,116,64,30,51,84,245,18,54,11
SZ,002372,2017-01-03 09:40:33,15.8600,6,253632.0000,160,B,15.8500,15.8400,15.8300,15.8100,15.8000,15.8600,15.8700,15.8800,15.8900,15.9000,123,116,64,30,56,43,245,18,54,11
SZ,002372,2017-01-03 09:40:36,15.8700,4,87242.0000,55,B,15.8600,15.8500,15.8400,15.8300,15.8200,15.8700,15.8800,15.8900,15.9000,15.9100,4,131,121,64,145,233,18,54,11,10
SZ,002372,2017-01-03 09:40:42,15.8600,3,26956.0000,17,S,15.8600,15.8500,15.8400,15.8300,15.8200,15.8700,15.8800,15.8900,15.9000,15.9100,31,125,121,77,145,233,18,54,11,10
SZ,002372,2017-01-03 09:40:45,15.8700,1,30154.0000,19,B,15.8600,15.8500,15.8400,15.8300,15.8200,15.8700,15.8800,15.8900,15.9000,15.9100,31,125,111,77,145,234,18,54,11,10
SZ,002372,2017-01-03 09:40:48,15.8700,1,47608.0000,30,B,15.8600,15.8500,15.8400,15.8300,15.8200,15.8700,15.8800,15.8900,15.9000,15.9100,41,125,111,77,145,204,18,54,11,10
SZ,002372,2017-01-03 09:40:51,15.8700,3,134896.0000,85,B,15.8600,15.8500,15.8400,15.8300,15.8200,15.8700,15.8800,15.8900,15.9000,15.9100,41,125,101,77,145,119,18,54,11,10
SZ,002372,2017-01-03 09:40:54,15.8700,2,11108.0000,7,B,15.8600,15.8500,15.8400,15.8300,15.8200,15.8700,15.8800,15.8900,15.9000,15.9100,51,125,101,77,145,112,18,54,11,10
SZ,002372,2017-01-03 09:40:57,15.8600,3,123776.0000,78,S,15.8600,15.8500,15.8400,15.8300,15.8200,15.8700,15.8800,15.8900,15.9000,15.9100,42,125,101,77,145,64,18,54,11,10
SZ,002372,2017-01-03 09:41:00,15.8500,5,80878.0000,51,S,15.8500,15.8400,15.8300,15.8200,15.8100,15.8700,15.8800,15.8900,15.9000,15.9100,116,101,77,145,30,64,18,54,11,10
SZ,002372,2017-01-03 09:41:03,15.8700,4,39674.0000,25,B,15.8500,15.8400,15.8300,15.8200,15.8100,15.8700,15.8800,15.8900,15.9000,15.9100,116,101,77,145,30,39,18,54,11,10
SZ,002372,2017-01-03 09:41:06,15.8700,3,52352.0000,33,B,15.8500,15.8400,15.8300,15.8200,15.8100,15.8700,15.8800,15.8900,15.9000,15.9100,121,101,77,145,30,26,18,54,11,10
SZ,002372,2017-01-03 09:41:09,15.8900,8,79380.0000,50,B,15.8700,15.8500,15.8400,15.8300,15.8200,15.8900,15.9000,15.9100,15.9200,15.9400,8,121,101,77,145,48,11,10,20,205
SZ,002372,2017-01-03 09:41:12,15.8700,1,4760.0000,3,S,15.8700,15.8500,15.8400,15.8300,15.8200,15.8900,15.9000,15.9100,15.9200,15.9400,68,121,101,77,145,48,11,10,20,205
SZ,002372,2017-01-03 09:41:15,15.8900,2,6356.0000,4,B,15.8700,15.8500,15.8400,15.8300,15.8200,15.8900,15.9000,15.9100,15.9200,15.9400,73,121,101,77,145,44,11,10,20,205
SZ,002372,2017-01-03 09:41:21,15.8900,1,6356.0000,4,B,15.8700,15.8600,15.8500,15.8400,15.8300,15.8900,15.9000,15.9100,15.9200,15.9400,71,2,121,101,77,40,11,10,20,205
SZ,002372,2017-01-03 09:41:30,15.8700,1,7936.0000,5,S,15.8700,15.8600,15.8500,15.8400,15.8300,15.8800,15.8900,15.9000,15.9100,15.9200,159,2,121,1,77,5,40,11,10,22
SZ,002372,2017-01-03 09:41:39,15.8900,5,52432.0000,33,B,15.8700,15.8600,15.8500,15.8400,15.8300,15.8900,15.9000,15.9100,15.9200,15.9300,169,2,108,1,79,12,11,10,22,47
SZ,002372,2017-01-03 09:41:42,15.8900,1,1588.0000,1,B,15.8700,15.8600,15.8500,15.8400,15.8300,15.8900,15.9000,15.9100,15.9200,15.9300,169,2,108,1,79,11,11,10,22,47
SZ,002372,2017-01-03 09:41:45,15.8900,1,1590.0000,1,B,15.8700,15.8600,15.8500,15.8400,15.8300,15.8900,15.9000,15.9100,15.9200,15.9300,169,2,78,1,79,10,11,10,22,47
SZ,002372,2017-01-03 09:41:48,15.8900,1,15890.0000,10,B,15.8900,15.8800,15.8700,15.8600,15.8500,15.9000,15.9100,15.9200,15.9300,15.9400,12,42,182,2,78,11,10,22,47,205
SZ,002372,2017-01-03 09:41:51,15.8900,1,7944.0000,5,S,15.8900,15.8800,15.8700,15.8600,15.8500,15.9000,15.9100,15.9200,15.9300,15.9400,10,42,184,2,78,11,10,22,47,205
SZ,002372,2017-01-03 09:41:57,15.8800,6,23832.0000,15,S,15.8800,15.8700,15.8600,15.8500,15.8400,15.9000,15.9100,15.9200,15.9300,15.9400,39,184,2,78,1,11,10,22,47,205
SZ,002372,2017-01-03 09:42:00,15.9000,2,17492.0000,11,B,15.9000,15.8900,15.8800,15.8700,15.8600,15.9100,15.9200,15.9300,15.9400,15.9500,9,22,57,184,2,10,22,47,205,77
SZ,002372,2017-01-03 09:42:06,15.9200,4,50932.0000,32,B,15.9200,15.9000,15.8900,15.8800,15.8700,15.9300,15.9400,15.9500,15.9600,15.9700,3,59,22,59,171,47,205,77,444,74
SZ,002372,2017-01-03 09:42:09,15.9000,2,19088.0000,12,S,15.9000,15.8900,15.8800,15.8700,15.8600,15.9200,15.9300,15.9400,15.9500,15.9600,51,37,59,171,2,3,67,205,77,444
SZ,002372,2017-01-03 09:42:12,15.9000,1,31800.0000,20,S,15.9000,15.8900,15.8800,15.8700,15.8600,15.9200,15.9300,15.9400,15.9500,15.9600,50,37,41,166,2,3,67,205,77,444
SZ,002372,2017-01-03 09:42:15,15.9200,1,4776.0000,3,B,15.9000,15.8900,15.8800,15.8700,15.8600,15.9300,15.9400,15.9500,15.9600,15.9700,52,37,52,166,2,67,205,77,444,74
SZ,002372,2017-01-03 09:42:21,15.9200,1,36616.0000,23,S,15.9100,15.9000,15.8900,15.8800,15.8700,15.9300,15.9400,15.9500,15.9600,15.9700,13,42,37,52,166,67,205,67,444,74
SZ,002372,2017-01-03 09:42:24,15.9100,10,205536.0000,129,S,15.9100,15.9000,15.8900,15.8800,15.8700,15.9400,15.9500,15.9600,15.9700,15.9800,9,42,37,52,166,157,67,444,74,174
SZ,002372,2017-01-03 09:42:33,15.9300,3,50976.0000,32,B,15.9100,15.9000,15.8900,15.8800,15.8700,15.9300,15.9400,15.9500,15.9600,15.9700,105,46,37,52,72,18,157,67,444,74
SZ,002372,2017-01-03 09:42:39,15.9400,3,44614.0000,28,B,15.9300,15.9100,15.9000,15.8900,15.8800,15.9400,15.9500,15.9600,15.9700,15.9800,45,131,50,37,52,147,67,444,74,174
SZ,002372,2017-01-03 09:42:42,15.9300,1,11150.0000,7,S,15.9300,15.9100,15.9000,15.8900,15.8800,15.9400,15.9500,15.9600,15.9700,15.9800,38,131,50,37,52,147,67,444,74,176
SZ,002372,2017-01-03 09:42:45,15.9400,1,33476.0000,21,B,15.9300,15.9100,15.9000,15.8900,15.8800,15.9400,15.9500,15.9600,15.9700,15.9800,38,110,50,37,52,126,67,444,74,176
SZ,002372,2017-01-03 09:42:48,15.9300,3,19118.0000,12,S,15.9300,15.9100,15.9000,15.8900,15.8800,15.9400,15.9500,15.9600,15.9700,15.9800,29,110,50,37,52,123,67,446,74,176
SZ,002372,2017-01-03 09:42:51,15.9400,1,3188.0000,2,B,15.9300,15.9100,15.9000,15.8900,15.8800,15.9400,15.9500,15.9600,15.9700,15.9800,29,110,52,37,52,121,67,446,74,176
SZ,002372,2017-01-03 09:42:54,15.9300,3,49382.0000,31,S,15.9300,15.9100,15.9000,15.8900,15.8800,15.9400,15.9500,15.9600,15.9700,15.9800,3,110,52,37,52,121,70,446,74,176
SZ,002372,2017-01-03 09:42:57,15.9400,2,73322.0000,46,B,15.9100,15.9000,15.8900,15.8800,15.8700,15.9400,15.9500,15.9600,15.9700,15.9800,110,52,37,52,72,78,85,446,84,176
SZ,002372,2017-01-03 09:43:06,15.9400,5,79652.0000,50,B,15.9100,15.9000,15.8900,15.8800,15.8700,15.9400,15.9500,15.9600,15.9700,15.9800,114,52,37,2,72,94,108,446,84,176
SZ,002372,2017-01-03 09:43:12,15.9200,2,63680.0000,40,S,15.9200,15.9100,15.9000,15.8900,15.8800,15.9300,15.9400,15.9500,15.9600,15.9700,27,114,49,37,2,20,94,128,446,84
SZ,002372,2017-01-03 09:43:15,15.9200,5,165698.0000,104,S,15.9200,15.9100,15.9000,15.8900,15.8800,15.9300,15.9400,15.9500,15.9600,15.9700,36,114,49,37,2,5,64,139,446,84
SZ,002372,2017-01-03 09:43:18,15.9300,1,4780.0000,3,B,15.9200,15.9100,15.9000,15.8900,15.8800,15.9300,15.9400,15.9500,15.9600,15.9700,46,114,49,37,2,2,265,139,446,84
SZ,002372,2017-01-03 09:43:21,15.9200,5,63680.0000,40,S,15.9200,15.9100,15.9000,15.8900,15.8800,15.9300,15.9400,15.9500,15.9600,15.9700,6,114,49,37,2,2,267,139,446,84
SZ,002372,2017-01-03 09:43:24,15.9300,3,7964.0000,5,B,15.9200,15.9100,15.9000,15.8900,15.8800,15.9300,15.9400,15.9500,15.9600,15.9700,6,114,49,37,2,139,397,139,446,84
SZ,002372,2017-01-03 09:43:27,15.9300,2,23890.0000,15,B,15.9200,15.9100,15.9000,15.8900,15.8800,15.9300,15.9400,15.9500,15.9600,15.9700,31,114,48,37,2,129,397,139,446,84
SZ,002372,2017-01-03 09:43:30,15.9200,3,50944.0000,32,S,15.9100,15.9000,15.8900,15.8800,15.8700,15.9200,15.9300,15.9400,15.9500,15.9600,114,48,37,2,72,168,129,397,139,446
SZ,002372,2017-01-03 09:43:33,15.9200,1,3184.0000,2,B,15.9100,15.9000,15.8900,15.8800,15.8700,15.9200,15.9300,15.9400,15.9500,15.9600,20,48,37,2,72,173,133,397,139,446
SZ,002372,2017-01-03 09:43:36,15.9100,5,181374.0000,114,S,15.9000,15.8900,15.8800,15.8700,15.8600,15.9100,15.9200,15.9300,15.9400,15.9500,48,37,2,62,2,6,223,133,267,129
SZ,002372,2017-01-03 09:43:39,15.9100,8,95412.0000,60,B,15.8900,15.8800,15.8700,15.8600,15.8500,15.9100,15.9200,15.9300,15.9400,15.9500,37,2,62,2,13,4,263,133,267,129
SZ,002372,2017-01-03 09:43:45,15.9000,2,11130.0000,7,S,15.8900,15.8800,15.8700,15.8600,15.8500,15.9000,15.9100,15.9200,15.9300,15.9400,37,2,60,2,13,4,104,263,133,267
SZ,002372,2017-01-03 09:43:51,15.8700,4,79426.0000,50,S,15.8700,15.8600,15.8500,15.8400,15.8300,15.9000,15.9100,15.9200,15.9300,15.9400,49,2,13,1,79,24,104,263,135,265
SZ,002372,2017-01-03 09:43:54,15.9000,3,34980.0000,22,B,15.8700,15.8600,15.8500,15.8400,15.8300,15.9000,15.9100,15.9200,15.9300,15.9400,49,2,13,1,79,14,104,263,135,265
SZ,002372,2017-01-03 09:43:57,15.9000,6,107972.0000,68,B,15.8600,15.8500,15.8400,15.8300,15.8200,15.9000,15.9100,15.9200,15.9300,15.9400,2,13,1,79,145,7,104,263,135,265
SZ,002372,2017-01-03 09:44:00,15.9000,1,3180.0000,2,B,15.8600,15.8500,15.8400,15.8300,15.8200,15.9000,15.9100,15.9200,15.9300,15.9400,2,13,1,79,145,5,104,263,135,265
SZ,002372,2017-01-03 09:44:03,15.8900,1,31780.0000,20,S,15.8600,15.8500,15.8400,15.8300,15.8200,15.8900,15.9000,15.9100,15.9200,15.9300,2,13,1,79,145,30,111,104,263,140
SZ,002372,2017-01-03 09:44:06,15.8700,1,1586.0000,1,S,15.8700,15.8600,15.8500,15.8400,15.8300,15.8900,15.9000,15.9100,15.9200,15.9300,14,2,13,3,79,30,120,104,263,140
SZ,002372,2017-01-03 09:44:09,15.8900,1,15890.0000,10,B,15.8700,15.8600,15.8500,15.8400,15.8300,15.8900,15.9000,15.9100,15.9200,15.9300,14,2,13,3,79,20,150,104,263,140
SZ,002372,2017-01-03 09:44:12,15.8900,2,23836.0000,15,B,15.8700,15.8600,15.8500,15.8400,15.8300,15.8900,15.9000,15.9100,15.9200,15.9300,14,2,13,3,79,5,150,104,263,143
SZ,002372,2017-01-03 09:44:18,15.8800,2,9528.0000,6,S,15.8800,15.8700,15.8600,15.8500,15.8400,15.8900,15.9000,15.9100,15.9200,15.9300,12,14,2,13,3,11,150,104,97,23
SZ,002372,2017-01-03 09:44:24,15.8800,2,12704.0000,8,S,15.8800,15.8700,15.8600,15.8500,15.8400,15.8900,15.9000,15.9100,15.9200,15.9300,4,14,2,17,3,116,150,4,107,23
SZ,002372,2017-01-03 09:44:33,15.8900,9,220830.0000,139,B,15.8700,15.8600,15.8500,15.8400,15.8300,15.8900,15.9000,15.9100,15.9200,15.9300,14,2,17,3,79,17,150,4,107,23
SZ,002372,2017-01-03 09:44:36,15.8900,2,22246.0000,14,B,15.8700,15.8600,15.8500,15.8400,15.8300,15.8900,15.9000,15.9100,15.9200,15.9300,1,2,17,3,79,3,150,4,107,23
SZ,002372,2017-01-03 09:44:39,15.9000,3,22256.0000,14,B,15.8700,15.8600,15.8500,15.8400,15.8300,15.9000,15.9100,15.9200,15.9300,15.9400,1,2,17,3,79,39,4,107,23,275
SZ,002372,2017-01-03 09:45:03,15.8900,1,23836.0000,15,S,15.8900,15.8800,15.8700,15.8600,15.8500,15.9000,15.9100,15.9200,15.9300,15.9400,29,10,29,2,74,57,64,107,23,275
SZ,002372,2017-01-03 09:45:06,15.8900,1,1588.0000,1,S,15.8900,15.8800,15.8700,15.8600,15.8500,15.9000,15.9100,15.9200,15.9300,15.9400,28,10,29,2,74,57,64,107,23,275
SZ,002372,2017-01-03 09:45:12,15.8900,1,31780.0000,20,S,15.8900,15.8800,15.8700,15.8600,15.8500,15.9000,15.9100,15.9200,15.9300,15.9400,8,10,28,2,74,57,64,107,23,275
SZ,002372,2017-01-03 09:45:15,15.8900,1,7946.0000,5,S,15.8900,15.8800,15.8700,15.8600,15.8500,15.9000,15.9100,15.9200,15.9300,15.9400,3,10,28,2,74,57,64,107,23,264
SZ,002372,2017-01-03 09:45:21,15.9000,4,23842.0000,15,B,15.8900,15.8800,15.8700,15.8600,15.8500,15.9000,15.9100,15.9200,15.9300,15.9400,96,10,28,2,74,64,64,107,23,264
SZ,002372,2017-01-03 09:45:24,15.8900,3,7948.0000,5,S,15.8900,15.8800,15.8700,15.8600,15.8500,15.9000,15.9100,15.9200,15.9300,15.9400,93,10,28,2,74,62,64,107,23,264
SZ,002372,2017-01-03 09:45:27,15.8900,1,47670.0000,30,S,15.8900,15.8800,15.8700,15.8600,15.8500,15.9000,15.9100,15.9200,15.9300,15.9400,63,10,28,2,74,62,64,107,23,264
SZ,002372,2017-01-03 09:45:30,15.9000,6,85860.0000,54,B,15.8900,15.8800,15.8700,15.8600,15.8500,15.9000,15.9100,15.9200,15.9300,15.9400,63,10,28,2,74,8,64,107,23,264
SZ,002372,2017-01-03 09:45:33,15.9000,3,22260.0000,14,B,15.8900,15.8800,15.8700,15.8600,15.8500,15.9000,15.9100,15.9200,15.9300,15.9400,63,10,28,2,74,14,64,118,23,264
SZ,002372,2017-01-03 09:45:36,15.8900,1,19068.0000,12,S,15.8900,15.8800,15.8700,15.8600,15.8500,15.9000,15.9100,15.9200,15.9300,15.9400,51,10,28,2,74,14,64,118,23,264
SZ,002372,2017-01-03 09:45:45,15.9000,1,12720.0000,8,B,15.8900,15.8800,15.8700,15.8600,15.8500,15.9000,15.9100,15.9200,15.9300,15.9400,51,10,28,2,74,6,64,118,23,264
SZ,002372,2017-01-03 09:45:48,15.8900,1,3178.0000,2,S,15.8900,15.8800,15.8700,15.8600,15.8500,15.9000,15.9100,15.9200,15.9300,15.9400,49,10,28,2,74,6,64,118,23,264
SZ,002372,2017-01-03 09:45:51,15.9000,1,9540.0000,6,B,15.9000,15.8900,15.8800,15.8700,15.8600,15.9100,15.9200,15.9300,15.9400,15.9500,62,49,10,28,2,64,118,23,264,148
SZ,002372,2017-01-03 09:45:57,15.9000,1,1590.0000,1,S,15.9000,15.8900,15.8800,15.8700,15.8600,15.9100,15.9200,15.9300,15.9400,15.9500,83,49,10,28,2,64,118,23,264,148
SZ,002372,2017-01-03 09:46:00,15.9100,3,46110.0000,29,B,15.9000,15.8900,15.8800,15.8700,15.8600,15.9100,15.9200,15.9300,15.9400,15.9500,55,49,10,28,2,63,68,23,264,148
SZ,002372,2017-01-03 09:46:06,15.9000,1,3180.0000,2,S,15.9000,15.8900,15.8800,15.8700,15.8600,15.9100,15.9200,15.9300,15.9400,15.9500,53,49,10,28,2,63,68,23,264,148
SZ,002372,2017-01-03 09:46:09,15.9100,3,58868.0000,37,B,15.9000,15.8900,15.8800,15.8700,15.8600,15.9100,15.9200,15.9300,15.9400,15.9500,50,49,10,28,2,26,68,23,264,148
SZ,002372,2017-01-03 09:46:12,15.9000,2,11130.0000,7,S,15.9000,15.8900,15.8800,15.8700,15.8600,15.9100,15.9200,15.9300,15.9400,15.9500,43,49,10,28,2,26,68,23,264,148
SZ,002372,2017-01-03 09:46:15,15.9000,3,68370.0000,43,S,15.8900,15.8800,15.8700,15.8600,15.8500,15.9000,15.9100,15.9200,15.9300,15.9400,52,10,28,2,74,7,26,68,23,264
SZ,002372,2017-01-03 09:46:18,15.9100,3,25448.0000,16,B,15.8900,15.8800,15.8700,15.8600,15.8500,15.9100,15.9200,15.9300,15.9400,15.9500,52,10,28,2,74,17,68,23,264,148
SZ,002372,2017-01-03 09:46:24,15.9000,3,25436.0000,16,B,15.8900,15.8800,15.8700,15.8600,15.8500,15.9000,15.9100,15.9200,15.9300,15.9400,47,10,28,2,74,2,17,68,23,264
SZ,002372,2017-01-03 09:46:30,15.8900,3,100108.0000,63,S,15.8800,15.8700,15.8600,15.8500,15.8400,15.8900,15.9000,15.9100,15.9200,15.9300,10,28,2,74,1,37,52,17,68,23
SZ,002372,2017-01-03 09:46:39,15.9000,5,141472.0000,89,B,15.9000,15.8800,15.8700,15.8600,15.8500,15.9100,15.9200,15.9300,15.9400,15.9500,1,10,28,2,74,24,68,23,264,148
SZ,002372,2017-01-03 09:46:42,15.8800,3,41336.0000,26,S,15.8700,15.8600,15.8500,15.8400,15.8300,15.8800,15.9100,15.9200,15.9300,15.9400,28,2,74,1,79,4,29,68,23,264
SZ,002372,2017-01-03 09:46:48,15.8800,1,6352.0000,4,B,15.8900,15.8700,15.8600,15.8500,15.8400,15.9000,15.9100,15.9200,15.9300,15.9400,26,28,2,74,1,5,29,68,24,264
SZ,002372,2017-01-03 09:46:51,15.9000,1,7948.0000,5,B,15.8900,15.8700,15.8600,15.8500,15.8400,15.9100,15.9200,15.9300,15.9400,15.9500,26,28,2,74,1,29,68,24,264,148
SZ,002372,2017-01-03 09:46:54,15.8900,1,6356.0000,4,S,15.8900,15.8700,15.8600,15.8500,15.8400,15.9100,15.9200,15.9300,15.9400,15.9500,22,28,2,74,1,29,68,24,264,148
SZ,002372,2017-01-03 09:47:03,15.9100,2,4774.0000,3,B,15.8900,15.8700,15.8600,15.8500,15.8400,15.9100,15.9200,15.9300,15.9400,15.9500,22,28,2,76,1,26,68,24,264,148
SZ,002372,2017-01-03 09:47:06,15.8900,1,7946.0000,5,S,15.8900,15.8700,15.8600,15.8500,15.8400,15.9100,15.9200,15.9300,15.9400,15.9500,17,28,2,76,1,26,68,24,264,148
SZ,002372,2017-01-03 09:47:09,15.8900,1,15888.0000,10,S,15.8900,15.8700,15.8600,15.8500,15.8400,15.9100,15.9200,15.9300,15.9400,15.9500,7,28,2,76,1,26,68,24,264,148
SZ,002372,2017-01-03 09:47:12,15.8900,2,31780.0000,20,S,15.8900,15.8700,15.8600,15.8500,15.8400,15.9100,15.9200,15.9300,15.9400,15.9500,37,28,2,76,1,26,68,24,264,148
SZ,002372,2017-01-03 09:47:15,15.9000,1,1592.0000,1,B,15.8900,15.8800,15.8700,15.8500,15.8400,15.9000,15.9100,15.9200,15.9300,15.9400,37,20,28,76,1,49,28,68,24,264
SZ,002372,2017-01-03 09:47:21,15.9000,1,54060.0000,34,B,15.8900,15.8800,15.8700,15.8500,15.8400,15.9000,15.9100,15.9200,15.9300,15.9400,37,21,38,76,1,15,30,68,24,264
SZ,002372,2017-01-03 09:47:24,15.9100,4,46124.0000,29,B,15.8900,15.8800,15.8700,15.8500,15.8400,15.9100,15.9200,15.9300,15.9400,15.9500,37,21,38,76,1,17,68,30,264,148
SZ,002372,2017-01-03 09:47:27,15.9100,1,17500.0000,11,B,15.8900,15.8800,15.8700,15.8500,15.8400,15.9100,15.9200,15.9300,15.9400,15.9500,37,21,38,76,1,6,68,30,264,148
SZ,002372,2017-01-03 09:47:30,15.9000,1,7950.0000,5,S,15.9000,15.8900,15.8800,15.8700,15.8500,15.9100,15.9200,15.9300,15.9400,15.9500,22,37,21,38,76,9,68,30,264,148
SZ,002372,2017-01-03 09:47:33,15.9000,2,9540.0000,6,S,15.9000,15.8900,15.8800,15.8700,15.8500,15.9100,15.9200,15.9300,15.9400,15.9500,16,38,21,38,76,9,68,30,264,148
SZ,002372,2017-01-03 09:47:45,15.9100,5,14318.0000,9,B,15.9100,15.9000,15.8900,15.8800,15.8700,15.9200,15.9300,15.9400,15.9500,15.9600,1,21,65,21,38,68,30,264,148,449
SZ,002372,2017-01-03 09:47:48,15.9100,3,9544.0000,6,S,15.9000,15.8900,15.8800,15.8700,15.8500,15.9100,15.9200,15.9300,15.9400,15.9500,19,65,21,38,76,2,68,30,264,148
SZ,002372,2017-01-03 09:47:51,15.9100,3,20690.0000,13,B,15.9100,15.9000,15.8900,15.8800,15.8700,15.9200,15.9300,15.9400,15.9500,15.9600,2,19,65,21,38,62,30,264,148,449
SZ,002372,2017-01-03 09:47:54,15.9200,1,1592.0000,1,B,15.9100,15.9000,15.8900,15.8800,15.8700,15.9200,15.9300,15.9400,15.9500,15.9600,17,19,65,21,38,61,30,264,148,449
SZ,002372,2017-01-03 09:48:00,15.9100,2,11138.0000,7,S,15.9100,15.9000,15.8900,15.8800,15.8700,15.9200,15.9300,15.9400,15.9500,15.9600,10,19,65,21,38,61,40,264,148,449
SZ,002372,2017-01-03 09:48:15,15.9200,1,4776.0000,3,B,15.9100,15.9000,15.8900,15.8800,15.8700,15.9200,15.9300,15.9400,15.9500,15.9600,12,19,65,21,38,58,42,264,143,449
SZ,002372,2017-01-03 09:48:18,15.9100,1,3180.0000,2,S,15.9100,15.9000,15.8900,15.8800,15.8700,15.9200,15.9300,15.9400,15.9500,15.9600,20,19,65,21,38,58,42,264,143,449
SZ,002372,2017-01-03 09:48:24,15.9200,2,4776.0000,3,B,15.9100,15.9000,15.8900,15.8800,15.8700,15.9200,15.9300,15.9400,15.9500,15.9600,20,19,125,21,38,55,51,264,143,449
SZ,002372,2017-01-03 09:48:27,15.9100,1,3184.0000,2,S,15.9100,15.9000,15.8900,15.8800,15.8700,15.9200,15.9300,15.9400,15.9500,15.9600,18,21,125,21,38,55,51,264,146,449
SZ,002372,2017-01-03 09:48:30,15.9000,4,31816.0000,20,S,15.9000,15.8900,15.8800,15.8700,15.8500,15.9100,15.9200,15.9300,15.9400,15.9500,19,125,21,38,16,47,55,60,264,146
SZ,002372,2017-01-03 09:48:36,15.9100,1,23866.0000,15,B,15.9000,15.8900,15.8800,15.8700,15.8500,15.9100,15.9200,15.9300,15.9400,15.9500,19,125,21,38,16,32,55,60,264,146
SZ,002372,2017-01-03 09:48:39,15.9000,1,3180.0000,2,S,15.9000,15.8900,15.8800,15.8700,15.8500,15.9100,15.9200,15.9300,15.9400,15.9500,17,125,21,38,16,33,55,60,264,146
SZ,002372,2017-01-03 09:48:42,15.9100,3,44548.0000,28,B,15.9000,15.8900,15.8800,15.8700,15.8500,15.9100,15.9200,15.9300,15.9400,15.9500,100,125,21,38,16,5,55,80,264,146
SZ,002372,2017-01-03 09:48:45,15.9200,3,17506.0000,11,B,15.9100,15.9000,15.8900,15.8800,15.8700,15.9200,15.9300,15.9400,15.9500,15.9600,1,100,125,21,38,49,80,264,146,449
SZ,002372,2017-01-03 09:48:48,15.9000,2,3182.0000,2,S,15.9000,15.8900,15.8800,15.8700,15.8500,15.9200,15.9300,15.9400,15.9500,15.9600,99,125,21,38,16,49,80,264,146,449
SZ,002372,2017-01-03 09:49:00,15.9200,1,9552.0000,6,B,15.9000,15.8900,15.8800,15.8700,15.8500,15.9200,15.9300,15.9400,15.9500,15.9600,119,125,21,38,16,100,83,264,146,449
SZ,002372,2017-01-03 09:49:06,15.9100,2,28638.0000,18,B,15.9000,15.8900,15.8800,15.8700,15.8500,15.9100,15.9200,15.9300,15.9400,15.9500,135,125,21,38,16,18,100,86,264,146
SZ,002372,2017-01-03 09:49:09,15.9100,1,3182.0000,2,B,15.9000,15.8900,15.8800,15.8700,15.8500,15.9100,15.9200,15.9300,15.9400,15.9500,135,125,21,38,16,16,125,86,264,146
SZ,002372,2017-01-03 09:49:21,15.9200,9,203760.0000,128,B,15.9100,15.9000,15.8900,15.8800,15.8700,15.9200,15.9300,15.9400,15.9500,15.9600,94,115,127,21,38,8,86,264,146,449
SZ,002372,2017-01-03 09:49:24,15.9100,4,54114.0000,34,S,15.9100,15.9000,15.8900,15.8800,15.8700,15.9300,15.9400,15.9500,15.9600,15.9700,85,115,127,21,38,80,264,146,449,72
SZ,002372,2017-01-03 09:49:27,15.9100,1,6364.0000,4,S,15.9100,15.9000,15.8900,15.8800,15.8700,15.9300,15.9400,15.9500,15.9600,15.9700,81,115,127,21,38,80,264,146,449,72
SZ,002372,2017-01-03 09:49:33,15.9300,3,23876.0000,15,B,15.9100,15.9000,15.8900,15.8800,15.8700,15.9200,15.9300,15.9400,15.9500,15.9600,97,135,127,21,38,5,65,264,146,449
SZ,002372,2017-01-03 09:49:42,15.9200,2,14328.0000,9,B,15.9100,15.9000,15.8900,15.8800,15.8700,15.9200,15.9300,15.9400,15.9500,15.9600,97,135,127,21,38,46,65,264,146,449
SZ,002372,2017-01-03 09:49:45,15.9200,2,73232.0000,46,B,15.9200,15.9100,15.9000,15.8900,15.8800,15.9300,15.9400,15.9500,15.9600,15.9700,74,97,235,127,21,65,264,146,449,72
SZ,002372,2017-01-03 09:49:48,15.9200,1,7960.0000,5,S,15.9200,15.9100,15.9000,15.8900,15.8800,15.9300,15.9400,15.9500,15.9600,15.9700,69,102,235,127,21,85,264,146,449,72
SZ,002372,2017-01-03 09:49:51,15.9300,6,31854.0000,20,B,15.9200,15.9100,15.9000,15.8900,15.8800,15.9300,15.9400,15.9500,15.9600,15.9700,70,102,239,127,21,70,264,146,449,72
SZ,002372,2017-01-03 09:49:54,15.9300,7,82802.0000,52,B,15.9200,15.9100,15.9000,15.8900,15.8800,15.9300,15.9400,15.9500,15.9600,15.9700,36,102,239,127,21,52,264,146,449,72
SZ,002372,2017-01-03 09:49:57,15.9300,4,47788.0000,30,B,15.9200,15.9100,15.9000,15.8900,15.8800,15.9300,15.9400,15.9500,15.9600,15.9700,35,102,239,127,21,23,264,146,449,72
SZ,002372,2017-01-03 09:50:03,15.9200,3,12742.0000,8,S,15.9200,15.9100,15.9000,15.8900,15.8800,15.9300,15.9400,15.9500,15.9600,15.9700,32,102,239,127,21,18,264,146,449,72
SZ,002372,2017-01-03 09:50:06,15.9300,1,19116.0000,12,B,15.9200,15.9100,15.9000,15.8900,15.8800,15.9300,15.9400,15.9500,15.9600,15.9700,48,102,239,127,21,9,264,146,449,72
SZ,002372,2017-01-03 09:50:09,15.9300,4,35034.0000,22,B,15.9300,15.9200,15.9100,15.9000,15.8900,15.9400,15.9500,15.9600,15.9700,15.9800,6,35,102,239,127,264,146,449,72,60
SZ,002372,2017-01-03 09:50:12,15.9400,2,17532.0000,11,B,15.9300,15.9200,15.9100,15.9000,15.8900,15.9400,15.9500,15.9600,15.9700,15.9800,5,35,102,239,127,254,146,449,72,60
SZ,002372,2017-01-03 09:50:15,15.9400,1,7970.0000,5,B,15.9300,15.9200,15.9100,15.9000,15.8900,15.9400,15.9500,15.9600,15.9700,15.9800,5,65,102,239,127,249,146,449,72,60
SZ,002372,2017-01-03 09:50:21,15.9400,3,23900.0000,15,B,15.9300,15.9200,15.9100,15.9000,15.8900,15.9400,15.9500,15.9600,15.9700,15.9800,34,65,37,240,127,249,146,449,72,60
SZ,002372,2017-01-03 09:50:24,15.9300,1,1594.0000,1,S,15.9300,15.9200,15.9100,15.9000,15.8900,15.9400,15.9500,15.9600,15.9700,15.9800,93,65,37,240,127,249,146,449,72,60
SZ,002372,2017-01-03 09:50:39,15.9400,2,23908.0000,15,B,15.9300,15.9200,15.9100,15.9000,15.8900,15.9400,15.9500,15.9600,15.9700,15.9800,93,65,37,240,67,234,146,449,72,60
SZ,002372,2017-01-03 09:50:42,15.9300,2,148150.0000,93,S,15.9200,15.9100,15.9000,15.8900,15.8800,15.9300,15.9400,15.9500,15.9600,15.9700,65,37,240,67,21,9,234,146,449,72
SZ,002372,2017-01-03 09:50:45,15.9400,3,17526.0000,11,B,15.9200,15.9100,15.9000,15.8900,15.8800,15.9400,15.9500,15.9600,15.9700,15.9800,65,37,240,67,21,232,146,449,77,60
SZ,002372,2017-01-03 09:50:48,15.9400,1,25504.0000,16,B,15.9200,15.9100,15.9000,15.8900,15.8800,15.9400,15.9500,15.9600,15.9700,15.9800,65,37,245,67,21,216,146,449,77,60
SZ,002372,2017-01-03 09:50:57,15.9200,1,1592.0000,1,S,15.9200,15.9100,15.9000,15.8900,15.8800,15.9400,15.9500,15.9600,15.9700,15.9800,74,37,245,67,21,216,156,449,77,60
SZ,002372,2017-01-03 09:51:06,15.9400,2,11152.0000,7,B,15.9200,15.9100,15.9000,15.8900,15.8800,15.9400,15.9500,15.9600,15.9700,15.9800,87,37,245,67,21,212,156,449,77,64
SZ,002372,2017-01-03 09:51:12,15.9400,2,183308.0000,115,B,15.9200,15.9100,15.9000,15.8900,15.8800,15.9400,15.9500,15.9600,15.9700,15.9800,131,37,240,67,21,102,161,449,77,64
SZ,002372,2017-01-03 09:51:15,15.9400,5,117954.0000,74,B,15.9300,15.9200,15.9100,15.9000,15.8900,15.9400,15.9500,15.9600,15.9700,15.9800,79,131,37,240,67,31,161,459,77,64
SZ,002372,2017-01-03 09:51:18,15.9400,1,15940.0000,10,B,15.9300,15.9200,15.9100,15.9000,15.8900,15.9400,15.9500,15.9600,15.9700,15.9800,87,131,37,240,67,37,161,459,77,64
SZ,002372,2017-01-03 09:51:21,15.9400,2,19120.0000,12,B,15.9300,15.9200,15.9100,15.9000,15.8900,15.9400,15.9500,15.9600,15.9700,15.9800,79,131,37,240,67,33,161,459,77,64
SZ,002372,2017-01-03 09:51:27,15.9400,3,25504.0000,16,B,15.9300,15.9200,15.9100,15.9000,15.8900,15.9400,15.9500,15.9600,15.9700,15.9800,79,131,37,240,67,17,161,459,77,64
SZ,002372,2017-01-03 09:51:30,15.9400,2,15940.0000,10,B,15.9300,15.9200,15.9100,15.9000,15.8900,15.9400,15.9500,15.9600,15.9700,15.9800,79,131,37,240,67,7,161,459,77,68
SZ,002372,2017-01-03 09:51:33,15.9400,1,9564.0000,6,B,15.9300,15.9200,15.9100,15.9000,15.8900,15.9400,15.9500,15.9600,15.9700,15.9800,79,131,37,240,67,1,161,459,77,68
SZ,002372,2017-01-03 09:51:39,15.9400,2,3188.0000,2,B,15.9300,15.9200,15.9100,15.9000,15.8900,15.9400,15.9500,15.9600,15.9700,15.9800,79,131,37,240,67,19,161,459,77,68
SZ,002372,2017-01-03 09:51:42,15.9300,1,1594.0000,1,S,15.9300,15.9200,15.9100,15.9000,15.8900,15.9400,15.9500,15.9600,15.9700,15.9800,85,131,37,240,67,19,161,459,77,68
SZ,002372,2017-01-03 09:51:45,15.9300,1,7964.0000,5,S,15.9300,15.9200,15.9100,15.9000,15.8900,15.9400,15.9500,15.9600,15.9700,15.9800,80,131,37,240,67,19,161,459,77,68
SZ,002372,2017-01-03 09:51:48,15.9600,16,398800.0000,250,B,15.9300,15.9200,15.9100,15.9000,15.8900,15.9600,15.9700,15.9800,15.9900,16.0000,80,131,37,240,67,389,77,68,271,1171
SZ,002372,2017-01-03 09:51:51,15.9600,2,35104.0000,22,B,15.9300,15.9200,15.9100,15.9000,15.8900,15.9600,15.9700,15.9800,15.9900,16.0000,80,131,37,240,67,371,77,68,271,1171
SZ,002372,2017-01-03 09:51:57,15.9600,1,4788.0000,3,B,15.9400,15.9300,15.9200,15.9100,15.9000,15.9600,15.9700,15.9800,15.9900,16.0000,20,86,131,37,240,368,77,68,271,1171
SZ,002372,2017-01-03 09:52:03,15.9600,3,33496.0000,21,B,15.9400,15.9300,15.9200,15.9100,15.9000,15.9600,15.9700,15.9800,15.9900,16.0000,137,78,131,37,224,367,77,68,271,1171
SZ,002372,2017-01-03 09:52:09,15.9600,2,76608.0000,48,B,15.9500,15.9400,15.9300,15.9200,15.9100,15.9600,15.9700,15.9800,15.9900,16.0000,23,28,71,131,37,319,77,68,276,1171
SZ,002372,2017-01-03 09:52:12,15.9600,2,28728.0000,18,B,15.9500,15.9400,15.9300,15.9200,15.9100,15.9600,15.9700,15.9800,15.9900,16.0000,34,28,71,101,26,301,77,68,276,1171
SZ,002372,2017-01-03 09:52:15,15.9600,1,11172.0000,7,B,15.9500,15.9400,15.9300,15.9200,15.9100,15.9600,15.9700,15.9800,15.9900,16.0000,34,28,71,101,26,294,77,68,276,1171
SZ,002372,2017-01-03 09:52:18,15.9600,2,63840.0000,40,B,15.9500,15.9400,15.9300,15.9200,15.9100,15.9600,15.9700,15.9800,15.9900,16.0000,54,28,71,101,26,254,77,68,276,1171
SZ,002372,2017-01-03 09:52:21,15.9500,1,3190.0000,2,S,15.9500,15.9400,15.9300,15.9200,15.9100,15.9600,15.9700,15.9800,15.9900,16.0000,52,28,71,101,26,254,77,68,276,1171
SZ,002372,2017-01-03 09:52:24,15.9500,4,95708.0000,60,S,15.9400,15.9300,15.9200,15.9100,15.9000,15.9500,15.9600,15.9700,15.9800,15.9900,28,71,101,26,224,248,246,77,71,276
SZ,002372,2017-01-03 09:52:33,15.9500,1,3190.0000,2,B,15.9400,15.9300,15.9200,15.9100,15.9000,15.9500,15.9600,15.9700,15.9800,15.9900,48,71,101,39,224,249,246,77,66,276
SZ,002372,2017-01-03 09:52:39,15.9500,2,15950.0000,10,B,15.9400,15.9300,15.9200,15.9100,15.9000,15.9500,15.9600,15.9700,15.9800,15.9900,48,71,85,39,224,240,246,77,66,276
SZ,002372,2017-01-03 09:52:42,15.9400,1,7970.0000,5,S,15.9400,15.9300,15.9200,15.9100,15.9000,15.9500,15.9600,15.9700,15.9800,15.9900,43,71,85,39,224,240,246,77,66,276
SZ,002372,2017-01-03 09:52:45,15.9400,3,58978.0000,37,S,15.9400,15.9300,15.9200,15.9100,15.9000,15.9500,15.9600,15.9700,15.9800,15.9900,6,71,85,39,224,242,246,77,46,276
SZ,002372,2017-01-03 09:52:48,15.9400,2,20734.0000,13,S,15.9400,15.9300,15.9200,15.9100,15.9000,15.9500,15.9600,15.9700,15.9800,15.9900,5,71,85,39,224,230,246,77,46,276
SZ,002372,2017-01-03 09:52:51,15.9500,2,98890.0000,62,B,15.9400,15.9300,15.9200,15.9100,15.9000,15.9500,15.9600,15.9700,15.9800,15.9900,5,71,85,41,224,168,246,77,46,276
SZ,002372,2017-01-03 09:52:57,15.9400,1,1594.0000,1,S,15.9400,15.9300,15.9200,15.9100,15.9000,15.9500,15.9600,15.9700,15.9800,15.9900,14,71,75,83,224,168,246,77,46,276
SZ,002372,2017-01-03 09:53:00,15.9500,5,103628.0000,65,B,15.9300,15.9200,15.9100,15.9000,15.8900,15.9500,15.9600,15.9700,15.9800,15.9900,71,69,83,224,67,149,246,77,46,276
SZ,002372,2017-01-03 09:53:03,15.9400,1,19128.0000,12,S,15.9300,15.9200,15.9100,15.9000,15.8900,15.9400,15.9500,15.9600,15.9700,15.9800,71,69,83,224,67,37,149,246,77,46
SZ,002372,2017-01-03 09:53:06,15.9400,3,51008.0000,32,B,15.9300,15.9200,15.9100,15.9000,15.8900,15.9400,15.9500,15.9600,15.9700,15.9800,71,69,83,224,67,5,149,246,77,46
SZ,002372,2017-01-03 09:53:18,15.9400,2,31880.0000,20,B,15.9300,15.9200,15.9100,15.9000,15.8900,15.9400,15.9500,15.9600,15.9700,15.9800,76,69,83,224,67,5,168,246,77,46
SZ,002372,2017-01-03 09:53:21,15.9300,1,1594.0000,1,S,15.9300,15.9200,15.9100,15.9000,15.8900,15.9400,15.9500,15.9600,15.9700,15.9800,75,69,83,224,67,5,176,246,77,46
SZ,002372,2017-01-03 09:53:27,15.9400,1,7970.0000,5,B,15.9400,15.9300,15.9200,15.9100,15.9000,15.9500,15.9600,15.9700,15.9800,15.9900,15,75,69,83,224,176,246,77,246,276
SZ,002372,2017-01-03 09:53:30,15.9300,3,44620.0000,28,S,15.9300,15.9200,15.9100,15.9000,15.8900,15.9500,15.9600,15.9700,15.9800,15.9900,62,69,83,224,67,176,246,77,246,276
SZ,002372,2017-01-03 09:53:36,15.9400,1,6376.0000,4,B,15.9400,15.9300,15.9200,15.9100,15.9000,15.9500,15.9600,15.9700,15.9800,15.9900,16,62,69,83,224,181,246,77,246,276
SZ,002372,2017-01-03 09:53:42,15.9400,2,6376.0000,4,S,15.9400,15.9300,15.9200,15.9100,15.9000,15.9500,15.9600,15.9700,15.9800,15.9900,12,62,69,83,224,181,248,77,246,279
SZ,002372,2017-01-03 09:53:45,15.9400,1,3188.0000,2,S,15.9400,15.9300,15.9200,15.9100,15.9000,15.9500,15.9600,15.9700,15.9800,15.9900,14,62,69,83,224,181,248,77,246,279
SZ,002372,2017-01-03 09:53:48,15.9500,1,1594.0000,1,B,15.9400,15.9300,15.9200,15.9100,15.9000,15.9500,15.9600,15.9700,15.9800,15.9900,14,62,69,83,224,230,248,77,246,279
SZ,002372,2017-01-03 09:53:54,15.9400,3,12758.0000,8,S,15.9400,15.9300,15.9200,15.9100,15.9000,15.9500,15.9600,15.9700,15.9800,15.9900,11,57,69,83,229,225,248,77,246,279
SZ,002372,2017-01-03 09:53:57,15.9400,2,17532.0000,11,S,15.9300,15.9200,15.9100,15.9000,15.8900,15.9400,15.9500,15.9600,15.9700,15.9800,57,69,83,229,67,28,225,248,77,246
SZ,002372,2017-01-03 09:54:00,15.9400,1,15940.0000,10,B,15.9300,15.9200,15.9100,15.9000,15.8900,15.9400,15.9500,15.9600,15.9700,15.9800,57,69,83,229,67,18,225,248,77,246
SZ,002372,2017-01-03 09:54:03,15.9300,1,3188.0000,2,S,15.9300,15.9200,15.9100,15.9000,15.8900,15.9400,15.9500,15.9600,15.9700,15.9800,79,69,83,229,67,18,225,248,77,246
SZ,002372,2017-01-03 09:54:09,15.9400,2,11156.0000,7,B,15.9300,15.9200,15.9100,15.9000,15.8900,15.9400,15.9500,15.9600,15.9700,15.9800,78,69,83,229,67,17,225,248,77,246
SZ,002372,2017-01-03 09:54:12,15.9400,2,22316.0000,14,B,15.9300,15.9200,15.9100,15.9000,15.8900,15.9400,15.9500,15.9600,15.9700,15.9800,78,69,83,229,67,13,225,248,77,246
SZ,002372,2017-01-03 09:54:15,15.9300,1,1592.0000,1,S,15.9300,15.9200,15.9100,15.9000,15.8900,15.9400,15.9500,15.9600,15.9700,15.9800,77,78,83,229,67,13,225,248,77,246
SZ,002372,2017-01-03 09:54:21,15.9300,1,47792.0000,30,S,15.9300,15.9200,15.9100,15.9000,15.8900,15.9400,15.9500,15.9600,15.9700,15.9800,47,78,83,229,67,23,225,248,77,246
SZ,002372,2017-01-03 09:54:30,15.9300,1,15928.0000,10,S,15.9300,15.9200,15.9100,15.9000,15.8900,15.9400,15.9500,15.9600,15.9700,15.9800,37,80,83,251,67,23,225,248,77,246
SZ,002372,2017-01-03 09:54:33,15.9400,1,1596.0000,1,B,15.9300,15.9200,15.9100,15.9000,15.8900,15.9400,15.9500,15.9600,15.9700,15.9800,37,80,83,251,67,22,225,248,77,246
SZ,002372,2017-01-03 09:54:36,15.9300,3,31860.0000,20,S,15.9300,15.9200,15.9100,15.9000,15.8900,15.9400,15.9500,15.9600,15.9700,15.9800,17,80,83,251,67,27,225,248,77,246
SZ,002372,2017-01-03 09:54:39,15.9400,2,15940.0000,10,B,15.9300,15.9200,15.9100,15.9000,15.8900,15.9400,15.9500,15.9600,15.9700,15.9800,17,80,83,251,67,37,225,248,77,246
SZ,002372,2017-01-03 09:54:45,15.9300,10,135472.0000,85,S,15.9200,15.9100,15.9000,15.8900,15.8800,15.9300,15.9500,15.9600,15.9700,15.9800,80,83,251,67,29,128,224,248,77,246
SZ,002372,2017-01-03 09:54:48,15.9300,1,25488.0000,16,B,15.9200,15.9100,15.9000,15.8900,15.8800,15.9300,15.9500,15.9600,15.9700,15.9800,80,83,247,67,29,112,224,248,77,246
SZ,002372,2017-01-03 09:55:03,15.9200,5,207012.0000,130,S,15.9100,15.9000,15.8900,15.8800,15.8700,15.9200,15.9300,15.9400,15.9500,15.9600,83,247,67,29,38,70,62,1,234,248
SZ,002372,2017-01-03 09:55:06,15.9200,1,19104.0000,12,B,15.9100,15.9000,15.8900,15.8800,15.8700,15.9200,15.9300,15.9400,15.9500,15.9600,83,247,67,29,38,78,62,1,234,248
SZ,002372,2017-01-03 09:55:09,15.9200,3,58904.0000,37,B,15.9100,15.9000,15.8900,15.8800,15.8700,15.9200,15.9300,15.9400,15.9500,15.9600,83,247,67,29,38,41,62,1,234,248
SZ,002372,2017-01-03 09:55:21,15.9100,4,132052.0000,83,S,15.9000,15.8900,15.8800,15.8700,15.8600,15.9100,15.9200,15.9300,15.9400,15.9500,239,67,29,38,10,73,41,62,1,234
SZ,002372,2017-01-03 09:55:24,15.9300,7,232392.0000,146,B,15.9000,15.8900,15.8800,15.8700,15.8600,15.9300,15.9400,15.9500,15.9600,15.9700,209,67,29,38,10,30,1,234,248,77
SZ,002372,2017-01-03 09:55:27,15.9000,6,101812.0000,64,S,15.9000,15.8900,15.8800,15.8700,15.8600,15.9500,15.9600,15.9700,15.9800,15.9900,156,67,29,38,10,224,248,77,244,289
SZ,002372,2017-01-03 09:55:30,15.9000,1,3180.0000,2,S,15.9100,15.9000,15.8900,15.8800,15.8700,15.9400,15.9500,15.9600,15.9700,15.9800,16,154,67,29,38,10,224,248,77,244
SZ,002372,2017-01-03 09:55:33,15.9100,2,7956.0000,5,S,15.9100,15.9000,15.8900,15.8800,15.8700,15.9400,15.9500,15.9600,15.9700,15.9800,11,154,67,29,38,10,224,248,77,244
SZ,002372,2017-01-03 09:55:36,15.9400,1,1594.0000,1,B,15.9100,15.9000,15.8900,15.8800,15.8700,15.9400,15.9500,15.9600,15.9700,15.9800,11,154,67,29,38,24,224,248,77,244
SZ,002372,2017-01-03 09:55:48,15.9200,1,1592.0000,1,S,15.9200,15.9100,15.9000,15.8900,15.8800,15.9400,15.9500,15.9600,15.9700,15.9800,20,22,174,67,29,44,216,248,79,244
SZ,002372,2017-01-03 09:55:51,15.9100,2,47894.0000,30,S,15.9100,15.9000,15.8900,15.8800,15.8700,15.9300,15.9400,15.9500,15.9600,15.9700,11,174,67,29,38,25,44,216,248,79
SZ,002372,2017-01-03 09:55:57,15.9200,2,6368.0000,4,B,15.9100,15.9000,15.8900,15.8800,15.8700,15.9200,15.9300,15.9400,15.9500,15.9600,15,179,67,31,38,6,35,44,216,248
SZ,002372,2017-01-03 09:56:03,15.9300,2,11144.0000,7,B,15.9200,15.9100,15.9000,15.8900,15.8800,15.9300,15.9400,15.9500,15.9600,15.9700,14,85,191,67,31,34,64,216,248,87
SZ,002372,2017-01-03 09:56:06,15.9300,2,15930.0000,10,B,15.9200,15.9100,15.9000,15.8900,15.8800,15.9300,15.9400,15.9500,15.9600,15.9700,14,85,191,67,31,24,64,216,248,87
SZ,002372,2017-01-03 09:56:09,15.9300,2,33454.0000,21,B,15.9200,15.9100,15.9000,15.8900,15.8800,15.9300,15.9400,15.9500,15.9600,15.9700,14,85,192,67,31,3,84,216,248,87
SZ,002372,2017-01-03 09:56:15,15.9300,2,23894.0000,15,B,15.9200,15.9100,15.9000,15.8900,15.8800,15.9300,15.9400,15.9500,15.9600,15.9700,35,85,192,67,61,188,94,216,248,87
SZ,002372,2017-01-03 09:56:21,15.9200,1,3184.0000,2,S,15.9200,15.9100,15.9000,15.8900,15.8800,15.9300,15.9400,15.9500,15.9600,15.9700,33,85,192,67,61,238,103,216,248,87
SZ,002372,2017-01-03 09:56:30,15.9200,2,47760.0000,30,S,15.9200,15.9100,15.9000,15.8900,15.8800,15.9300,15.9400,15.9500,15.9600,15.9700,3,85,192,67,61,238,103,219,248,87
SZ,002372,2017-01-03 09:56:36,15.9200,1,4776.0000,3,S,15.9100,15.9000,15.8900,15.8800,15.8700,15.9200,15.9300,15.9400,15.9500,15.9600,105,192,67,61,38,7,238,103,239,248
SZ,002372,2017-01-03 09:56:42,15.9100,2,22274.0000,14,S,15.9100,15.9000,15.8900,15.8800,15.8700,15.9200,15.9300,15.9400,15.9500,15.9600,91,192,67,61,38,57,238,111,239,248
SZ,002372,2017-01-03 09:56:51,15.9000,7,213908.0000,134,S,15.9000,15.8900,15.8800,15.8700,15.8600,15.9200,15.9300,15.9400,15.9500,15.9600,153,67,61,38,13,104,238,111,239,248
SZ,002372,2017-01-03 09:56:54,15.9200,4,114624.0000,72,B,15.9000,15.8900,15.8800,15.8700,15.8600,15.9200,15.9300,15.9400,15.9500,15.9600,153,67,61,38,13,32,238,111,239,248
SZ,002372,2017-01-03 09:57:00,15.9100,2,23864.0000,15,B,15.9000,15.8900,15.8800,15.8700,15.8600,15.9100,15.9200,15.9300,15.9400,15.9500,153,67,61,38,13,3,34,238,104,239
SZ,002372,2017-01-03 09:57:06,15.9000,1,7952.0000,5,S,15.9000,15.8900,15.8800,15.8700,15.8600,15.9100,15.9200,15.9300,15.9400,15.9500,149,67,61,38,13,3,34,248,104,239
SZ,002372,2017-01-03 09:57:09,15.9100,1,1590.0000,1,B,15.9000,15.8900,15.8800,15.8700,15.8600,15.9100,15.9200,15.9300,15.9400,15.9500,149,67,61,38,13,2,34,248,104,239
SZ,002372,2017-01-03 09:57:15,15.9000,2,1590.0000,1,S,15.9000,15.8900,15.8800,15.8700,15.8600,15.9100,15.9200,15.9300,15.9400,15.9500,148,67,61,38,13,2,42,248,104,239
SZ,002372,2017-01-03 09:57:18,15.9100,1,3182.0000,2,B,15.9000,15.8900,15.8800,15.8700,15.8600,15.9200,15.9300,15.9400,15.9500,15.9600,148,67,61,38,13,42,248,104,239,248
SZ,002372,2017-01-03 09:57:30,15.9000,1,1590.0000,1,S,15.9000,15.8900,15.8800,15.8700,15.8600,15.9200,15.9300,15.9400,15.9500,15.9600,147,67,61,38,13,47,248,104,239,248
SZ,002372,2017-01-03 09:57:36,15.9000,1,4770.0000,3,S,15.9000,15.8900,15.8800,15.8700,15.8600,15.9200,15.9300,15.9400,15.9500,15.9600,144,67,61,38,13,57,248,104,239,248
SZ,002372,2017-01-03 09:57:39,15.9100,1,3182.0000,2,B,15.9000,15.8900,15.8800,15.8700,15.8600,15.9100,15.9200,15.9300,15.9400,15.9500,144,67,61,38,13,18,57,248,104,239
SZ,002372,2017-01-03 09:57:42,15.9100,2,28638.0000,18,B,15.9100,15.9000,15.8900,15.8800,15.8700,15.9200,15.9300,15.9400,15.9500,15.9600,8,144,67,61,38,62,248,104,239,248
SZ,002372,2017-01-03 09:57:57,15.9200,2,17512.0000,11,B,15.9100,15.9000,15.8900,15.8800,15.8700,15.9200,15.9300,15.9400,15.9500,15.9600,13,204,40,61,38,51,248,104,239,249
SZ,002372,2017-01-03 09:58:00,15.9100,1,12728.0000,8,S,15.9100,15.9000,15.8900,15.8800,15.8700,15.9200,15.9300,15.9400,15.9500,15.9600,10,204,40,61,38,51,248,104,239,249
SZ,002372,2017-01-03 09:58:06,15.9100,1,3182.0000,2,S,15.9100,15.9000,15.8900,15.8800,15.8700,15.9200,15.9300,15.9400,15.9500,15.9600,10,214,40,53,38,51,248,104,239,249
SZ,002372,2017-01-03 09:58:09,15.9100,2,6364.0000,4,S,15.9100,15.9000,15.8900,15.8800,15.8700,15.9200,15.9300,15.9400,15.9500,15.9600,6,214,40,53,38,51,248,104,239,249
SZ,002372,2017-01-03 09:58:12,15.9200,1,20696.0000,13,B,15.9100,15.9000,15.8900,15.8800,15.8700,15.9200,15.9300,15.9400,15.9500,15.9600,6,214,40,53,38,38,248,104,239,249
SZ,002372,2017-01-03 09:58:21,15.9100,1,1592.0000,1,S,15.9100,15.9000,15.8900,15.8800,15.8700,15.9200,15.9300,15.9400,15.9500,15.9600,5,214,40,53,38,68,248,104,239,249
SZ,002372,2017-01-03 09:58:24,15.9100,3,7954.0000,5,S,15.9000,15.8900,15.8800,15.8700,15.8600,15.9100,15.9200,15.9300,15.9400,15.9500,224,40,53,38,13,15,68,248,104,239
SZ,002372,2017-01-03 09:58:30,15.9300,10,189470.0000,119,B,15.9000,15.8900,15.8800,15.8700,15.8600,15.9200,15.9300,15.9400,15.9500,15.9600,212,40,53,38,13,260,212,104,239,249
SZ,002372,2017-01-03 09:58:33,15.9200,1,22288.0000,14,B,15.9000,15.8900,15.8800,15.8700,15.8600,15.9200,15.9300,15.9400,15.9500,15.9600,212,40,53,38,13,246,212,104,239,249
SZ,002372,2017-01-03 09:58:42,15.9000,1,7948.0000,5,S,15.9000,15.8900,15.8800,15.8700,15.8600,15.9200,15.9300,15.9400,15.9500,15.9600,207,40,53,38,3,246,212,94,239,249
SZ,002372,2017-01-03 09:58:51,15.9200,1,22288.0000,14,B,15.9100,15.9000,15.8900,15.8800,15.8700,15.9200,15.9300,15.9400,15.9500,15.9600,23,207,40,53,38,232,212,94,239,249
SZ,002372,2017-01-03 09:58:54,15.9100,2,7956.0000,5,S,15.9100,15.9000,15.8900,15.8800,15.8700,15.9200,15.9300,15.9400,15.9500,15.9600,18,207,40,53,38,232,212,94,239,249
SZ,002372,2017-01-03 09:59:00,15.9100,2,28638.0000,18,S,15.9000,15.8900,15.8800,15.8700,15.8600,15.9100,15.9200,15.9300,15.9400,15.9500,207,40,53,38,3,2,232,212,94,239
SZ,002372,2017-01-03 09:59:03,15.9100,1,3182.0000,2,B,15.9100,15.9000,15.8900,15.8800,15.8700,15.9200,15.9300,15.9400,15.9500,15.9600,42,207,40,53,38,232,212,94,239,249
SZ,002372,2017-01-03 09:59:06,15.9100,1,1592.0000,1,S,15.9100,15.9000,15.8900,15.8800,15.8700,15.9200,15.9300,15.9400,15.9500,15.9600,98,207,40,53,38,232,212,94,239,249
SZ,002372,2017-01-03 09:59:09,15.9000,7,318096.0000,200,S,15.9000,15.8900,15.8800,15.8700,15.8600,15.9200,15.9300,15.9400,15.9500,15.9600,105,40,53,38,3,232,212,94,239,249
SZ,002372,2017-01-03 09:59:12,15.9200,3,52512.0000,33,B,15.9100,15.9000,15.8900,15.8800,15.8700,15.9200,15.9300,15.9400,15.9500,15.9600,6,93,40,53,38,213,212,94,239,249
SZ,002372,2017-01-03 09:59:18,15.9100,1,9544.0000,6,S,15.9000,15.8900,15.8800,15.8700,15.8600,15.9100,15.9200,15.9300,15.9400,15.9500,93,40,53,38,3,4,213,212,94,249
SZ,002372,2017-01-03 09:59:33,15.9100,2,11138.0000,7,B,15.9100,15.9000,15.8900,15.8800,15.8700,15.9200,15.9300,15.9400,15.9500,15.9600,7,118,40,53,38,213,212,94,249,249
SZ,002372,2017-01-03 09:59:36,15.9000,10,199600.0000,126,S,15.8900,15.8800,15.8700,15.8600,15.8500,15.9000,15.9200,15.9300,15.9400,15.9500,40,53,38,3,24,103,213,212,94,249
SZ,002372,2017-01-03 09:59:39,15.9000,2,119250.0000,75,B,15.8900,15.8800,15.8700,15.8600,15.8500,15.9000,15.9100,15.9200,15.9300,15.9400,40,53,38,3,24,32,5,213,212,94
SZ,002372,2017-01-03 09:59:45,15.8900,1,11124.0000,7,S,15.8900,15.8800,15.8700,15.8600,15.8500,15.9000,15.9100,15.9200,15.9300,15.9400,33,53,38,3,24,34,15,216,212,94
SZ,002372,2017-01-03 10:00:06,15.9000,1,7948.0000,5,B,15.8900,15.8800,15.8700,15.8600,15.8500,15.9000,15.9100,15.9200,15.9300,15.9400,33,33,38,3,9,29,25,216,212,84
SZ,002372,2017-01-03 10:00:09,15.8900,1,47672.0000,30,S,15.8900,15.8800,15.8700,15.8600,15.8500,15.9000,15.9100,15.9200,15.9300,15.9400,3,33,38,3,9,29,25,216,212,84
SZ,002372,2017-01-03 10:00:12,15.9000,1,15900.0000,10,B,15.8900,15.8800,15.8700,15.8600,15.8500,15.9000,15.9100,15.9200,15.9300,15.9400,3,33,38,3,9,19,25,216,212,84
SZ,002372,2017-01-03 10:00:27,15.8900,3,15888.0000,10,S,15.8900,15.8800,15.8700,15.8600,15.8500,15.9000,15.9100,15.9200,15.9300,15.9400,16,33,38,3,9,27,30,216,212,93
SZ,002372,2017-01-03 10:00:39,15.9000,1,1592.0000,1,B,15.8900,15.8800,15.8700,15.8600,15.8500,15.9000,15.9100,15.9200,15.9300,15.9400,16,33,38,3,9,26,30,216,60,93
SZ,002372,2017-01-03 10:00:42,15.8900,1,3176.0000,2,S,15.8900,15.8800,15.8700,15.8600,15.8500,15.9000,15.9100,15.9200,15.9300,15.9400,14,33,38,3,9,26,30,216,60,93
SZ,002372,2017-01-03 10:00:45,15.9000,1,15900.0000,10,B,15.8900,15.8800,15.8700,15.8600,15.8500,15.9000,15.9100,15.9200,15.9300,15.9400,14,33,38,3,9,16,30,216,60,93
SZ,002372,2017-01-03 10:00:54,15.9000,2,4772.0000,3,B,15.8900,15.8800,15.8700,15.8600,15.8500,15.9000,15.9100,15.9200,15.9300,15.9400,14,33,38,3,9,13,30,216,60,93
SZ,002372,2017-01-03 10:00:57,15.9000,4,21416.0000,13,B,15.9000,15.8900,15.8800,15.8700,15.8600,15.9100,15.9200,15.9300,15.9400,15.9500,26,14,33,38,3,30,216,60,93,247
SZ,002372,2017-01-03 10:01:03,15.9000,1,1590.0000,1,S,15.9000,15.8900,15.8800,15.8700,15.8600,15.9100,15.9200,15.9300,15.9400,15.9500,35,14,33,38,3,30,216,60,93,247
SZ,002372,2017-01-03 10:01:09,15.8900,3,78738.0000,50,S,15.8800,15.8700,15.8600,15.8500,15.8300,15.8900,15.9000,15.9100,15.9200,15.9300,33,38,3,19,66,5,116,30,216,60
SZ,002372,2017-01-03 10:01:12,15.9000,2,71546.0000,45,B,15.8800,15.8700,15.8600,15.8500,15.8300,15.9000,15.9100,15.9200,15.9300,15.9400,33,38,3,19,66,83,30,216,60,93
SZ,002372,2017-01-03 10:01:15,15.9000,4,38136.0000,24,B,15.8800,15.8700,15.8600,15.8500,15.8300,15.9000,15.9100,15.9200,15.9300,15.9400,21,38,3,19,66,71,72,216,69,93
SZ,002372,2017-01-03 10:01:24,15.8900,1,3178.0000,2,S,15.8800,15.8700,15.8600,15.8500,15.8300,15.8900,15.9000,15.9100,15.9200,15.9300,22,38,3,19,66,8,81,72,216,74
SZ,002372,2017-01-03 10:01:27,15.9000,2,15892.0000,10,B,15.8800,15.8700,15.8600,15.8500,15.8300,15.9000,15.9100,15.9200,15.9300,15.9400,22,38,3,19,66,79,72,216,74,93
SZ,002372,2017-01-03 10:01:39,15.8800,1,7940.0000,5,S,15.8800,15.8700,15.8600,15.8500,15.8300,15.9000,15.9100,15.9200,15.9300,15.9400,17,38,3,19,66,79,77,216,74,93
SZ,002372,2017-01-03 10:01:42,15.8800,1,12704.0000,8,S,15.8800,15.8700,15.8600,15.8500,15.8300,15.9000,15.9100,15.9200,15.9300,15.9400,9,38,3,19,66,79,77,216,74,93
SZ,002372,2017-01-03 10:01:45,15.8800,1,7940.0000,5,S,15.8800,15.8700,15.8600,15.8500,15.8300,15.9000,15.9100,15.9200,15.9300,15.9400,4,38,3,19,66,79,77,216,74,93
SZ,002372,2017-01-03 10:01:48,15.8800,2,6352.0000,4,S,15.8700,15.8600,15.8500,15.8300,15.8200,15.8800,15.9000,15.9100,15.9200,15.9300,38,3,19,66,145,6,79,77,216,74
SZ,002372,2017-01-03 10:01:57,15.8700,3,26992.0000,17,S,15.8800,15.8700,15.8600,15.8500,15.8300,15.8900,15.9000,15.9100,15.9200,15.9300,14,21,3,19,66,12,99,77,216,74
SZ,002372,2017-01-03 10:02:00,15.8800,2,12704.0000,8,S,15.8800,15.8700,15.8600,15.8500,15.8300,15.8900,15.9000,15.9100,15.9200,15.9300,6,21,3,19,66,12,99,77,216,74
SZ,002372,2017-01-03 10:02:06,15.8800,4,65092.0000,41,S,15.8800,15.8600,15.8500,15.8300,15.8200,15.8900,15.9000,15.9100,15.9200,15.9300,31,3,19,66,145,7,99,77,216,74
SZ,002372,2017-01-03 10:02:09,15.9000,2,15894.0000,10,B,15.8800,15.8600,15.8500,15.8300,15.8200,15.9000,15.9100,15.9200,15.9300,15.9400,31,3,19,66,145,96,77,216,74,93
SZ,002372,2017-01-03 10:02:18,15.8700,3,66694.0000,42,S,15.8600,15.8500,15.8300,15.8200,15.8100,15.8700,15.8800,15.8900,15.9000,15.9100,3,19,66,145,28,6,29,10,96,87
SZ,002372,2017-01-03 10:02:21,15.8800,2,15876.0000,10,B,15.8600,15.8500,15.8300,15.8200,15.8100,15.8800,15.8900,15.9000,15.9100,15.9200,3,19,66,145,28,25,10,96,87,216
SZ,002372,2017-01-03 10:02:27,15.8800,1,3176.0000,2,B,15.8700,15.8500,15.8300,15.8200,15.8100,15.8800,15.8900,15.9000,15.9100,15.9200,17,19,66,145,28,23,10,96,87,216
SZ,002372,2017-01-03 10:02:30,15.8700,1,1586.0000,1,S,15.8700,15.8600,15.8500,15.8300,15.8200,15.8800,15.8900,15.9000,15.9100,15.9200,16,100,19,66,145,23,10,101,87,216
SZ,002372,2017-01-03 10:02:36,15.8800,1,3176.0000,2,B,15.8700,15.8600,15.8500,15.8300,15.8200,15.8800,15.8900,15.9000,15.9100,15.9200,16,100,19,66,145,21,10,101,87,216
SZ,002372,2017-01-03 10:02:42,15.8800,1,15880.0000,10,B,15.8700,15.8600,15.8500,15.8300,15.8200,15.8800,15.8900,15.9000,15.9100,15.9200,16,100,19,66,145,11,20,107,87,216
SZ,002372,2017-01-03 10:02:45,15.8800,1,15880.0000,10,B,15.8700,15.8600,15.8500,15.8300,15.8200,15.8800,15.8900,15.9000,15.9100,15.9200,16,100,19,66,145,1,20,112,87,216
SZ,002372,2017-01-03 10:03:00,15.8800,2,2206.0000,1,B,15.8800,15.8700,15.8600,15.8500,15.8300,15.8900,15.9000,15.9100,15.9200,15.9300,22,47,100,19,66,20,112,92,216,74
SZ,002372,2017-01-03 10:03:03,15.8800,2,7940.0000,5,S,15.8800,15.8700,15.8600,15.8500,15.8300,15.8900,15.9000,15.9100,15.9200,15.9300,54,47,100,19,66,20,112,92,216,74
SZ,002372,2017-01-03 10:03:06,15.8800,2,20644.0000,13,S,15.8800,15.8700,15.8600,15.8500,15.8300,15.8900,15.9000,15.9100,15.9200,15.9300,41,47,100,19,66,25,124,92,216,74
SZ,002372,2017-01-03 10:03:12,15.8800,1,6352.0000,4,S,15.8800,15.8700,15.8600,15.8500,15.8300,15.8900,15.9000,15.9100,15.9200,15.9300,42,47,100,19,66,25,124,92,216,74
SZ,002372,2017-01-03 10:03:18,15.8800,2,63520.0000,40,S,15.8800,15.8700,15.8600,15.8500,15.8300,15.8900,15.9000,15.9100,15.9200,15.9300,2,47,100,19,66,25,154,92,217,74
SZ,002372,2017-01-03 10:03:21,15.8900,3,36548.0000,23,B,15.8700,15.8600,15.8500,15.8300,15.8200,15.8900,15.9000,15.9100,15.9200,15.9300,47,100,19,66,145,2,154,92,217,74
SZ,002372,2017-01-03 10:03:24,15.9000,2,7948.0000,5,B,15.8700,15.8600,15.8500,15.8300,15.8200,15.9000,15.9100,15.9200,15.9300,15.9400,47,100,19,95,145,153,92,217,74,93
SZ,002372,2017-01-03 10:03:33,15.8900,1,3178.0000,2,B,15.8900,15.8700,15.8600,15.8500,15.8300,15.9000,15.9100,15.9200,15.9300,15.9400,18,49,100,19,95,153,92,216,74,93
SZ,002372,2017-01-03 10:03:39,15.8900,1,1590.0000,1,S,15.8900,15.8700,15.8600,15.8500,15.8300,15.9000,15.9100,15.9200,15.9300,15.9400,27,49,100,63,95,163,92,216,90,93
SZ,002372,2017-01-03 10:03:45,15.9000,2,27022.0000,17,B,15.8900,15.8800,15.8700,15.8600,15.8500,15.9000,15.9100,15.9200,15.9300,15.9400,40,5,47,100,63,153,92,216,90,93
SZ,002372,2017-01-03 10:03:48,15.9000,1,3180.0000,2,B,15.8900,15.8800,15.8700,15.8600,15.8500,15.9000,15.9100,15.9200,15.9300,15.9400,40,9,47,100,63,164,92,216,90,93
SZ,002372,2017-01-03 10:03:51,15.8900,2,9534.0000,6,S,15.8900,15.8800,15.8700,15.8600,15.8500,15.9000,15.9100,15.9200,15.9300,15.9400,34,9,47,100,63,164,82,216,90,93
SZ,002372,2017-01-03 10:03:57,15.8900,1,3178.0000,2,S,15.8900,15.8800,15.8700,15.8600,15.8500,15.9000,15.9100,15.9200,15.9300,15.9400,52,9,47,100,63,164,82,216,90,93
SZ,002372,2017-01-03 10:04:00,15.9000,2,46110.0000,29,B,15.8900,15.8800,15.8700,15.8600,15.8500,15.9000,15.9100,15.9200,15.9300,15.9400,52,9,47,100,63,135,82,216,90,93
SZ,002372,2017-01-03 10:04:03,15.8900,3,20656.0000,13,S,15.8900,15.8800,15.8700,15.8600,15.8500,15.9000,15.9100,15.9200,15.9300,15.9400,67,11,47,100,63,135,82,216,90,93
SZ,002372,2017-01-03 10:04:09,15.8900,1,1590.0000,1,S,15.8900,15.8800,15.8700,15.8600,15.8500,15.9000,15.9100,15.9200,15.9300,15.9400,66,11,47,100,63,135,82,216,90,93
SZ,002372,2017-01-03 10:04:12,15.8900,1,1590.0000,1,S,15.8900,15.8800,15.8700,15.8600,15.8500,15.9000,15.9100,15.9200,15.9300,15.9400,65,11,47,100,63,135,82,216,105,93
SZ,002372,2017-01-03 10:04:21,15.8900,3,74682.0000,47,S,15.8900,15.8800,15.8700,15.8600,15.8500,15.9000,15.9100,15.9200,15.9300,15.9400,18,11,47,100,63,135,82,216,105,93
SZ,002372,2017-01-03 10:04:24,15.9000,1,19080.0000,12,B,15.8900,15.8800,15.8700,15.8600,15.8500,15.9000,15.9100,15.9200,15.9300,15.9400,38,11,47,100,63,123,82,216,105,93
SZ,002372,2017-01-03 10:04:36,15.8900,4,39744.0000,25,S,15.8900,15.8800,15.8700,15.8600,15.8500,15.9000,15.9100,15.9200,15.9300,15.9400,32,11,47,100,93,107,82,216,105,93
SZ,002372,2017-01-03 10:04:39,15.9000,3,12718.0000,8,B,15.8900,15.8800,15.8700,15.8600,15.8500,15.9000,15.9100,15.9200,15.9300,15.9400,31,11,47,100,93,100,82,216,105,93
SZ,002372,2017-01-03 10:04:42,15.9000,6,50880.0000,32,B,15.8900,15.8800,15.8700,15.8600,15.8500,15.9000,15.9100,15.9200,15.9300,15.9400,31,11,47,100,93,68,82,216,105,93
SZ,002372,2017-01-03 10:04:45,15.9000,4,47700.0000,30,B,15.8900,15.8800,15.8700,15.8600,15.8500,15.9000,15.9100,15.9200,15.9300,15.9400,31,11,47,100,93,45,82,216,105,93
SZ,002372,2017-01-03 10:04:51,15.9000,4,46112.0000,29,B,15.8900,15.8800,15.8700,15.8600,15.8500,15.9000,15.9100,15.9200,15.9300,15.9400,31,11,67,100,93,16,82,216,105,93
SZ,002372,2017-01-03 10:04:54,15.9000,7,52450.0000,33,B,15.8900,15.8800,15.8700,15.8600,15.8500,15.9000,15.9100,15.9200,15.9300,15.9400,12,11,67,100,93,2,82,216,105,93
SZ,002372,2017-01-03 10:04:57,15.9000,1,3926.0000,3,B,15.9000,15.8900,15.8800,15.8700,15.8600,15.9100,15.9200,15.9300,15.9400,15.9500,17,12,11,67,100,82,216,105,93,213
SZ,002372,2017-01-03 10:05:09,15.9100,2,9548.0000,6,B,15.9000,15.8900,15.8800,15.8700,15.8600,15.9100,15.9200,15.9300,15.9400,15.9500,37,12,38,67,100,76,216,105,93,213
SZ,002372,2017-01-03 10:05:21,15.9100,10,167054.0000,105,B,15.9100,15.9000,15.8900,15.8800,15.8700,15.9200,15.9300,15.9400,15.9500,15.9600,32,103,12,38,67,216,105,93,213,249
SZ,002372,2017-01-03 10:05:24,15.9200,1,19104.0000,12,B,15.9100,15.9000,15.8900,15.8800,15.8700,15.9200,15.9300,15.9400,15.9500,15.9600,89,103,12,38,67,204,105,93,213,249
SZ,002372,2017-01-03 10:05:36,15.9200,7,114584.0000,72,B,15.9100,15.9000,15.8900,15.8800,15.8700,15.9200,15.9300,15.9400,15.9500,15.9600,53,103,12,38,47,172,105,93,213,249
SZ,002372,2017-01-03 10:05:39,15.9200,1,47760.0000,30,B,15.9100,15.9000,15.8800,15.8700,15.8600,15.9200,15.9300,15.9400,15.9500,15.9600,53,103,38,47,108,142,105,93,213,249
SZ,002372,2017-01-03 10:05:48,15.9200,1,15920.0000,10,B,15.9100,15.9000,15.8800,15.8700,15.8600,15.9200,15.9300,15.9400,15.9500,15.9600,54,103,38,35,108,132,105,93,213,249
SZ,002372,2017-01-03 10:05:51,15.9200,1,15920.0000,10,B,15.9100,15.9000,15.8800,15.8700,15.8600,15.9200,15.9300,15.9400,15.9500,15.9600,54,103,38,35,108,122,105,93,213,249
SZ,002372,2017-01-03 10:05:54,15.9200,2,6366.0000,4,B,15.9100,15.9000,15.8800,15.8700,15.8600,15.9200,15.9300,15.9400,15.9500,15.9600,53,103,38,35,108,119,105,93,213,249
SZ,002372,2017-01-03 10:06:00,15.9200,2,189448.0000,119,B,15.9200,15.9100,15.9000,15.8800,15.8700,15.9300,15.9400,15.9500,15.9600,15.9700,381,53,103,38,35,105,93,213,249,77
SZ,002372,2017-01-03 10:06:03,15.9300,1,15932.0000,10,B,15.9200,15.9100,15.9000,15.8800,15.8700,15.9300,15.9400,15.9500,15.9600,15.9700,381,5,103,38,35,46,93,213,249,77
SZ,002372,2017-01-03 10:06:12,15.9300,4,73276.0000,46,B,15.9300,15.9200,15.9100,15.9000,15.8800,15.9400,15.9500,15.9600,15.9700,15.9800,2,401,5,103,38,93,213,249,77,254
SZ,002372,2017-01-03 10:06:15,15.9300,1,3188.0000,2,S,15.9200,15.9100,15.9000,15.8800,15.8700,15.9300,15.9400,15.9500,15.9600,15.9700,401,5,103,38,35,16,93,213,249,77
SZ,002372,2017-01-03 10:06:27,15.9300,2,25488.0000,16,B,15.9300,15.9200,15.9100,15.9000,15.8800,15.9400,15.9500,15.9600,15.9700,15.9800,42,449,5,103,38,93,213,249,77,254
SZ,002372,2017-01-03 10:06:30,15.9300,2,143368.0000,90,S,15.9200,15.9100,15.9000,15.8800,15.8700,15.9300,15.9400,15.9500,15.9600,15.9700,449,5,103,38,35,10,93,213,249,67
SZ,002372,2017-01-03 10:06:33,15.9400,5,49404.0000,31,B,15.9200,15.9100,15.9000,15.8800,15.8700,15.9400,15.9500,15.9600,15.9700,15.9800,449,5,103,34,35,72,213,249,67,254
SZ,002372,2017-01-03 10:06:48,15.9300,1,1594.0000,1,S,15.9300,15.9200,15.9100,15.9000,15.8800,15.9400,15.9500,15.9600,15.9700,15.9800,7,449,5,103,34,374,218,249,67,254
SZ,002372,2017-01-03 10:06:51,15.9400,1,1594.0000,1,B,15.9300,15.9200,15.9100,15.9000,15.8800,15.9400,15.9500,15.9600,15.9700,15.9800,7,449,5,103,34,373,218,249,67,254
SZ,002372,2017-01-03 10:06:57,15.9400,5,73324.0000,46,B,15.9300,15.9200,15.9100,15.9000,15.8800,15.9400,15.9500,15.9600,15.9700,15.9800,7,449,5,103,34,327,218,249,67,254
SZ,002372,2017-01-03 10:07:00,15.9400,7,81292.0000,51,B,15.9300,15.9200,15.9100,15.9000,15.8800,15.9400,15.9500,15.9600,15.9700,15.9800,6,449,5,103,34,277,218,249,67,254
SZ,002372,2017-01-03 10:07:03,15.9400,2,31880.0000,20,B,15.9300,15.9200,15.9100,15.9000,15.8800,15.9400,15.9500,15.9600,15.9700,15.9800,6,449,5,103,34,257,218,249,67,254
SZ,002372,2017-01-03 10:07:06,15.9400,2,44632.0000,28,B,15.9300,15.9200,15.9100,15.9000,15.8800,15.9400,15.9500,15.9600,15.9700,15.9800,6,449,5,103,7,229,218,249,67,254
SZ,002372,2017-01-03 10:07:12,15.9400,1,94048.0000,59,B,15.9300,15.9200,15.9100,15.9000,15.8800,15.9400,15.9500,15.9600,15.9700,15.9800,6,449,5,103,7,171,231,249,67,254
SZ,002372,2017-01-03 10:07:18,15.9400,1,1592.0000,1,B,15.9300,15.9200,15.9100,15.9000,15.8800,15.9400,15.9500,15.9600,15.9700,15.9800,31,449,5,103,7,170,231,249,67,254
SZ,002372,2017-01-03 10:07:21,15.9300,2,15932.0000,10,S,15.9300,15.9200,15.9100,15.9000,15.8800,15.9400,15.9500,15.9600,15.9700,15.9800,21,449,5,103,7,170,241,249,67,249
SZ,002372,2017-01-03 10:07:24,15.9400,3,49392.0000,31,B,15.9300,15.9200,15.9100,15.9000,15.8800,15.9400,15.9500,15.9600,15.9700,15.9800,1,449,5,103,7,159,241,249,67,249
SZ,002372,2017-01-03 10:07:33,15.9400,1,4784.0000,3,B,15.9300,15.9200,15.9100,15.9000,15.8800,15.9400,15.9500,15.9600,15.9700,15.9800,1,449,83,103,7,156,241,249,67,249
SZ,002372,2017-01-03 10:07:42,15.9400,1,71728.0000,45,B,15.9300,15.9200,15.9100,15.9000,15.8800,15.9400,15.9500,15.9600,15.9700,15.9800,1,452,83,103,7,111,246,249,67,249
SZ,002372,2017-01-03 10:07:45,15.9400,2,31880.0000,20,B,15.9300,15.9200,15.9100,15.9000,15.8800,15.9400,15.9500,15.9600,15.9700,15.9800,1,452,83,103,7,91,246,249,67,249
SZ,002372,2017-01-03 10:07:48,15.9300,1,1594.0000,1,S,15.9200,15.9100,15.9000,15.8800,15.8700,15.9400,15.9500,15.9600,15.9700,15.9800,452,83,103,7,35,91,246,249,67,249
SZ,002372,2017-01-03 10:07:51,15.9500,3,180144.0000,113,B,15.9200,15.9100,15.9000,15.8800,15.8700,15.9500,15.9600,15.9700,15.9800,15.9900,452,83,103,7,35,224,249,67,249,352
SZ,002372,2017-01-03 10:07:54,15.9500,1,25520.0000,16,B,15.9400,15.9300,15.9200,15.9100,15.9000,15.9500,15.9600,15.9700,15.9800,15.9900,30,4,452,83,103,208,249,67,249,352
SZ,002372,2017-01-03 10:07:57,15.9200,4,160858.0000,101,S,15.9200,15.9100,15.9000,15.8800,15.8700,15.9500,15.9600,15.9700,15.9800,15.9900,386,83,103,7,35,207,249,67,249,352
SZ,002372,2017-01-03 10:08:00,15.9500,2,35068.0000,22,B,15.9300,15.9200,15.9100,15.9000,15.8800,15.9500,15.9600,15.9700,15.9800,15.9900,16,386,83,103,7,196,249,67,249,352
SZ,002372,2017-01-03 10:08:03,15.9500,1,15952.0000,10,B,15.9300,15.9200,15.9100,15.9000,15.8800,15.9500,15.9600,15.9700,15.9800,15.9900,16,386,83,103,7,186,249,67,249,352
SZ,002372,2017-01-03 10:08:09,15.9500,1,3188.0000,2,B,15.9300,15.9200,15.9100,15.9000,15.8800,15.9400,15.9500,15.9600,15.9700,15.9800,16,386,83,103,7,2,184,249,67,249
SZ,002372,2017-01-03 10:08:30,15.9400,1,7972.0000,5,B,15.9400,15.9300,15.9200,15.9100,15.9000,15.9500,15.9600,15.9700,15.9800,15.9900,15,26,376,79,46,284,249,67,249,352
SZ,002372,2017-01-03 10:08:33,15.9400,1,23908.0000,15,S,15.9300,15.9200,15.9100,15.9000,15.8800,15.9400,15.9500,15.9600,15.9700,15.9800,33,376,79,46,5,85,284,249,67,249
SZ,002372,2017-01-03 10:08:39,15.9400,2,33476.0000,21,B,15.9300,15.9200,15.9100,15.9000,15.8800,15.9400,15.9500,15.9600,15.9700,15.9800,33,376,79,46,5,64,284,249,67,249
SZ,002372,2017-01-03 10:08:51,15.9400,1,1592.0000,1,B,15.9300,15.9200,15.9100,15.9000,15.8800,15.9400,15.9500,15.9600,15.9700,15.9800,33,388,79,46,5,272,384,249,67,249
SZ,002372,2017-01-03 10:08:54,15.9400,3,39848.0000,25,B,15.9300,15.9200,15.9100,15.9000,15.8800,15.9400,15.9500,15.9600,15.9700,15.9800,30,388,79,46,5,250,384,249,67,249
SZ,002372,2017-01-03 10:09:00,15.9300,3,47790.0000,30,S,15.9300,15.9200,15.9100,15.9000,15.8800,15.9400,15.9500,15.9600,15.9700,15.9800,2,388,79,46,5,250,384,249,67,249
SZ,002372,2017-01-03 10:09:03,15.9400,3,49414.0000,31,B,15.9300,15.9200,15.9100,15.9000,15.8800,15.9400,15.9500,15.9600,15.9700,15.9800,2,388,79,46,5,219,384,249,67,249
SZ,002372,2017-01-03 10:09:06,15.9400,1,6376.0000,4,B,15.9300,15.9200,15.9100,15.9000,15.8800,15.9400,15.9500,15.9600,15.9700,15.9800,2,388,79,46,5,215,384,249,67,249
SZ,002372,2017-01-03 10:09:12,15.9300,1,3186.0000,2,S,15.9200,15.9100,15.9000,15.8800,15.8700,15.9300,15.9400,15.9500,15.9600,15.9700,388,79,47,5,38,6,215,374,249,67
SZ,002372,2017-01-03 10:09:15,15.9400,4,47794.0000,30,B,15.9200,15.9100,15.9000,15.8800,15.8700,15.9400,15.9500,15.9600,15.9700,15.9800,388,79,47,5,38,211,374,249,67,249
SZ,002372,2017-01-03 10:09:30,15.9300,1,6372.0000,4,S,15.9200,15.9100,15.9000,15.8800,15.8700,15.9300,15.9400,15.9500,15.9600,15.9700,388,79,47,5,38,6,211,374,249,67
SZ,002372,2017-01-03 10:09:33,15.9300,1,4780.0000,3,B,15.9200,15.9100,15.9000,15.8800,15.8700,15.9300,15.9400,15.9500,15.9600,15.9700,388,79,47,5,38,3,211,374,249,67
SZ,002372,2017-01-03 10:09:36,15.9300,1,3184.0000,2,B,15.9200,15.9100,15.9000,15.8800,15.8700,15.9300,15.9400,15.9500,15.9600,15.9700,388,79,47,5,38,1,211,374,249,67
SZ,002372,2017-01-03 10:09:39,15.9300,1,1594.0000,1,B,15.9300,15.9200,15.9100,15.9000,15.8800,15.9400,15.9500,15.9600,15.9700,15.9800,1,388,79,47,5,211,378,249,67,259
SZ,002372,2017-01-03 10:09:45,15.9300,3,9562.0000,6,S,15.9200,15.9100,15.9000,15.8800,15.8700,15.9300,15.9400,15.9500,15.9600,15.9700,388,79,47,5,38,49,206,378,249,67
SZ,002372,2017-01-03 10:10:03,15.9300,1,4780.0000,3,B,15.9200,15.9100,15.9000,15.8800,15.8700,15.9300,15.9400,15.9500,15.9600,15.9700,389,79,47,10,38,72,206,381,249,67
SZ,002372,2017-01-03 10:10:09,15.9300,1,1592.0000,1,B,15.9200,15.9100,15.9000,15.8800,15.8700,15.9300,15.9400,15.9500,15.9600,15.9700,489,79,47,10,38,71,206,381,249,67
SZ,002372,2017-01-03 10:10:21,15.9300,1,36640.0000,23,B,15.9200,15.9100,15.9000,15.8800,15.8700,15.9300,15.9400,15.9500,15.9600,15.9700,489,79,47,10,38,48,206,381,249,67
SZ,002372,2017-01-03 10:10:33,15.9200,2,167164.0000,105,S,15.9200,15.9100,15.9000,15.8800,15.8700,15.9300,15.9400,15.9500,15.9600,15.9700,389,79,47,45,38,144,206,381,249,67
SZ,002372,2017-01-03 10:10:36,15.9300,1,25488.0000,16,B,15.9200,15.9100,15.9000,15.8800,15.8700,15.9300,15.9400,15.9500,15.9600,15.9700,389,79,47,45,38,128,206,381,249,67
SZ,002372,2017-01-03 10:10:39,15.9300,3,19116.0000,12,B,15.9200,15.9100,15.9000,15.8800,15.8700,15.9300,15.9400,15.9500,15.9600,15.9700,389,79,47,45,38,116,206,384,249,67
SZ,002372,2017-01-03 10:10:48,15.9200,1,3184.0000,2,S,15.9200,15.9100,15.9000,15.8800,15.8700,15.9300,15.9400,15.9500,15.9600,15.9700,387,79,47,45,38,116,206,384,249,67
SZ,002372,2017-01-03 10:10:57,15.9300,4,19112.0000,12,B,15.9200,15.9100,15.9000,15.8800,15.8700,15.9300,15.9400,15.9500,15.9600,15.9700,382,79,55,45,38,109,206,384,249,67
SZ,002372,2017-01-03 10:11:18,15.9200,1,15920.0000,10,S,15.9200,15.9100,15.9000,15.8900,15.8800,15.9300,15.9400,15.9500,15.9600,15.9700,372,79,55,4,45,130,206,394,249,67
SZ,002372,2017-01-03 10:11:24,15.9200,1,27064.0000,17,S,15.9200,15.9100,15.9000,15.8900,15.8800,15.9300,15.9400,15.9500,15.9600,15.9700,355,79,55,4,45,130,206,394,249,67
SZ,002372,2017-01-03 10:11:30,15.9300,5,44604.0000,28,B,15.9200,15.9100,15.9000,15.8900,15.8800,15.9300,15.9400,15.9500,15.9600,15.9700,354,79,55,4,45,103,206,394,249,67
SZ,002372,2017-01-03 10:11:33,15.9300,3,254760.0000,160,B,15.9200,15.9100,15.9000,15.8900,15.8800,15.9300,15.9400,15.9500,15.9600,15.9700,234,79,55,4,45,63,206,394,249,67
SZ,002372,2017-01-03 10:11:36,15.9300,2,36638.0000,23,B,15.9200,15.9100,15.9000,15.8900,15.8800,15.9300,15.9400,15.9500,15.9600,15.9700,234,79,55,4,45,40,206,394,249,67
SZ,002372,2017-01-03 10:11:39,15.9300,4,65314.0000,41,B,15.9300,15.9200,15.9100,15.9000,15.8900,15.9400,15.9500,15.9600,15.9700,15.9800,7,234,79,55,4,206,394,249,67,259
SZ,002372,2017-01-03 10:11:42,15.9300,1,1592.0000,1,S,15.9300,15.9200,15.9100,15.9000,15.8900,15.9400,15.9500,15.9600,15.9700,15.9800,6,234,79,55,4,206,394,249,67,259
SZ,002372,2017-01-03 10:11:54,15.9300,2,4780.0000,3,S,15.9300,15.9200,15.9100,15.9000,15.8900,15.9400,15.9500,15.9600,15.9700,15.9800,5,235,79,55,4,206,394,249,67,259
SZ,002372,2017-01-03 10:12:09,15.9400,1,4780.0000,3,B,15.9300,15.9200,15.9100,15.9000,15.8900,15.9400,15.9500,15.9600,15.9700,15.9800,15,235,79,55,4,206,394,249,67,259
SZ,002372,2017-01-03 10:12:15,15.9300,7,46216.0000,29,S,15.9300,15.9200,15.9100,15.9000,15.8900,15.9400,15.9500,15.9600,15.9700,15.9800,3,235,79,55,4,189,394,249,67,259
SZ,002372,2017-01-03 10:12:18,15.9400,1,14344.0000,9,B,15.9300,15.9200,15.9100,15.9000,15.8900,15.9400,15.9500,15.9600,15.9700,15.9800,4,235,79,55,4,185,394,249,67,259
SZ,002372,2017-01-03 10:12:24,15.9400,1,84484.0000,53,B,15.9300,15.9200,15.9100,15.9000,15.8900,15.9400,15.9500,15.9600,15.9700,15.9800,4,235,79,55,4,132,394,249,67,259
SZ,002372,2017-01-03 10:12:27,15.9400,1,25504.0000,16,B,15.9300,15.9200,15.9100,15.9000,15.8900,15.9400,15.9500,15.9600,15.9700,15.9800,4,235,79,55,4,116,394,249,67,259
SZ,002372,2017-01-03 10:12:33,15.9300,1,1592.0000,1,S,15.9300,15.9200,15.9100,15.9000,15.8900,15.9400,15.9500,15.9600,15.9700,15.9800,3,235,79,55,4,116,394,249,67,259
SZ,002372,2017-01-03 10:12:36,15.9300,1,1592.0000,1,S,15.9300,15.9200,15.9100,15.9000,15.8900,15.9400,15.9500,15.9600,15.9700,15.9800,2,235,79,55,4,116,394,249,67,259
SZ,002372,2017-01-03 10:12:39,15.9400,4,54190.0000,34,B,15.9300,15.9200,15.9100,15.9000,15.8900,15.9400,15.9500,15.9600,15.9700,15.9800,3,235,79,55,4,89,394,249,67,259
SZ,002372,2017-01-03 10:12:51,15.9300,1,1594.0000,1,S,15.9200,15.9100,15.9000,15.8900,15.8800,15.9300,15.9400,15.9500,15.9600,15.9700,235,79,55,4,45,2,89,389,249,67
SZ,002372,2017-01-03 10:13:03,15.9300,5,14336.0000,9,B,15.9200,15.9100,15.9000,15.8900,15.8800,15.9300,15.9400,15.9500,15.9600,15.9700,235,79,55,4,10,98,89,389,249,67
SZ,002372,2017-01-03 10:13:12,15.9300,1,4780.0000,3,B,15.9200,15.9100,15.9000,15.8900,15.8800,15.9300,15.9400,15.9500,15.9600,15.9700,238,79,55,4,10,106,186,389,249,67
SZ,002372,2017-01-03 10:13:15,15.9200,1,3184.0000,2,S,15.9200,15.9100,15.9000,15.8900,15.8800,15.9300,15.9400,15.9500,15.9600,15.9700,236,79,55,4,10,106,186,389,249,67
SZ,002372,2017-01-03 10:13:18,15.9300,1,39824.0000,25,B,15.9200,15.9100,15.9000,15.8900,15.8800,15.9300,15.9400,15.9500,15.9600,15.9700,253,79,55,4,10,81,186,389,249,67
SZ,002372,2017-01-03 10:13:33,15.9300,2,9556.0000,6,B,15.9200,15.9100,15.9000,15.8900,15.8800,15.9300,15.9400,15.9500,15.9600,15.9700,251,79,55,4,10,93,186,385,249,67
SZ,002372,2017-01-03 10:13:39,15.9200,2,17522.0000,11,S,15.9200,15.9100,15.9000,15.8900,15.8800,15.9300,15.9400,15.9500,15.9600,15.9700,250,79,55,4,10,79,186,385,249,67
SZ,002372,2017-01-03 10:13:45,15.9300,1,54162.0000,34,B,15.9200,15.9100,15.9000,15.8900,15.8800,15.9300,15.9400,15.9500,15.9600,15.9700,250,79,55,4,10,45,186,385,249,67
SZ,002372,2017-01-03 10:13:57,15.9200,2,20700.0000,13,S,15.9200,15.9100,15.9000,15.8900,15.8800,15.9300,15.9400,15.9500,15.9600,15.9700,243,84,55,4,10,62,186,445,249,67
SZ,002372,2017-01-03 10:14:06,15.9300,1,1592.0000,1,B,15.9200,15.9100,15.9000,15.8900,15.8800,15.9300,15.9400,15.9500,15.9600,15.9700,243,84,55,4,10,71,186,445,249,67
SZ,002372,2017-01-03 10:14:09,15.9200,1,11144.0000,7,S,15.9200,15.9100,15.9000,15.8900,15.8800,15.9300,15.9400,15.9500,15.9600,15.9700,236,84,55,4,10,71,186,445,249,67
SZ,002372,2017-01-03 10:14:15,15.9300,8,84426.0000,53,B,15.9200,15.9100,15.9000,15.8900,15.8800,15.9300,15.9400,15.9500,15.9600,15.9700,248,79,55,4,10,21,186,445,249,67
SZ,002372,2017-01-03 10:14:18,15.9200,1,11144.0000,7,S,15.9200,15.9100,15.9000,15.8900,15.8800,15.9300,15.9400,15.9500,15.9600,15.9700,241,79,55,4,10,21,186,445,249,67
SZ,002372,2017-01-03 10:14:21,15.9200,8,323986.0000,203,S,15.9200,15.9100,15.9000,15.8900,15.8800,15.9300,15.9400,15.9500,15.9600,15.9700,52,79,55,4,10,6,186,445,249,67
SZ,002372,2017-01-03 10:14:27,15.9200,1,1592.0000,1,S,15.9200,15.9100,15.9000,15.8900,15.8800,15.9300,15.9400,15.9500,15.9600,15.9700,54,79,55,4,10,6,186,445,249,67
SZ,002372,2017-01-03 10:14:30,15.9300,1,3188.0000,2,B,15.9200,15.9100,15.9000,15.8900,15.8800,15.9300,15.9400,15.9500,15.9600,15.9700,52,79,57,4,10,54,186,445,249,67
SZ,002372,2017-01-03 10:14:45,15.9200,1,3184.0000,2,S,15.9200,15.9100,15.9000,15.8900,15.8800,15.9300,15.9400,15.9500,15.9600,15.9700,72,79,62,4,10,292,186,445,249,67
SZ,002372,2017-01-03 10:14:48,15.9300,1,4778.0000,3,B,15.9200,15.9100,15.9000,15.8900,15.8800,15.9300,15.9400,15.9500,15.9600,15.9700,72,79,62,4,10,289,186,445,249,67
SZ,002372,2017-01-03 10:14:57,15.9200,4,27064.0000,17,S,15.9200,15.9100,15.9000,15.8900,15.8800,15.9300,15.9400,15.9500,15.9600,15.9700,57,79,62,4,10,289,186,445,249,67
SZ,002372,2017-01-03 10:15:03,15.9200,1,15920.0000,10,S,15.9200,15.9100,15.9000,15.8900,15.8800,15.9300,15.9400,15.9500,15.9600,15.9700,47,79,62,4,10,289,186,445,249,67
SZ,002372,2017-01-03 10:15:06,15.9200,2,4776.0000,3,S,15.9200,15.9100,15.9000,15.8900,15.8800,15.9300,15.9400,15.9500,15.9600,15.9700,44,79,62,16,10,289,186,445,249,67
SZ,002372,2017-01-03 10:15:09,15.9200,6,63680.0000,40,S,15.9200,15.9100,15.9000,15.8900,15.8800,15.9300,15.9400,15.9500,15.9600,15.9700,5,79,62,16,10,292,186,445,249,67
SZ,002372,2017-01-03 10:15:12,15.9200,4,24676.0000,16,S,15.9100,15.9000,15.8900,15.8800,15.8700,15.9200,15.9300,15.9400,15.9500,15.9600,79,62,16,10,38,4,292,186,445,249
SZ,002372,2017-01-03 10:15:15,15.9100,1,3182.0000,2,S,15.9100,15.9000,15.8900,15.8800,15.8700,15.9200,15.9300,15.9400,15.9500,15.9600,77,62,16,10,38,14,292,186,445,249
SZ,002372,2017-01-03 10:15:24,15.9100,1,15910.0000,10,S,15.9100,15.9000,15.8900,15.8800,15.8700,15.9200,15.9300,15.9400,15.9500,15.9600,70,62,16,10,38,15,292,186,445,249
SZ,002372,2017-01-03 10:15:30,15.9200,1,1592.0000,1,B,15.9100,15.9000,15.8900,15.8800,15.8700,15.9200,15.9300,15.9400,15.9500,15.9600,70,62,16,10,38,24,289,186,445,249
SZ,002372,2017-01-03 10:15:33,15.9100,2,17504.0000,11,S,15.9100,15.9000,15.8900,15.8800,15.8700,15.9200,15.9300,15.9400,15.9500,15.9600,62,62,16,10,38,23,289,186,445,249
SZ,002372,2017-01-03 10:15:36,15.9200,5,39790.0000,25,B,15.9100,15.9000,15.8900,15.8800,15.8700,15.9200,15.9300,15.9400,15.9500,15.9600,54,62,16,10,38,8,289,186,445,249
SZ,002372,2017-01-03 10:15:39,15.9100,2,6368.0000,4,S,15.9100,15.9000,15.8900,15.8800,15.8700,15.9200,15.9300,15.9400,15.9500,15.9600,50,62,16,10,38,5,289,186,445,249
SZ,002372,2017-01-03 10:15:48,15.9100,5,36624.0000,23,S,15.9100,15.9000,15.8900,15.8800,15.8700,15.9300,15.9400,15.9500,15.9600,15.9700,46,62,16,10,38,275,186,445,249,67
SZ,002372,2017-01-03 10:15:54,15.9100,1,1592.0000,1,S,15.9100,15.9000,15.8900,15.8800,15.8700,15.9300,15.9400,15.9500,15.9600,15.9700,45,62,16,10,38,275,186,445,249,67
SZ,002372,2017-01-03 10:16:00,15.9100,1,1590.0000,1,S,15.9100,15.9000,15.8900,15.8800,15.8700,15.9200,15.9300,15.9400,15.9500,15.9600,44,62,16,10,38,4,275,186,446,249
SZ,002372,2017-01-03 10:16:06,15.9200,1,6368.0000,4,B,15.9200,15.9100,15.9000,15.8900,15.8800,15.9300,15.9400,15.9500,15.9600,15.9700,118,44,62,16,10,275,186,446,249,67
SZ,002372,2017-01-03 10:16:09,15.9200,2,36616.0000,23,S,15.9200,15.9100,15.9000,15.8900,15.8800,15.9300,15.9400,15.9500,15.9600,15.9700,95,44,62,16,10,275,186,446,249,67
SZ,002372,2017-01-03 10:16:12,15.9200,3,93930.0000,59,S,15.9200,15.9100,15.9000,15.8900,15.8800,15.9300,15.9400,15.9500,15.9600,15.9700,36,44,62,16,10,275,186,446,249,67
SZ,002372,2017-01-03 10:16:15,15.9200,6,19104.0000,12,S,15.9200,15.9100,15.9000,15.8900,15.8800,15.9300,15.9400,15.9500,15.9600,15.9700,27,42,62,16,10,275,186,446,249,67
SZ,002372,2017-01-03 10:16:18,15.9200,1,1592.0000,1,S,15.9200,15.9100,15.9000,15.8900,15.8800,15.9300,15.9400,15.9500,15.9600,15.9700,28,42,62,16,10,275,186,446,249,67
SZ,002372,2017-01-03 10:16:27,15.9200,3,44576.0000,28,S,15.9100,15.9000,15.8900,15.8800,15.8700,15.9200,15.9300,15.9400,15.9500,15.9600,42,62,16,10,38,30,275,186,446,249
SZ,002372,2017-01-03 10:16:36,15.9200,1,9552.0000,6,B,15.9100,15.9000,15.8900,15.8800,15.8700,15.9200,15.9300,15.9400,15.9500,15.9600,44,62,16,10,38,140,275,186,446,249
SZ,002372,2017-01-03 10:16:57,15.9100,2,33408.0000,21,S,15.9100,15.9000,15.8900,15.8800,15.8700,15.9200,15.9300,15.9400,15.9500,15.9600,23,62,16,10,38,148,275,186,438,249
SZ,002372,2017-01-03 10:17:00,15.9200,1,20696.0000,13,B,15.9100,15.9000,15.8900,15.8800,15.8700,15.9200,15.9300,15.9400,15.9500,15.9600,28,62,16,10,38,135,275,186,438,249
SZ,002372,2017-01-03 10:17:03,15.9100,1,20684.0000,13,S,15.9100,15.9000,15.8900,15.8800,15.8700,15.9200,15.9300,15.9400,15.9500,15.9600,15,62,16,10,38,135,275,186,438,249
SZ,002372,2017-01-03 10:17:06,15.9100,3,17500.0000,11,S,15.9100,15.9000,15.8900,15.8800,15.8700,15.9200,15.9300,15.9400,15.9500,15.9600,5,62,16,10,38,134,275,186,438,249
SZ,002372,2017-01-03 10:17:12,15.9100,1,7956.0000,5,S,15.9000,15.8900,15.8800,15.8700,15.8600,15.9100,15.9200,15.9300,15.9400,15.9500,62,16,10,38,11,64,136,272,186,438
SZ,002372,2017-01-03 10:17:15,15.9100,1,19092.0000,12,B,15.9000,15.8900,15.8800,15.8700,15.8600,15.9100,15.9200,15.9300,15.9400,15.9500,64,16,10,38,11,52,136,277,186,438
SZ,002372,2017-01-03 10:17:30,15.9100,1,20684.0000,13,B,15.9000,15.8900,15.8800,15.8700,15.8600,15.9100,15.9200,15.9300,15.9400,15.9500,64,16,10,38,11,39,136,277,186,438
SZ,002372,2017-01-03 10:17:33,15.9100,2,6364.0000,4,B,15.9000,15.8900,15.8800,15.8700,15.8600,15.9100,15.9200,15.9300,15.9400,15.9500,63,16,10,38,11,36,136,277,186,438
SZ,002372,2017-01-03 10:17:36,15.9000,2,34992.0000,22,S,15.9000,15.8900,15.8800,15.8700,15.8600,15.9100,15.9200,15.9300,15.9400,15.9500,53,16,10,38,11,54,136,277,186,438
SZ,002372,2017-01-03 10:17:39,15.9100,1,11136.0000,7,B,15.9000,15.8900,15.8800,15.8700,15.8600,15.9100,15.9200,15.9300,15.9400,15.9500,53,16,10,38,11,60,130,277,186,438
SZ,002372,2017-01-03 10:17:57,15.9000,1,4768.0000,3,S,15.9000,15.8900,15.8800,15.8700,15.8600,15.9100,15.9200,15.9300,15.9400,15.9500,50,16,10,41,11,50,130,277,186,438
SZ,002372,2017-01-03 10:18:00,15.9100,3,17492.0000,11,B,15.9000,15.8900,15.8800,15.8700,15.8600,15.9100,15.9200,15.9300,15.9400,15.9500,40,16,10,41,11,49,130,277,186,438
SZ,002372,2017-01-03 10:18:03,15.9100,3,63620.0000,40,B,15.9000,15.8900,15.8800,15.8700,15.8600,15.9100,15.9200,15.9300,15.9400,15.9500,20,16,10,41,11,29,130,277,186,438
SZ,002372,2017-01-03 10:18:09,15.9100,2,6364.0000,4,B,15.9000,15.8900,15.8800,15.8700,15.8600,15.9100,15.9200,15.9300,15.9400,15.9500,46,16,10,41,11,25,128,277,181,438
SZ,002372,2017-01-03 10:18:12,15.9000,11,95412.0000,60,S,15.8900,15.8800,15.8700,15.8600,15.8500,15.9000,15.9100,15.9200,15.9300,15.9400,16,11,41,11,93,13,13,128,277,181
SZ,002372,2017-01-03 10:18:15,15.9100,4,41356.0000,26,B,15.9100,15.8900,15.8800,15.8700,15.8600,15.9200,15.9300,15.9400,15.9500,15.9600,31,21,11,41,11,128,277,181,438,249
SZ,002372,2017-01-03 10:18:18,15.9100,1,17500.0000,11,S,15.9100,15.8900,15.8800,15.8700,15.8600,15.9200,15.9300,15.9400,15.9500,15.9600,20,21,11,41,11,128,277,181,438,249
SZ,002372,2017-01-03 10:18:21,15.9100,3,31820.0000,20,S,15.8900,15.8800,15.8700,15.8600,15.8500,15.9100,15.9200,15.9300,15.9400,15.9500,21,11,41,11,93,4,128,277,181,438
SZ,002372,2017-01-03 10:18:27,15.9100,3,19092.0000,12,B,15.8900,15.8800,15.8700,15.8600,15.8500,15.9100,15.9200,15.9300,15.9400,15.9500,21,11,41,11,93,7,128,277,181,448
SZ,002372,2017-01-03 10:18:48,15.9100,1,1592.0000,1,B,15.9000,15.8900,15.8800,15.8700,15.8600,15.9100,15.9200,15.9300,15.9400,15.9500,12,19,11,41,11,6,128,277,181,448
SZ,002372,2017-01-03 10:18:51,15.9100,2,20680.0000,13,B,15.9000,15.8900,15.8800,15.8700,15.8600,15.9100,15.9200,15.9300,15.9400,15.9500,12,19,11,41,11,3,128,277,181,448
SZ,002372,2017-01-03 10:18:54,15.9000,1,3184.0000,2,S,15.9000,15.8900,15.8800,15.8700,15.8600,15.9100,15.9200,15.9300,15.9400,15.9500,10,19,11,41,11,3,128,277,181,448
SZ,002372,2017-01-03 10:19:06,15.9100,1,4772.0000,3,B,15.9100,15.9000,15.8900,15.8800,15.8700,15.9200,15.9300,15.9400,15.9500,15.9600,6,15,19,11,41,128,277,181,448,249
SZ,002372,2017-01-03 10:19:09,15.9100,1,1588.0000,1,S,15.9100,15.9000,15.8900,15.8800,15.8700,15.9200,15.9300,15.9400,15.9500,15.9600,18,15,19,11,41,131,277,181,448,249
SZ,002372,2017-01-03 10:19:15,15.9100,2,9548.0000,6,S,15.9100,15.9000,15.8900,15.8800,15.8700,15.9200,15.9300,15.9400,15.9500,15.9600,12,13,19,11,41,131,277,181,448,249
SZ,002372,2017-01-03 10:19:18,15.9000,4,42944.0000,27,S,15.8900,15.8800,15.8700,15.8600,15.8500,15.9000,15.9100,15.9200,15.9300,15.9400,19,11,41,11,93,23,20,131,277,181
SZ,002372,2017-01-03 10:19:33,15.9000,11,101676.0000,64,B,15.8700,15.8600,15.8500,15.8300,15.8200,15.9000,15.9100,15.9200,15.9300,15.9400,27,11,93,95,145,6,37,131,277,181
SZ,002372,2017-01-03 10:19:45,15.9100,4,38168.0000,24,B,15.8700,15.8600,15.8500,15.8300,15.8200,15.9100,15.9200,15.9300,15.9400,15.9500,27,11,98,95,145,26,131,277,181,453
SZ,002372,2017-01-03 10:19:51,15.9000,1,1592.0000,1,S,15.9000,15.8800,15.8700,15.8600,15.8500,15.9100,15.9200,15.9300,15.9400,15.9500,1,58,27,11,98,26,131,247,181,453
SZ,002372,2017-01-03 10:19:54,15.9000,1,1588.0000,1,S,15.8800,15.8700,15.8600,15.8500,15.8300,15.9000,15.9100,15.9200,15.9300,15.9400,58,27,11,98,95,25,26,131,247,181
SZ,002372,2017-01-03 10:20:00,15.9000,1,19080.0000,12,B,15.8800,15.8700,15.8600,15.8500,15.8300,15.9000,15.9100,15.9200,15.9300,15.9400,58,27,11,98,95,13,26,131,247,181
SZ,002372,2017-01-03 10:20:03,15.9000,1,20672.0000,13,B,15.9000,15.8800,15.8700,15.8600,15.8500,15.9100,15.9200,15.9300,15.9400,15.9500,84,58,27,11,98,26,131,247,181,453
SZ,002372,2017-01-03 10:20:09,15.9000,1,79500.0000,50,S,15.9000,15.8800,15.8700,15.8600,15.8500,15.9100,15.9200,15.9300,15.9400,15.9500,34,58,27,11,98,26,128,247,181,453
SZ,002372,2017-01-03 10:20:12,15.9100,4,33408.0000,21,B,15.9000,15.8800,15.8700,15.8600,15.8500,15.9100,15.9200,15.9300,15.9400,15.9500,35,58,27,11,98,8,128,247,181,453
