市场代码,证券代码,时间,最新价,成交笔数,成交额,成交量,方向,买一价,买二价,买三价,买四价,买五价,卖一价,卖二价,卖三价,卖四价,卖五价,买一量,买二量,买三量,买四量,买五量,卖一量,卖二量,卖三量,卖四量,卖五量
SZ,002385,2017-01-03 09:25:00,7.1100,0,0.0000,0,B,7.1100,7.1000,7.0900,7.0800,7.0700,7.1100,7.1200,7.1300,7.1400,7.1500,538,22,0,0,0,538,0,0,0,0
SZ,002385,2017-01-03 09:25:03,7.1100,24,397094.0000,559,S,7.1100,7.1000,7.0900,7.0800,7.0700,7.1300,7.1400,7.1500,7.1600,7.1700,2,426,81,153,1461,85,29,741,140,15
SZ,002385,2017-01-03 09:30:06,7.1400,23,332428.0000,467,B,7.1300,7.1200,7.1100,7.1000,7.0900,7.1400,7.1500,7.1600,7.1700,7.1800,5,34,970,536,1075,368,741,120,177,267
SZ,002385,2017-01-03 09:30:09,7.1200,4,13535.0000,19,S,7.1300,7.1200,7.1100,7.1000,7.0900,7.1400,7.1500,7.1600,7.1700,7.1800,16,104,1019,731,1075,368,741,120,177,267
SZ,002385,2017-01-03 09:30:12,7.1300,2,2853.0000,4,S,7.1300,7.1200,7.1100,7.1000,7.0900,7.1400,7.1500,7.1600,7.1700,7.1800,13,104,1019,731,1065,367,741,120,177,267
SZ,002385,2017-01-03 09:30:21,7.1200,10,83317.0000,117,S,7.1100,7.1000,7.0900,7.0800,7.0700,7.1200,7.1400,7.1500,7.1600,7.1700,1019,731,1065,2018,1806,393,407,741,120,177
SZ,002385,2017-01-03 09:30:24,7.1200,2,13528.0000,19,B,7.1100,7.1000,7.0900,7.0800,7.0700,7.1200,7.1400,7.1500,7.1600,7.1700,1019,731,1065,2018,1806,374,407,741,120,177
SZ,002385,2017-01-03 09:30:27,7.1200,1,4272.0000,6,B,7.1100,7.1000,7.0900,7.0800,7.0700,7.1200,7.1300,7.1400,7.1500,7.1600,1041,731,1065,2018,1806,369,74,407,741,120
SZ,002385,2017-01-03 09:30:30,7.1200,1,21360.0000,30,B,7.1100,7.1000,7.0900,7.0800,7.0700,7.1200,7.1300,7.1400,7.1500,7.1600,1041,731,1065,2018,1806,339,74,407,741,120
SZ,002385,2017-01-03 09:30:36,7.1200,1,21360.0000,30,B,7.1100,7.1000,7.0900,7.0800,7.0700,7.1200,7.1300,7.1400,7.1500,7.1600,1071,731,1065,2018,1806,309,74,432,741,120
SZ,002385,2017-01-03 09:30:42,7.1200,5,130133.0000,183,B,7.1100,7.1000,7.0900,7.0800,7.0700,7.1200,7.1300,7.1400,7.1500,7.1600,1031,741,1065,2018,1806,289,74,432,741,120
SZ,002385,2017-01-03 09:30:48,7.1200,3,25630.0000,36,B,7.1100,7.1000,7.0900,7.0800,7.0700,7.1200,7.1300,7.1400,7.1500,7.1600,1037,741,1065,2018,1806,255,74,432,779,120
SZ,002385,2017-01-03 09:30:51,7.1200,1,29192.0000,41,B,7.1100,7.1000,7.0900,7.0800,7.0700,7.1200,7.1300,7.1400,7.1500,7.1600,1037,741,1065,2067,1807,251,74,432,779,120
SZ,002385,2017-01-03 09:30:54,7.1200,1,11392.0000,16,B,7.1100,7.1000,7.0900,7.0800,7.0700,7.1200,7.1300,7.1400,7.1500,7.1600,1037,756,1095,2067,1807,245,74,432,779,120
SZ,002385,2017-01-03 09:30:57,7.1200,6,174440.0000,245,B,7.1200,7.1100,7.1000,7.0900,7.0800,7.1300,7.1400,7.1500,7.1600,7.1700,58,1037,756,1095,2067,74,432,779,120,177
SZ,002385,2017-01-03 09:31:00,7.1200,1,13528.0000,19,S,7.1200,7.1100,7.1000,7.0900,7.0800,7.1300,7.1400,7.1500,7.1600,7.1700,79,1047,756,1095,2067,74,432,779,120,177
SZ,002385,2017-01-03 09:31:24,7.1300,1,14260.0000,20,B,7.1200,7.1100,7.1000,7.0900,7.0800,7.1300,7.1400,7.1500,7.1600,7.1700,145,1068,1377,1095,1992,54,442,841,120,177
SZ,002385,2017-01-03 09:31:33,7.1300,1,30659.0000,43,B,7.1200,7.1100,7.1000,7.0900,7.0800,7.1300,7.1400,7.1500,7.1600,7.1700,312,1176,1377,1115,1992,31,442,841,124,177
SZ,002385,2017-01-03 09:31:36,7.1300,3,22103.0000,31,B,7.1300,7.1200,7.1100,7.1000,7.0900,7.1400,7.1500,7.1600,7.1700,7.1800,6,312,1176,1386,1115,442,841,124,177,287
SZ,002385,2017-01-03 09:31:45,7.1300,2,4991.0000,7,S,7.1300,7.1200,7.1100,7.1000,7.0900,7.1400,7.1500,7.1600,7.1700,7.1800,14,331,1216,1384,1155,342,841,120,177,287
SZ,002385,2017-01-03 09:31:51,7.1300,3,10705.0000,15,S,7.1300,7.1200,7.1100,7.1000,7.0900,7.1400,7.1500,7.1600,7.1700,7.1800,20,321,1208,1384,1155,384,841,150,177,287
SZ,002385,2017-01-03 09:31:54,7.1300,1,1426.0000,2,S,7.1300,7.1200,7.1100,7.1000,7.0900,7.1400,7.1500,7.1600,7.1700,7.1800,25,321,1208,1384,1155,384,841,160,177,287
SZ,002385,2017-01-03 09:32:00,7.1400,2,7854.0000,11,B,7.1300,7.1200,7.1100,7.1000,7.0900,7.1400,7.1500,7.1600,7.1700,7.1800,25,318,1208,1394,1155,373,841,160,177,287
SZ,002385,2017-01-03 09:32:06,7.1400,3,42840.0000,60,B,7.1300,7.1200,7.1100,7.1000,7.0900,7.1400,7.1500,7.1600,7.1700,7.1800,26,324,1210,1384,1155,321,841,160,177,287
SZ,002385,2017-01-03 09:32:09,7.1300,2,3565.0000,5,S,7.1300,7.1200,7.1100,7.1000,7.0900,7.1400,7.1500,7.1600,7.1700,7.1800,21,324,1210,1384,1155,479,841,160,177,287
SZ,002385,2017-01-03 09:32:12,7.1300,2,4991.0000,7,S,7.1300,7.1200,7.1100,7.1000,7.0900,7.1400,7.1500,7.1600,7.1700,7.1800,14,312,1213,1384,1155,479,841,160,177,297
SZ,002385,2017-01-03 09:32:21,7.1300,3,7130.0000,10,S,7.1300,7.1200,7.1100,7.1000,7.0900,7.1400,7.1500,7.1600,7.1700,7.1800,25,352,1213,1393,1155,882,841,160,177,297
SZ,002385,2017-01-03 09:32:24,7.1300,8,35650.0000,50,S,7.1300,7.1200,7.1100,7.1000,7.0900,7.1400,7.1500,7.1600,7.1700,7.1800,97,352,1213,1393,1155,882,841,160,177,297
SZ,002385,2017-01-03 09:32:27,7.1300,1,23529.0000,33,S,7.1300,7.1200,7.1100,7.1000,7.0900,7.1400,7.1500,7.1600,7.1700,7.1800,64,372,1244,1393,1155,882,891,160,177,297
SZ,002385,2017-01-03 09:32:33,7.1400,1,2856.0000,4,B,7.1300,7.1200,7.1100,7.1000,7.0900,7.1400,7.1500,7.1600,7.1700,7.1800,76,585,1244,1393,1155,878,891,160,277,297
SZ,002385,2017-01-03 09:32:39,7.1400,4,53550.0000,75,B,7.1300,7.1200,7.1100,7.1000,7.0900,7.1400,7.1500,7.1600,7.1700,7.1800,96,585,1244,1770,1155,903,891,760,277,297
SZ,002385,2017-01-03 09:32:45,7.1400,1,7140.0000,10,B,7.1300,7.1200,7.1100,7.1000,7.0900,7.1400,7.1500,7.1600,7.1700,7.1800,56,495,1244,1770,1164,893,881,760,277,297
SZ,002385,2017-01-03 09:32:48,7.1400,2,12852.0000,18,B,7.1300,7.1200,7.1100,7.1000,7.0900,7.1400,7.1500,7.1600,7.1700,7.1800,156,497,1144,1770,1164,987,881,760,277,297
SZ,002385,2017-01-03 09:32:51,7.1400,4,23557.0000,33,B,7.1300,7.1200,7.1100,7.1000,7.0900,7.1400,7.1500,7.1600,7.1700,7.1800,151,497,1144,1770,1164,959,881,760,277,297
SZ,002385,2017-01-03 09:32:54,7.1400,1,714.0000,1,B,7.1300,7.1200,7.1100,7.1000,7.0900,7.1400,7.1500,7.1600,7.1700,7.1800,152,497,1144,1770,1164,958,881,760,277,297
SZ,002385,2017-01-03 09:32:57,7.1400,1,714.0000,1,B,7.1300,7.1200,7.1100,7.1000,7.0900,7.1400,7.1500,7.1600,7.1700,7.1800,162,507,1144,1770,1164,957,881,760,287,297
SZ,002385,2017-01-03 09:33:00,7.1300,4,24955.0000,35,S,7.1300,7.1200,7.1100,7.1000,7.0900,7.1400,7.1500,7.1600,7.1700,7.1800,127,507,1144,1761,1164,937,881,760,287,297
SZ,002385,2017-01-03 09:33:06,7.1400,2,8568.0000,12,B,7.1300,7.1200,7.1100,7.1000,7.0900,7.1400,7.1500,7.1600,7.1700,7.1800,142,512,1154,1761,1164,1037,881,760,287,297
SZ,002385,2017-01-03 09:33:09,7.1400,6,99960.0000,140,B,7.1300,7.1200,7.1100,7.1000,7.0900,7.1400,7.1500,7.1600,7.1700,7.1800,142,512,1149,1761,1164,902,881,760,287,297
SZ,002385,2017-01-03 09:33:12,7.1400,2,9986.0000,14,B,7.1300,7.1200,7.1100,7.1000,7.0900,7.1400,7.1500,7.1600,7.1700,7.1800,132,462,1149,1781,1164,905,881,760,287,297
SZ,002385,2017-01-03 09:33:18,7.1300,6,86284.0000,121,S,7.1300,7.1200,7.1100,7.1000,7.0900,7.1400,7.1500,7.1600,7.1700,7.1800,31,485,1149,1781,1164,909,881,760,187,297
SZ,002385,2017-01-03 09:33:27,7.1300,2,8563.0000,12,S,7.1300,7.1200,7.1100,7.1000,7.0900,7.1400,7.1500,7.1600,7.1700,7.1800,26,485,1065,1781,1164,926,881,760,187,297
SZ,002385,2017-01-03 09:33:30,7.1300,2,3565.0000,5,S,7.1300,7.1200,7.1100,7.1000,7.0900,7.1400,7.1500,7.1600,7.1700,7.1800,22,485,1065,1781,1164,927,881,760,293,362
SZ,002385,2017-01-03 09:33:36,7.1400,1,2142.0000,3,B,7.1300,7.1200,7.1100,7.1000,7.0900,7.1400,7.1500,7.1600,7.1700,7.1800,76,485,1065,1781,1164,1174,881,760,293,363
SZ,002385,2017-01-03 09:33:39,7.1300,7,37076.0000,52,S,7.1300,7.1200,7.1100,7.1000,7.0900,7.1400,7.1500,7.1600,7.1700,7.1800,24,485,1065,1781,1164,1155,881,760,293,363
SZ,002385,2017-01-03 09:33:45,7.1300,4,17837.0000,25,S,7.1300,7.1200,7.1100,7.1000,7.0900,7.1400,7.1500,7.1600,7.1700,7.1800,87,485,1065,1781,1329,1143,891,760,293,387
SZ,002385,2017-01-03 09:33:48,7.1300,6,62031.0000,87,S,7.1200,7.1100,7.1000,7.0900,7.0800,7.1300,7.1400,7.1500,7.1600,7.1700,485,1065,1781,1329,2024,60,1043,891,760,293
SZ,002385,2017-01-03 09:34:00,7.1300,1,7130.0000,10,B,7.1200,7.1100,7.1000,7.0900,7.0800,7.1300,7.1400,7.1500,7.1600,7.1700,568,1075,1742,1329,2024,369,1300,891,760,666
SZ,002385,2017-01-03 09:34:03,7.1300,2,42780.0000,60,B,7.1200,7.1100,7.1000,7.0900,7.0800,7.1300,7.1400,7.1500,7.1600,7.1700,651,1075,1742,1329,2024,309,1142,891,760,666
SZ,002385,2017-01-03 09:34:18,7.1300,1,2852.0000,4,B,7.1200,7.1100,7.1000,7.0900,7.0800,7.1300,7.1400,7.1500,7.1600,7.1700,726,1075,1752,1329,2088,364,1100,1058,760,666
SZ,002385,2017-01-03 09:34:21,7.1300,3,14973.0000,21,B,7.1200,7.1100,7.1000,7.0900,7.0800,7.1300,7.1400,7.1500,7.1600,7.1700,726,1075,1752,1329,2088,343,1095,1058,760,666
SZ,002385,2017-01-03 09:34:24,7.1300,1,5704.0000,8,B,7.1200,7.1100,7.1000,7.0900,7.0800,7.1300,7.1400,7.1500,7.1600,7.1700,721,1065,1752,1329,2088,335,1095,1058,760,666
SZ,002385,2017-01-03 09:34:36,7.1300,1,3565.0000,5,B,7.1200,7.1100,7.1000,7.0900,7.0800,7.1300,7.1400,7.1500,7.1600,7.1700,722,1037,1752,1329,2088,454,1095,1058,760,671
SZ,002385,2017-01-03 09:34:42,7.1300,2,8556.0000,12,B,7.1200,7.1100,7.1000,7.0900,7.0800,7.1300,7.1400,7.1500,7.1600,7.1700,736,1048,1765,1320,2088,442,1095,1058,760,671
SZ,002385,2017-01-03 09:34:45,7.1300,1,1426.0000,2,B,7.1200,7.1100,7.1000,7.0900,7.0800,7.1300,7.1400,7.1500,7.1600,7.1700,736,1048,1765,1320,2088,440,1095,1049,760,671
SZ,002385,2017-01-03 09:34:51,7.1200,6,50552.0000,71,S,7.1200,7.1100,7.1000,7.0900,7.0800,7.1300,7.1400,7.1500,7.1600,7.1700,741,1048,1835,1320,2088,450,1095,1049,760,671
SZ,002385,2017-01-03 09:35:03,7.1200,2,47704.0000,67,S,7.1200,7.1100,7.1000,7.0900,7.0800,7.1300,7.1400,7.1500,7.1600,7.1700,741,1068,1835,1325,2088,426,1095,1049,760,671
SZ,002385,2017-01-03 09:35:09,7.1300,1,713.0000,1,B,7.1200,7.1100,7.1000,7.0900,7.0800,7.1300,7.1400,7.1500,7.1600,7.1700,741,1050,1835,1225,2088,425,1095,1049,760,671
SZ,002385,2017-01-03 09:35:12,7.1200,4,44156.0000,62,S,7.1200,7.1100,7.1000,7.0900,7.0800,7.1300,7.1400,7.1500,7.1600,7.1700,691,1050,1835,1225,2088,436,1095,1049,760,671
SZ,002385,2017-01-03 09:35:15,7.1300,4,31372.0000,44,B,7.1200,7.1100,7.1000,7.0900,7.0800,7.1300,7.1400,7.1500,7.1600,7.1700,693,1050,1835,1225,2088,472,1108,1049,760,671
SZ,002385,2017-01-03 09:35:18,7.1200,4,30616.0000,43,S,7.1200,7.1100,7.1000,7.0900,7.0800,7.1300,7.1400,7.1500,7.1600,7.1700,650,1050,1835,1225,2090,472,1108,1049,760,671
SZ,002385,2017-01-03 09:35:21,7.1300,1,1426.0000,2,B,7.1200,7.1100,7.1000,7.0900,7.0800,7.1300,7.1400,7.1500,7.1600,7.1700,650,1050,1835,1225,2090,470,1108,1049,760,671
SZ,002385,2017-01-03 09:35:27,7.1300,1,7130.0000,10,B,7.1200,7.1100,7.1000,7.0900,7.0800,7.1300,7.1400,7.1500,7.1600,7.1700,650,1060,1819,1225,2140,368,1108,1049,760,671
SZ,002385,2017-01-03 09:35:36,7.1300,2,38502.0000,54,B,7.1200,7.1100,7.1000,7.0900,7.0800,7.1300,7.1400,7.1500,7.1600,7.1700,652,1160,1806,1215,2140,406,1108,1049,760,671
SZ,002385,2017-01-03 09:35:45,7.1300,1,3565.0000,5,B,7.1200,7.1100,7.1000,7.0900,7.0800,7.1300,7.1400,7.1500,7.1600,7.1700,683,1161,1806,1230,2140,466,1108,1069,760,671
SZ,002385,2017-01-03 09:35:57,7.1300,2,9269.0000,13,B,7.1200,7.1100,7.1000,7.0900,7.0800,7.1300,7.1400,7.1500,7.1600,7.1700,688,1196,1806,1230,2165,523,1108,1069,760,676
SZ,002385,2017-01-03 09:36:06,7.1200,4,8544.0000,12,S,7.1200,7.1100,7.1000,7.0900,7.0800,7.1300,7.1400,7.1500,7.1600,7.1700,738,1193,1812,1230,2165,523,1108,1069,760,676
SZ,002385,2017-01-03 09:36:15,7.1300,2,14260.0000,20,B,7.1200,7.1100,7.1000,7.0900,7.0800,7.1300,7.1400,7.1500,7.1600,7.1700,844,1194,1817,1230,2145,503,1108,1069,760,676
SZ,002385,2017-01-03 09:36:21,7.1300,4,69111.0000,97,B,7.1200,7.1100,7.1000,7.0900,7.0800,7.1300,7.1400,7.1500,7.1600,7.1700,794,1194,1817,1230,2145,456,1108,1069,760,676
SZ,002385,2017-01-03 09:36:24,7.1300,1,7130.0000,10,B,7.1200,7.1100,7.1000,7.0900,7.0800,7.1300,7.1400,7.1500,7.1600,7.1700,808,1194,1825,1230,2145,446,1108,1069,760,676
SZ,002385,2017-01-03 09:36:30,7.1300,1,713.0000,1,B,7.1200,7.1100,7.1000,7.0900,7.0800,7.1300,7.1400,7.1500,7.1600,7.1700,808,1204,1828,1230,2155,455,1158,1069,760,676
SZ,002385,2017-01-03 09:36:39,7.1300,2,27807.0000,39,B,7.1200,7.1100,7.1000,7.0900,7.0800,7.1300,7.1400,7.1500,7.1600,7.1700,970,1204,1828,1230,2155,416,1158,1069,760,676
SZ,002385,2017-01-03 09:36:45,7.1300,3,19964.0000,28,B,7.1200,7.1100,7.1000,7.0900,7.0800,7.1300,7.1400,7.1500,7.1600,7.1700,970,1204,1828,1269,2165,401,1158,1049,760,676
SZ,002385,2017-01-03 09:36:48,7.1300,1,2852.0000,4,B,7.1200,7.1100,7.1000,7.0900,7.0800,7.1300,7.1400,7.1500,7.1600,7.1700,957,1204,1828,1269,2165,397,1145,1049,760,676
SZ,002385,2017-01-03 09:36:54,7.1300,4,24955.0000,35,B,7.1200,7.1100,7.1000,7.0900,7.0800,7.1300,7.1400,7.1500,7.1600,7.1700,957,1206,1828,1269,2165,382,1145,1049,760,676
SZ,002385,2017-01-03 09:37:09,7.1300,3,17825.0000,25,B,7.1200,7.1100,7.1000,7.0900,7.0800,7.1300,7.1400,7.1500,7.1600,7.1700,1143,1194,1828,1269,2162,357,1150,1049,760,676
SZ,002385,2017-01-03 09:37:15,7.1300,2,9269.0000,13,B,7.1200,7.1100,7.1000,7.0900,7.0800,7.1300,7.1400,7.1500,7.1600,7.1700,1159,1194,1859,1269,2162,344,1150,1049,760,676
SZ,002385,2017-01-03 09:37:18,7.1300,2,16399.0000,23,B,7.1200,7.1100,7.1000,7.0900,7.0800,7.1300,7.1400,7.1500,7.1600,7.1700,1169,1194,1859,1269,2162,1121,1150,1049,760,676
SZ,002385,2017-01-03 09:37:24,7.1300,1,7130.0000,10,B,7.1200,7.1100,7.1000,7.0900,7.0800,7.1300,7.1400,7.1500,7.1600,7.1700,1169,1194,1859,1269,2162,1098,1150,1053,760,676
SZ,002385,2017-01-03 09:37:27,7.1300,2,15674.0000,22,B,7.1200,7.1100,7.1000,7.0900,7.0800,7.1300,7.1400,7.1500,7.1600,7.1700,1157,1194,1859,1269,2162,1088,1150,1053,760,676
SZ,002385,2017-01-03 09:37:51,7.1300,1,2852.0000,4,B,7.1200,7.1100,7.1000,7.0900,7.0800,7.1300,7.1400,7.1500,7.1600,7.1700,1041,1194,1869,1269,2169,1798,1200,1053,760,676
SZ,002385,2017-01-03 09:37:57,7.1300,2,21390.0000,30,B,7.1200,7.1100,7.1000,7.0900,7.0800,7.1300,7.1400,7.1500,7.1600,7.1700,1041,1194,1869,1269,2189,1768,1200,1053,760,676
SZ,002385,2017-01-03 09:38:00,7.1300,1,27094.0000,38,B,7.1200,7.1100,7.1000,7.0900,7.0800,7.1300,7.1400,7.1500,7.1600,7.1700,1041,1194,1869,1269,2189,1730,1200,1053,760,676
SZ,002385,2017-01-03 09:38:06,7.1200,2,28480.0000,40,S,7.1200,7.1100,7.1000,7.0900,7.0800,7.1300,7.1400,7.1500,7.1600,7.1700,1098,1194,1869,1269,2189,1823,1200,1053,760,676
SZ,002385,2017-01-03 09:38:12,7.1300,1,2852.0000,4,B,7.1200,7.1100,7.1000,7.0900,7.0800,7.1300,7.1400,7.1500,7.1600,7.1700,1098,1194,1874,1264,2189,1025,1200,1053,760,676
SZ,002385,2017-01-03 09:38:18,7.1300,2,28482.0000,40,B,7.1200,7.1100,7.1000,7.0900,7.0800,7.1300,7.1400,7.1500,7.1600,7.1700,1310,1286,1874,1264,2189,1042,1200,1057,760,676
SZ,002385,2017-01-03 09:38:30,7.1200,10,65504.0000,92,S,7.1200,7.1100,7.1000,7.0900,7.0800,7.1300,7.1400,7.1500,7.1600,7.1700,1121,1285,1864,1264,2189,1050,1200,1060,760,676
SZ,002385,2017-01-03 09:38:39,7.1300,1,1426.0000,2,B,7.1200,7.1100,7.1000,7.0900,7.0800,7.1300,7.1400,7.1500,7.1600,7.1700,1238,1293,1869,1264,2189,1048,1200,1060,760,676
SZ,002385,2017-01-03 09:38:42,7.1200,24,569600.0000,800,S,7.1200,7.1100,7.1000,7.0900,7.0800,7.1300,7.1400,7.1500,7.1600,7.1700,462,1283,1869,1264,2189,1048,1200,1060,760,676
SZ,002385,2017-01-03 09:38:45,7.1300,2,7843.0000,11,B,7.1200,7.1100,7.1000,7.0900,7.0800,7.1300,7.1400,7.1500,7.1600,7.1700,467,1283,1869,1264,2189,1037,1200,1060,765,676
SZ,002385,2017-01-03 09:39:00,7.1200,5,71200.0000,100,S,7.1200,7.1100,7.1000,7.0900,7.0800,7.1300,7.1400,7.1500,7.1600,7.1700,402,1278,1865,1274,2189,1031,1480,1110,765,681
SZ,002385,2017-01-03 09:39:09,7.1300,4,57030.0000,80,B,7.1200,7.1100,7.1000,7.0900,7.0800,7.1300,7.1400,7.1500,7.1600,7.1700,392,1278,1865,1274,2189,981,1490,1110,765,681
SZ,002385,2017-01-03 09:39:15,7.1200,1,4272.0000,6,S,7.1200,7.1100,7.1000,7.0900,7.0800,7.1300,7.1400,7.1500,7.1600,7.1700,436,1278,1867,1274,2179,981,1484,1110,765,681
SZ,002385,2017-01-03 09:39:18,7.1200,3,123176.0000,173,S,7.1200,7.1100,7.1000,7.0900,7.0800,7.1300,7.1400,7.1500,7.1600,7.1700,570,1278,1867,1274,2199,981,1484,1110,765,681
SZ,002385,2017-01-03 09:39:21,7.1200,1,13528.0000,19,S,7.1200,7.1100,7.1000,7.0900,7.0800,7.1300,7.1400,7.1500,7.1600,7.1700,561,1278,1867,1274,2199,981,1484,1110,776,681
SZ,002385,2017-01-03 09:39:24,7.1200,2,55536.0000,78,S,7.1200,7.1100,7.1000,7.0900,7.0800,7.1300,7.1400,7.1500,7.1600,7.1700,483,1278,1867,1274,2249,981,1484,1110,776,681
SZ,002385,2017-01-03 09:39:30,7.1300,1,1426.0000,2,B,7.1200,7.1100,7.1000,7.0900,7.0800,7.1300,7.1400,7.1500,7.1600,7.1700,508,1278,1894,1274,2249,1251,1484,1110,776,681
SZ,002385,2017-01-03 09:39:39,7.1200,1,14240.0000,20,S,7.1200,7.1100,7.1000,7.0900,7.0800,7.1300,7.1400,7.1500,7.1600,7.1700,487,1288,2069,1274,2249,1289,1474,1072,805,681
SZ,002385,2017-01-03 09:39:54,7.1200,1,14240.0000,20,S,7.1200,7.1100,7.1000,7.0900,7.0800,7.1300,7.1400,7.1500,7.1600,7.1700,486,1283,2062,1274,2249,1271,1474,522,805,781
SZ,002385,2017-01-03 09:40:00,7.1300,3,9982.0000,14,B,7.1200,7.1100,7.1000,7.0900,7.0800,7.1300,7.1400,7.1500,7.1600,7.1700,496,1283,2066,1274,2251,1266,1474,522,805,781
SZ,002385,2017-01-03 09:40:03,7.1300,2,14250.0000,20,B,7.1200,7.1100,7.1000,7.0900,7.0800,7.1300,7.1400,7.1500,7.1600,7.1700,486,1283,2066,1274,2251,1256,1474,522,805,781
SZ,002385,2017-01-03 09:40:06,7.1200,2,7120.0000,10,S,7.1200,7.1100,7.1000,7.0900,7.0800,7.1300,7.1400,7.1500,7.1600,7.1700,476,1267,2066,1274,2251,1256,1474,522,805,811
SZ,002385,2017-01-03 09:40:09,7.1200,16,353152.0000,496,S,7.1100,7.1000,7.0900,7.0800,7.0700,7.1200,7.1300,7.1400,7.1500,7.1600,1267,2071,1274,2251,1828,54,1256,1474,522,805
SZ,002385,2017-01-03 09:40:15,7.1200,2,7832.0000,11,B,7.1100,7.1000,7.0900,7.0800,7.0700,7.1200,7.1300,7.1400,7.1500,7.1600,1267,2083,1274,2251,1828,104,1256,1474,522,805
SZ,002385,2017-01-03 09:40:24,7.1200,2,12104.0000,17,B,7.1100,7.1000,7.0900,7.0800,7.0700,7.1200,7.1300,7.1400,7.1500,7.1600,1257,2083,1274,2251,1828,87,1256,1494,523,805
SZ,002385,2017-01-03 09:40:27,7.1200,2,9968.0000,14,B,7.1100,7.1000,7.0900,7.0800,7.0700,7.1200,7.1300,7.1400,7.1500,7.1600,1257,2083,1274,2251,1828,73,1256,1494,523,805
SZ,002385,2017-01-03 09:40:30,7.1200,3,18512.0000,26,B,7.1100,7.1000,7.0900,7.0800,7.0700,7.1200,7.1300,7.1400,7.1500,7.1600,1257,2083,1274,2251,1828,39,1256,1494,523,805
SZ,002385,2017-01-03 09:40:33,7.1100,2,10670.0000,15,S,7.1100,7.1000,7.0900,7.0800,7.0700,7.1200,7.1300,7.1400,7.1500,7.1600,1247,2083,1274,2251,1828,34,1256,1494,523,805
SZ,002385,2017-01-03 09:40:39,7.1200,1,2848.0000,4,B,7.1100,7.1000,7.0900,7.0800,7.0700,7.1200,7.1300,7.1400,7.1500,7.1600,1251,2083,1274,2261,1828,29,1256,1494,523,805
SZ,002385,2017-01-03 09:40:42,7.1100,1,5688.0000,8,S,7.1100,7.1000,7.0900,7.0800,7.0700,7.1200,7.1300,7.1400,7.1500,7.1600,1243,2083,1324,2261,1828,38,1256,1523,523,805
SZ,002385,2017-01-03 09:40:45,7.1100,11,255253.0000,359,S,7.1100,7.1000,7.0900,7.0800,7.0700,7.1200,7.1300,7.1400,7.1500,7.1600,908,2083,1324,2261,1828,34,1256,1533,523,805
SZ,002385,2017-01-03 09:40:48,7.1100,1,711.0000,1,S,7.1100,7.1000,7.0900,7.0800,7.0700,7.1200,7.1300,7.1400,7.1500,7.1600,907,2083,1324,2261,1838,34,1256,1533,523,805
SZ,002385,2017-01-03 09:40:54,7.1200,1,7120.0000,10,B,7.1100,7.1000,7.0900,7.0800,7.0700,7.1200,7.1300,7.1400,7.1500,7.1600,927,2083,1324,2261,1838,24,1256,1533,523,805
SZ,002385,2017-01-03 09:40:57,7.1200,1,7120.0000,10,B,7.1100,7.1000,7.0900,7.0800,7.0700,7.1200,7.1300,7.1400,7.1500,7.1600,937,2091,1324,2261,1838,14,1256,1533,523,805
SZ,002385,2017-01-03 09:41:06,7.1200,5,21359.0000,30,B,7.1200,7.1100,7.1000,7.0900,7.0800,7.1300,7.1400,7.1500,7.1600,7.1700,17,967,2106,1324,2285,1256,1533,523,805,811
SZ,002385,2017-01-03 09:41:09,7.1200,2,28480.0000,40,S,7.1200,7.1100,7.1000,7.0900,7.0800,7.1300,7.1400,7.1500,7.1600,7.1700,7,967,2106,1381,2285,1256,1533,523,805,811
SZ,002385,2017-01-03 09:41:12,7.1300,2,17825.0000,25,B,7.1200,7.1100,7.1000,7.0900,7.0800,7.1300,7.1400,7.1500,7.1600,7.1700,107,965,2106,1381,2295,1231,1533,523,805,811
SZ,002385,2017-01-03 09:41:24,7.1200,2,14952.0000,21,S,7.1200,7.1100,7.1000,7.0900,7.0800,7.1300,7.1400,7.1500,7.1600,7.1700,93,1165,2096,1381,2295,1231,1533,531,805,811
SZ,002385,2017-01-03 09:41:39,7.1300,1,14260.0000,20,B,7.1200,7.1100,7.1000,7.0900,7.0800,7.1300,7.1400,7.1500,7.1600,7.1700,318,1287,2144,1381,2295,1261,1541,531,805,811
SZ,002385,2017-01-03 09:41:45,7.1300,1,6417.0000,9,B,7.1200,7.1100,7.1000,7.0900,7.0800,7.1300,7.1400,7.1500,7.1600,7.1700,402,1177,1772,1381,2295,1421,1541,531,805,811
SZ,002385,2017-01-03 09:41:51,7.1300,1,71300.0000,100,B,7.1200,7.1100,7.1000,7.0900,7.0800,7.1300,7.1400,7.1500,7.1600,7.1700,402,1176,1777,1441,2295,1351,1521,531,805,811
SZ,002385,2017-01-03 09:42:00,7.1300,1,713.0000,1,B,7.1200,7.1100,7.1000,7.0900,7.0800,7.1300,7.1400,7.1500,7.1600,7.1700,450,1167,1797,1451,2305,1450,1329,531,805,811
SZ,002385,2017-01-03 09:42:03,7.1300,4,486266.0000,682,B,7.1200,7.1100,7.1000,7.0900,7.0800,7.1300,7.1400,7.1500,7.1600,7.1700,460,1167,1797,1451,2321,496,1329,531,805,811
SZ,002385,2017-01-03 09:42:06,7.1300,1,3565.0000,5,B,7.1200,7.1100,7.1000,7.0900,7.0800,7.1300,7.1400,7.1500,7.1600,7.1700,460,1167,1797,1451,2321,491,1329,531,800,811
SZ,002385,2017-01-03 09:42:09,7.1200,5,142400.0000,200,S,7.1200,7.1100,7.1000,7.0900,7.0800,7.1300,7.1400,7.1500,7.1600,7.1700,260,1167,1797,1451,2321,491,1329,531,800,811
SZ,002385,2017-01-03 09:42:15,7.1300,1,1426.0000,2,B,7.1200,7.1100,7.1000,7.0900,7.0800,7.1300,7.1400,7.1500,7.1600,7.1700,325,1177,1787,1451,2321,439,1329,531,800,811
SZ,002385,2017-01-03 09:42:18,7.1300,2,19964.0000,28,B,7.1200,7.1100,7.1000,7.0900,7.0800,7.1300,7.1400,7.1500,7.1600,7.1700,376,1182,1787,1451,2321,411,1329,531,800,811
SZ,002385,2017-01-03 09:42:21,7.1300,14,222456.0000,312,B,7.1200,7.1100,7.1000,7.0900,7.0800,7.1300,7.1400,7.1500,7.1600,7.1700,391,1182,1840,1451,2321,99,1329,531,800,811
SZ,002385,2017-01-03 09:42:24,7.1300,1,7130.0000,10,B,7.1200,7.1100,7.1000,7.0900,7.0800,7.1300,7.1400,7.1500,7.1600,7.1700,401,1194,1841,1451,2322,189,1339,531,800,811
SZ,002385,2017-01-03 09:42:27,7.1300,3,111941.0000,157,B,7.1200,7.1100,7.1000,7.0900,7.0800,7.1300,7.1400,7.1500,7.1600,7.1700,710,1194,1841,1451,2322,32,1339,531,800,811
SZ,002385,2017-01-03 09:42:30,7.1300,1,23243.0000,32,B,7.1300,7.1200,7.1100,7.1000,7.0900,7.1400,7.1500,7.1600,7.1700,7.1800,1104,1234,1194,1841,1451,1339,531,800,811,411
SZ,002385,2017-01-03 09:42:45,7.1300,1,3565.0000,5,S,7.1300,7.1200,7.1100,7.1000,7.0900,7.1400,7.1500,7.1600,7.1700,7.1800,1121,1343,1271,1841,1451,1339,531,800,811,411
SZ,002385,2017-01-03 09:42:51,7.1400,1,7140.0000,10,B,7.1300,7.1200,7.1100,7.1000,7.0900,7.1400,7.1500,7.1600,7.1700,7.1800,1167,1719,1271,1841,1451,1333,531,800,811,411
SZ,002385,2017-01-03 09:43:03,7.1400,3,35700.0000,50,B,7.1300,7.1200,7.1100,7.1000,7.0900,7.1400,7.1500,7.1600,7.1700,7.1800,1167,1719,1296,1841,1451,1284,531,802,811,415
SZ,002385,2017-01-03 09:43:06,7.1400,1,1428.0000,2,B,7.1300,7.1200,7.1100,7.1000,7.0900,7.1400,7.1500,7.1600,7.1700,7.1800,1167,1719,1296,1841,1461,1282,531,802,811,415
SZ,002385,2017-01-03 09:43:09,7.1400,6,88536.0000,124,B,7.1300,7.1200,7.1100,7.1000,7.0900,7.1400,7.1500,7.1600,7.1700,7.1800,1179,1719,1299,1841,1461,1158,531,802,811,427
SZ,002385,2017-01-03 09:43:15,7.1300,1,85560.0000,120,S,7.1300,7.1200,7.1100,7.1000,7.0900,7.1400,7.1500,7.1600,7.1700,7.1800,1085,1719,1259,1831,1461,1165,531,802,811,427
SZ,002385,2017-01-03 09:43:27,7.1400,7,357000.0000,500,B,7.1300,7.1200,7.1100,7.1000,7.0900,7.1400,7.1500,7.1600,7.1700,7.1800,1099,1761,1259,1827,1461,665,574,802,811,427
SZ,002385,2017-01-03 09:43:30,7.1400,1,51408.0000,72,B,7.1300,7.1200,7.1100,7.1000,7.0900,7.1400,7.1500,7.1600,7.1700,7.1800,1179,1985,1259,1827,1461,593,574,802,811,427
SZ,002385,2017-01-03 09:43:33,7.1400,2,42840.0000,60,B,7.1300,7.1200,7.1100,7.1000,7.0900,7.1400,7.1500,7.1600,7.1700,7.1800,1179,2015,1304,1827,1461,533,594,818,811,427
SZ,002385,2017-01-03 09:43:36,7.1400,8,215628.0000,302,B,7.1300,7.1200,7.1100,7.1000,7.0900,7.1400,7.1500,7.1600,7.1700,7.1800,1179,2015,1304,1827,1461,231,594,818,811,427
SZ,002385,2017-01-03 09:43:42,7.1300,3,43544.0000,61,S,7.1300,7.1200,7.1100,7.1000,7.0900,7.1400,7.1500,7.1600,7.1700,7.1800,1174,2020,1304,1827,1461,180,594,818,811,427
SZ,002385,2017-01-03 09:43:45,7.1300,1,2139.0000,3,S,7.1300,7.1200,7.1100,7.1000,7.0900,7.1400,7.1500,7.1600,7.1700,7.1800,1171,2020,1304,1827,1461,180,594,818,811,427
SZ,002385,2017-01-03 09:43:48,7.1400,4,92820.0000,130,B,7.1300,7.1200,7.1100,7.1000,7.0900,7.1400,7.1500,7.1600,7.1700,7.1800,1175,2020,1304,1827,1461,50,584,818,811,427
SZ,002385,2017-01-03 09:43:51,7.1400,6,35700.0000,50,B,7.1400,7.1300,7.1200,7.1100,7.1000,7.1500,7.1600,7.1700,7.1800,7.1900,142,1175,2020,1296,1827,584,832,811,427,496
SZ,002385,2017-01-03 09:44:03,7.1500,2,21450.0000,30,B,7.1400,7.1300,7.1200,7.1100,7.1000,7.1500,7.1600,7.1700,7.1800,7.1900,256,1181,2020,1296,1830,674,832,811,427,496
SZ,002385,2017-01-03 09:44:06,7.1400,2,12868.0000,18,S,7.1400,7.1300,7.1200,7.1100,7.1000,7.1500,7.1600,7.1700,7.1800,7.1900,254,1181,2020,1296,1830,658,832,811,427,496
SZ,002385,2017-01-03 09:44:09,7.1400,1,714.0000,1,S,7.1400,7.1300,7.1200,7.1100,7.1000,7.1500,7.1600,7.1700,7.1800,7.1900,452,1181,1980,1296,1830,658,832,811,427,496
SZ,002385,2017-01-03 09:44:12,7.1400,1,2142.0000,3,S,7.1400,7.1300,7.1200,7.1100,7.1000,7.1500,7.1600,7.1700,7.1800,7.1900,457,1173,1970,1296,1830,658,832,811,427,496
SZ,002385,2017-01-03 09:44:24,7.1400,7,265608.0000,372,S,7.1400,7.1300,7.1200,7.1100,7.1000,7.1500,7.1600,7.1700,7.1800,7.1900,138,1173,1975,1409,1827,658,847,861,441,496
SZ,002385,2017-01-03 09:44:27,7.1400,1,714.0000,1,S,7.1400,7.1300,7.1200,7.1100,7.1000,7.1500,7.1600,7.1700,7.1800,7.1900,165,1173,1609,1389,1827,658,847,861,441,496
SZ,002385,2017-01-03 09:44:30,7.1500,1,7150.0000,10,B,7.1400,7.1300,7.1200,7.1100,7.1000,7.1500,7.1600,7.1700,7.1800,7.1900,165,1173,1709,1389,1827,648,847,861,441,496
SZ,002385,2017-01-03 09:44:36,7.1400,11,177315.0000,248,S,7.1400,7.1300,7.1200,7.1100,7.1000,7.1500,7.1600,7.1700,7.1800,7.1900,223,1173,1709,1289,1822,419,847,861,441,496
SZ,002385,2017-01-03 09:44:45,7.1500,8,91520.0000,128,B,7.1400,7.1300,7.1200,7.1100,7.1000,7.1500,7.1600,7.1700,7.1800,7.1900,323,1193,1709,1278,1837,144,847,861,471,503
SZ,002385,2017-01-03 09:44:48,7.1400,1,16422.0000,23,S,7.1400,7.1300,7.1200,7.1100,7.1000,7.1500,7.1600,7.1700,7.1800,7.1900,308,1197,1709,1308,1837,144,847,861,471,503
SZ,002385,2017-01-03 09:44:54,7.1500,2,23595.0000,33,B,7.1400,7.1300,7.1200,7.1100,7.1000,7.1500,7.1600,7.1700,7.1800,7.1900,337,1202,1698,1298,1837,119,1222,861,471,503
SZ,002385,2017-01-03 09:44:57,7.1500,1,14300.0000,20,B,7.1400,7.1300,7.1200,7.1100,7.1000,7.1500,7.1600,7.1700,7.1800,7.1900,337,1202,1708,1298,1837,99,1206,861,475,503
SZ,002385,2017-01-03 09:45:03,7.1500,2,7865.0000,11,B,7.1400,7.1300,7.1200,7.1100,7.1000,7.1500,7.1600,7.1700,7.1800,7.1900,306,1202,1708,1298,1839,341,1206,861,475,503
SZ,002385,2017-01-03 09:45:09,7.1500,1,14300.0000,20,B,7.1400,7.1300,7.1200,7.1100,7.1000,7.1500,7.1600,7.1700,7.1800,7.1900,344,1202,1708,1300,1839,611,1206,861,475,503
SZ,002385,2017-01-03 09:45:12,7.1500,2,3575.0000,5,B,7.1400,7.1300,7.1200,7.1100,7.1000,7.1500,7.1600,7.1700,7.1800,7.1900,349,1207,1708,1297,1834,606,1206,861,475,503
SZ,002385,2017-01-03 09:45:15,7.1500,3,29295.0000,41,B,7.1400,7.1300,7.1200,7.1100,7.1000,7.1500,7.1600,7.1700,7.1800,7.1900,334,1207,1720,1307,1834,585,1206,861,491,503
SZ,002385,2017-01-03 09:45:18,7.1500,1,7150.0000,10,B,7.1400,7.1300,7.1200,7.1100,7.1000,7.1500,7.1600,7.1700,7.1800,7.1900,384,1207,1720,1307,1834,575,1206,861,491,503
SZ,002385,2017-01-03 09:45:27,7.1500,2,10010.0000,14,B,7.1400,7.1300,7.1200,7.1100,7.1000,7.1500,7.1600,7.1700,7.1800,7.1900,437,1257,1720,1307,1834,621,1219,861,501,503
SZ,002385,2017-01-03 09:45:36,7.1500,3,10725.0000,15,B,7.1400,7.1300,7.1200,7.1100,7.1000,7.1500,7.1600,7.1700,7.1800,7.1900,534,1257,1720,1317,1834,640,1219,861,511,503
SZ,002385,2017-01-03 09:45:57,7.1500,1,1430.0000,2,B,7.1400,7.1300,7.1200,7.1100,7.1000,7.1500,7.1600,7.1700,7.1800,7.1900,657,1425,1828,1305,1836,849,1223,853,611,503
SZ,002385,2017-01-03 09:46:00,7.1500,2,5720.0000,8,B,7.1400,7.1300,7.1200,7.1100,7.1000,7.1500,7.1600,7.1700,7.1800,7.1900,662,1425,1828,1305,1846,841,1228,823,611,503
SZ,002385,2017-01-03 09:46:06,7.1500,2,6435.0000,9,B,7.1400,7.1300,7.1200,7.1100,7.1000,7.1500,7.1600,7.1700,7.1800,7.1900,673,1425,1828,1305,1846,930,1228,823,611,503
SZ,002385,2017-01-03 09:46:09,7.1500,1,2860.0000,4,B,7.1400,7.1300,7.1200,7.1100,7.1000,7.1500,7.1600,7.1700,7.1800,7.1900,673,1425,1828,1305,1846,926,1228,823,611,503
SZ,002385,2017-01-03 09:46:15,7.1400,4,106698.0000,149,S,7.1400,7.1300,7.1200,7.1100,7.1000,7.1500,7.1600,7.1700,7.1800,7.1900,642,1422,1778,1305,1846,815,1228,823,611,512
SZ,002385,2017-01-03 09:46:21,7.1400,1,3570.0000,5,S,7.1400,7.1300,7.1200,7.1100,7.1000,7.1500,7.1600,7.1700,7.1800,7.1900,707,1452,1767,1305,1846,815,1228,823,611,512
SZ,002385,2017-01-03 09:46:27,7.1500,1,1430.0000,2,B,7.1400,7.1300,7.1200,7.1100,7.1000,7.1500,7.1600,7.1700,7.1800,7.1900,714,1432,1768,1305,1856,843,1228,823,611,512
SZ,002385,2017-01-03 09:46:33,7.1500,4,57200.0000,80,B,7.1400,7.1300,7.1200,7.1100,7.1000,7.1500,7.1600,7.1700,7.1800,7.1900,714,1432,1781,1321,1886,829,1274,823,611,512
SZ,002385,2017-01-03 09:46:36,7.1400,2,714.0000,1,S,7.1400,7.1300,7.1200,7.1100,7.1000,7.1500,7.1600,7.1700,7.1800,7.1900,713,1432,1789,1321,1886,834,1274,823,611,512
SZ,002385,2017-01-03 09:46:39,7.1500,1,3575.0000,5,B,7.1400,7.1300,7.1200,7.1100,7.1000,7.1500,7.1600,7.1700,7.1800,7.1900,733,1432,1798,1321,1876,829,1274,823,611,512
SZ,002385,2017-01-03 09:46:42,7.1500,1,7150.0000,10,B,7.1400,7.1300,7.1200,7.1100,7.1000,7.1500,7.1600,7.1700,7.1800,7.1900,743,1432,1798,1321,1891,839,1274,823,611,512
SZ,002385,2017-01-03 09:46:45,7.1500,1,8580.0000,12,B,7.1400,7.1300,7.1200,7.1100,7.1000,7.1500,7.1600,7.1700,7.1800,7.1900,807,1442,1798,1321,1891,847,1274,823,633,512
SZ,002385,2017-01-03 09:46:48,7.1500,1,1430.0000,2,B,7.1400,7.1300,7.1200,7.1100,7.1000,7.1500,7.1600,7.1700,7.1800,7.1900,1192,1442,1798,1321,1894,845,1274,823,633,512
SZ,002385,2017-01-03 09:46:51,7.1500,3,21450.0000,30,B,7.1400,7.1300,7.1200,7.1100,7.1000,7.1500,7.1600,7.1700,7.1800,7.1900,1192,1607,1798,1321,1894,999,1274,823,633,512
SZ,002385,2017-01-03 09:46:54,7.1500,1,5005.0000,7,B,7.1400,7.1300,7.1200,7.1100,7.1000,7.1500,7.1600,7.1700,7.1800,7.1900,1192,1607,1808,1321,1894,1012,1274,823,633,512
SZ,002385,2017-01-03 09:47:00,7.1400,2,14280.0000,20,S,7.1400,7.1300,7.1200,7.1100,7.1000,7.1500,7.1600,7.1700,7.1800,7.1900,1192,1607,1851,1381,1894,975,1274,823,633,512
SZ,002385,2017-01-03 09:47:03,7.1400,1,1428.0000,2,S,7.1400,7.1300,7.1200,7.1100,7.1000,7.1500,7.1600,7.1700,7.1800,7.1900,1160,1607,1851,1381,1894,975,1274,823,633,512
SZ,002385,2017-01-03 09:47:12,7.1500,1,715.0000,1,B,7.1400,7.1300,7.1200,7.1100,7.1000,7.1500,7.1600,7.1700,7.1800,7.1900,1085,1612,1901,1381,1894,994,899,823,633,512
SZ,002385,2017-01-03 09:47:15,7.1400,2,10710.0000,15,S,7.1400,7.1300,7.1200,7.1100,7.1000,7.1500,7.1600,7.1700,7.1800,7.1900,1073,1612,1901,1381,1894,994,899,823,633,512
SZ,002385,2017-01-03 09:47:27,7.1500,8,71500.0000,100,B,7.1400,7.1300,7.1200,7.1100,7.1000,7.1500,7.1600,7.1700,7.1800,7.1900,1078,1663,1901,1381,1894,891,899,823,633,512
SZ,002385,2017-01-03 09:47:30,7.1500,1,14300.0000,20,B,7.1400,7.1300,7.1200,7.1100,7.1000,7.1500,7.1600,7.1700,7.1800,7.1900,1078,1663,1901,1379,1894,871,899,833,633,512
SZ,002385,2017-01-03 09:47:33,7.1500,4,26455.0000,37,B,7.1400,7.1300,7.1200,7.1100,7.1000,7.1500,7.1600,7.1700,7.1800,7.1900,1088,1688,1901,1379,1894,834,899,833,633,512
SZ,002385,2017-01-03 09:47:36,7.1400,5,43612.0000,61,S,7.1400,7.1300,7.1200,7.1100,7.1000,7.1500,7.1600,7.1700,7.1800,7.1900,1100,1688,1901,1372,1894,776,899,833,633,512
SZ,002385,2017-01-03 09:47:39,7.1500,1,9295.0000,13,B,7.1400,7.1300,7.1200,7.1100,7.1000,7.1500,7.1600,7.1700,7.1800,7.1900,1113,1688,1901,1372,1898,863,899,833,633,512
SZ,002385,2017-01-03 09:47:42,7.1500,1,7150.0000,10,B,7.1400,7.1300,7.1200,7.1100,7.1000,7.1500,7.1600,7.1700,7.1800,7.1900,1213,1688,1873,1364,1954,873,899,833,633,532
SZ,002385,2017-01-03 09:47:51,7.1500,2,35750.0000,50,B,7.1400,7.1300,7.1200,7.1100,7.1000,7.1500,7.1600,7.1700,7.1800,7.1900,1230,1692,1873,1364,1954,845,909,833,637,532
SZ,002385,2017-01-03 09:47:54,7.1500,1,7150.0000,10,B,7.1400,7.1300,7.1200,7.1100,7.1000,7.1500,7.1600,7.1700,7.1800,7.1900,1230,1692,1873,1364,1954,815,909,833,637,532
SZ,002385,2017-01-03 09:47:57,7.1500,2,7150.0000,10,B,7.1400,7.1300,7.1200,7.1100,7.1000,7.1500,7.1600,7.1700,7.1800,7.1900,1260,1692,1873,1364,1954,1020,909,833,637,532
SZ,002385,2017-01-03 09:48:00,7.1400,2,24303.0000,34,S,7.1400,7.1300,7.1200,7.1100,7.1000,7.1500,7.1600,7.1700,7.1800,7.1900,1253,1692,1900,1364,1954,973,909,833,637,532
SZ,002385,2017-01-03 09:48:06,7.1400,3,25704.0000,36,S,7.1400,7.1300,7.1200,7.1100,7.1000,7.1500,7.1600,7.1700,7.1800,7.1900,1223,1692,1908,1364,1954,1133,919,833,637,532
SZ,002385,2017-01-03 09:48:12,7.1400,2,10718.0000,15,S,7.1400,7.1300,7.1200,7.1100,7.1000,7.1500,7.1600,7.1700,7.1800,7.1900,1196,1692,1908,1364,1954,1155,919,833,637,532
SZ,002385,2017-01-03 09:48:18,7.1400,2,4998.0000,7,S,7.1400,7.1300,7.1200,7.1100,7.1000,7.1500,7.1600,7.1700,7.1800,7.1900,1208,1692,1906,1364,1955,1160,890,833,637,532
SZ,002385,2017-01-03 09:48:21,7.1400,2,7140.0000,10,S,7.1400,7.1300,7.1200,7.1100,7.1000,7.1500,7.1600,7.1700,7.1800,7.1900,1198,1692,1906,1364,1955,1160,890,833,637,532
SZ,002385,2017-01-03 09:48:24,7.1400,1,14280.0000,20,S,7.1400,7.1300,7.1200,7.1100,7.1000,7.1500,7.1600,7.1700,7.1800,7.1900,1198,1692,1911,1364,1955,1240,890,833,637,532
SZ,002385,2017-01-03 09:48:30,7.1300,74,2064003.0000,2894,S,7.1200,7.1100,7.1000,7.0900,7.0800,7.1300,7.1500,7.1600,7.1700,7.1800,1905,1364,1958,1336,2306,2106,1240,890,864,637
SZ,002385,2017-01-03 09:48:33,7.1300,1,14260.0000,20,B,7.1200,7.1100,7.1000,7.0900,7.0800,7.1300,7.1500,7.1600,7.1700,7.1800,1895,1365,1958,1336,2306,2086,1179,890,864,637
SZ,002385,2017-01-03 09:48:36,7.1300,3,376464.0000,528,B,7.1200,7.1100,7.1000,7.0900,7.0800,7.1300,7.1500,7.1600,7.1700,7.1800,1895,1365,1958,1336,2306,1558,1179,890,864,637
SZ,002385,2017-01-03 09:48:45,7.1200,42,1501617.0000,2109,S,7.1100,7.1000,7.0900,7.0800,7.0700,7.1200,7.1300,7.1500,7.1600,7.1700,1365,1960,1336,2356,1865,2905,1549,1799,890,864
SZ,002385,2017-01-03 09:48:51,7.1200,1,35600.0000,50,B,7.1100,7.1000,7.0900,7.0800,7.0700,7.1200,7.1300,7.1400,7.1500,7.1600,1565,1960,1336,2356,1865,2855,1549,250,1819,890
SZ,002385,2017-01-03 09:48:57,7.1200,2,76184.0000,107,B,7.1100,7.1000,7.0900,7.0800,7.0700,7.1200,7.1300,7.1400,7.1500,7.1600,1565,1960,1336,2363,1865,2748,1549,250,1839,890
SZ,002385,2017-01-03 09:49:00,7.1100,26,373986.0000,526,S,7.1100,7.1000,7.0900,7.0800,7.0700,7.1200,7.1300,7.1400,7.1500,7.1600,1039,1960,1336,2363,1865,2748,1549,250,1839,890
SZ,002385,2017-01-03 09:49:06,7.1200,3,22784.0000,32,B,7.1100,7.1000,7.0900,7.0800,7.0700,7.1200,7.1300,7.1400,7.1500,7.1600,1041,1969,1336,2363,1865,2716,1549,250,1639,890
SZ,002385,2017-01-03 09:49:12,7.1200,1,12104.0000,17,B,7.1100,7.1000,7.0900,7.0800,7.0700,7.1200,7.1300,7.1400,7.1500,7.1600,1743,1969,1336,2363,1865,2699,1549,250,1659,890
SZ,002385,2017-01-03 09:49:15,7.1200,1,3560.0000,5,B,7.1100,7.1000,7.0900,7.0800,7.0700,7.1200,7.1300,7.1400,7.1500,7.1600,1803,1969,629,2363,1865,2694,1549,500,1631,890
SZ,002385,2017-01-03 09:49:18,7.1200,2,40574.0000,57,B,7.1100,7.1000,7.0900,7.0800,7.0700,7.1200,7.1300,7.1400,7.1500,7.1600,1798,1959,629,2363,1865,2661,1549,500,1659,890
SZ,002385,2017-01-03 09:49:21,7.1200,6,89645.0000,126,B,7.1100,7.1000,7.0900,7.0800,7.0700,7.1200,7.1300,7.1400,7.1500,7.1600,1831,2009,629,2363,1865,2602,1549,500,1659,890
SZ,002385,2017-01-03 09:49:27,7.1200,1,2848.0000,4,B,7.1100,7.1000,7.0900,7.0800,7.0700,7.1200,7.1300,7.1400,7.1500,7.1600,2254,2019,639,2363,1865,2598,1549,500,1659,890
SZ,002385,2017-01-03 09:49:30,7.1200,2,4984.0000,7,B,7.1100,7.1000,7.0900,7.0800,7.0700,7.1200,7.1300,7.1400,7.1500,7.1600,2320,2019,694,2363,1865,2591,1549,500,1659,890
SZ,002385,2017-01-03 09:49:33,7.1200,2,11392.0000,16,B,7.1100,7.1000,7.0900,7.0800,7.0700,7.1200,7.1300,7.1400,7.1500,7.1600,2320,2242,694,2363,1865,2575,1549,500,1659,890
SZ,002385,2017-01-03 09:49:36,7.1200,1,2848.0000,4,B,7.1100,7.1000,7.0900,7.0800,7.0700,7.1200,7.1300,7.1400,7.1500,7.1600,2461,2303,694,2363,1865,2613,1549,500,1660,890
SZ,002385,2017-01-03 09:49:39,7.1200,2,36312.0000,51,B,7.1100,7.1000,7.0900,7.0800,7.0700,7.1200,7.1300,7.1400,7.1500,7.1600,2551,2303,694,2363,1865,2562,1549,500,1670,890
SZ,002385,2017-01-03 09:49:42,7.1200,2,28480.0000,40,B,7.1100,7.1000,7.0900,7.0800,7.0700,7.1200,7.1300,7.1400,7.1500,7.1600,2551,2303,734,2363,1865,2562,1549,500,1510,890
SZ,002385,2017-01-03 09:49:45,7.1200,6,36994.0000,52,B,7.1100,7.1000,7.0900,7.0800,7.0700,7.1200,7.1300,7.1400,7.1500,7.1600,2524,2303,734,2363,1865,2540,1549,500,1510,890
SZ,002385,2017-01-03 09:49:48,7.1200,1,2136.0000,3,B,7.1100,7.1000,7.0900,7.0800,7.0700,7.1200,7.1300,7.1400,7.1500,7.1600,2552,2303,734,2363,1865,2537,1549,500,1510,890
SZ,002385,2017-01-03 09:49:51,7.1200,4,29904.0000,42,B,7.1100,7.1000,7.0900,7.0800,7.0700,7.1200,7.1300,7.1400,7.1500,7.1600,2552,2303,734,2363,1865,2495,1549,550,1580,890
SZ,002385,2017-01-03 09:49:54,7.1200,2,11392.0000,16,B,7.1100,7.1000,7.0900,7.0800,7.0700,7.1200,7.1300,7.1400,7.1500,7.1600,2572,2303,737,2363,1865,2479,1549,550,1580,890
SZ,002385,2017-01-03 09:50:00,7.1200,1,2848.0000,4,B,7.1100,7.1000,7.0900,7.0800,7.0700,7.1200,7.1300,7.1400,7.1500,7.1600,2662,2340,727,2363,1865,2475,1549,550,1503,890
SZ,002385,2017-01-03 09:50:03,7.1200,4,34176.0000,48,B,7.1100,7.1000,7.0900,7.0800,7.0700,7.1200,7.1300,7.1400,7.1500,7.1600,2662,2340,727,2363,1865,2427,1549,550,1503,890
SZ,002385,2017-01-03 09:50:06,7.1200,1,712000.0000,1000,B,7.1100,7.1000,7.0900,7.0800,7.0700,7.1200,7.1300,7.1400,7.1500,7.1600,2662,2345,727,2363,1865,1427,1549,550,1503,890
SZ,002385,2017-01-03 09:50:09,7.1200,3,51976.0000,73,B,7.1100,7.1000,7.0900,7.0800,7.0700,7.1200,7.1300,7.1400,7.1500,7.1600,2682,2345,747,2394,1865,1354,1549,550,1503,890
SZ,002385,2017-01-03 09:50:12,7.1200,4,29904.0000,42,B,7.1100,7.1000,7.0900,7.0800,7.0700,7.1200,7.1300,7.1400,7.1500,7.1600,2962,2343,697,2394,1865,1324,1549,550,1503,890
SZ,002385,2017-01-03 09:50:15,7.1100,3,14940.0000,21,S,7.1100,7.1000,7.0900,7.0800,7.0700,7.1200,7.1300,7.1400,7.1500,7.1600,2970,2351,704,2395,1865,1315,1549,550,1503,890
SZ,002385,2017-01-03 09:50:18,7.1200,3,26344.0000,37,B,7.1100,7.1000,7.0900,7.0800,7.0700,7.1200,7.1300,7.1400,7.1500,7.1600,2970,2351,704,2395,1865,1238,1549,550,1503,940
SZ,002385,2017-01-03 09:50:21,7.1200,4,89000.0000,125,B,7.1100,7.1000,7.0900,7.0800,7.0700,7.1200,7.1300,7.1400,7.1500,7.1600,2970,2351,707,2395,1865,1113,1549,550,1503,940
SZ,002385,2017-01-03 09:50:24,7.1200,4,51976.0000,73,B,7.1100,7.1000,7.0900,7.0800,7.0700,7.1200,7.1300,7.1400,7.1500,7.1600,2980,2351,707,2395,1885,1040,1549,550,1493,940
SZ,002385,2017-01-03 09:50:27,7.1200,1,79032.0000,111,B,7.1100,7.1000,7.0900,7.0800,7.0700,7.1200,7.1300,7.1400,7.1500,7.1600,3016,2351,707,2395,1885,929,1549,550,1513,940
SZ,002385,2017-01-03 09:50:30,7.1200,5,35560.0000,50,B,7.1100,7.1000,7.0900,7.0800,7.0700,7.1200,7.1300,7.1400,7.1500,7.1600,2976,2351,707,2395,1885,919,1549,550,1513,940
SZ,002385,2017-01-03 09:50:33,7.1200,2,13528.0000,19,B,7.1100,7.1000,7.0900,7.0800,7.0700,7.1200,7.1300,7.1400,7.1500,7.1600,2986,2456,793,2400,1885,900,1549,550,1513,940
SZ,002385,2017-01-03 09:50:36,7.1100,6,83284.0000,117,S,7.1100,7.1000,7.0900,7.0800,7.0700,7.1200,7.1300,7.1400,7.1500,7.1600,2986,2456,793,2400,1885,803,1549,550,1513,940
SZ,002385,2017-01-03 09:50:39,7.1200,6,571736.0000,803,B,7.1200,7.1100,7.1000,7.0900,7.0800,7.1300,7.1400,7.1500,7.1600,7.1700,127,2991,2456,893,2400,1549,550,1562,940,864
SZ,002385,2017-01-03 09:51:03,7.1300,4,151106.0000,212,B,7.1200,7.1100,7.1000,7.0900,7.0800,7.1300,7.1400,7.1500,7.1600,7.1700,707,3016,2408,893,2427,1387,555,1692,973,864
SZ,002385,2017-01-03 09:51:06,7.1300,2,716565.0000,1005,B,7.1200,7.1100,7.1000,7.0900,7.0800,7.1300,7.1400,7.1500,7.1600,7.1700,725,3036,2408,893,2427,382,555,1692,973,864
SZ,002385,2017-01-03 09:51:12,7.1300,1,713.0000,1,B,7.1200,7.1100,7.1000,7.0900,7.0800,7.1300,7.1400,7.1500,7.1600,7.1700,837,3069,2405,931,2427,381,555,1692,973,864
SZ,002385,2017-01-03 09:51:15,7.1300,2,14260.0000,20,B,7.1200,7.1100,7.1000,7.0900,7.0800,7.1300,7.1400,7.1500,7.1600,7.1700,956,3064,2405,936,2427,361,555,1692,973,864
SZ,002385,2017-01-03 09:51:18,7.1300,1,21390.0000,30,B,7.1200,7.1100,7.1000,7.0900,7.0800,7.1300,7.1400,7.1500,7.1600,7.1700,1066,3204,2405,936,2427,331,555,1692,973,878
SZ,002385,2017-01-03 09:51:21,7.1300,1,28520.0000,40,B,7.1200,7.1100,7.1000,7.0900,7.0800,7.1300,7.1400,7.1500,7.1600,7.1700,1066,3246,2405,936,2427,291,555,1692,973,878
SZ,002385,2017-01-03 09:51:24,7.1300,1,35650.0000,50,B,7.1200,7.1100,7.1000,7.0900,7.0800,7.1300,7.1400,7.1500,7.1600,7.1700,1074,3249,2405,936,2427,241,555,1692,973,878
SZ,002385,2017-01-03 09:51:27,7.1300,1,7843.0000,11,B,7.1200,7.1100,7.1000,7.0900,7.0800,7.1300,7.1400,7.1500,7.1600,7.1700,1582,3199,2405,936,2427,230,565,1719,973,878
SZ,002385,2017-01-03 09:51:30,7.1300,1,713.0000,1,B,7.1200,7.1100,7.1000,7.0900,7.0800,7.1300,7.1400,7.1500,7.1600,7.1700,1617,3199,2405,936,2417,279,565,1719,973,878
SZ,002385,2017-01-03 09:51:33,7.1300,1,1426.0000,2,B,7.1200,7.1100,7.1000,7.0900,7.0800,7.1300,7.1400,7.1500,7.1600,7.1700,1671,3199,2405,936,2417,277,565,1721,973,878
SZ,002385,2017-01-03 09:51:36,7.1300,3,79856.0000,112,B,7.1200,7.1100,7.1000,7.0900,7.0800,7.1300,7.1400,7.1500,7.1600,7.1700,1691,2699,2343,941,2417,165,565,1721,973,878
SZ,002385,2017-01-03 09:51:39,7.1300,1,1426.0000,2,B,7.1200,7.1100,7.1000,7.0900,7.0800,7.1300,7.1400,7.1500,7.1600,7.1700,1841,2713,2343,941,2386,163,565,1721,981,878
SZ,002385,2017-01-03 09:51:42,7.1300,1,37789.0000,53,B,7.1200,7.1100,7.1000,7.0900,7.0800,7.1300,7.1400,7.1500,7.1600,7.1700,1876,2469,2343,1027,2386,111,565,1721,981,878
SZ,002385,2017-01-03 09:51:45,7.1300,2,36363.0000,51,B,7.1200,7.1100,7.1000,7.0900,7.0800,7.1300,7.1400,7.1500,7.1600,7.1700,1860,2469,2343,1027,2386,60,565,1721,981,878
SZ,002385,2017-01-03 09:51:48,7.1300,3,10695.0000,15,B,7.1200,7.1100,7.1000,7.0900,7.0800,7.1300,7.1400,7.1500,7.1600,7.1700,1870,2519,2348,1027,2415,45,565,1721,981,878
SZ,002385,2017-01-03 09:51:51,7.1300,2,12121.0000,17,B,7.1200,7.1100,7.1000,7.0900,7.0800,7.1300,7.1400,7.1500,7.1600,7.1700,1838,2519,2328,1027,2415,28,565,1731,981,878
SZ,002385,2017-01-03 09:51:54,7.1300,1,713.0000,1,B,7.1200,7.1100,7.1000,7.0900,7.0800,7.1300,7.1400,7.1500,7.1600,7.1700,1848,2519,2328,1027,2415,27,565,1731,981,878
SZ,002385,2017-01-03 09:51:57,7.1300,4,24143.0000,33,B,7.1300,7.1200,7.1100,7.1000,7.0900,7.1400,7.1500,7.1600,7.1700,7.1800,0,1974,2519,2328,1027,565,1731,981,878,659
SZ,002385,2017-01-03 09:52:00,7.1300,1,93.0000,1,S,7.1200,7.1100,7.1000,7.0900,7.0800,7.1300,7.1400,7.1500,7.1600,7.1700,1974,2519,2328,1027,2415,22,565,1731,981,878
SZ,002385,2017-01-03 09:52:03,7.1300,3,16306.0000,22,B,7.1300,7.1200,7.1100,7.1000,7.0900,7.1400,7.1500,7.1600,7.1700,7.1800,21,1996,2519,2316,1027,565,1731,981,878,594
SZ,002385,2017-01-03 09:52:09,7.1400,1,24990.0000,35,B,7.1300,7.1200,7.1100,7.1000,7.0900,7.1400,7.1500,7.1600,7.1700,7.1800,55,1999,2549,2316,1027,553,1731,981,878,594
SZ,002385,2017-01-03 09:52:12,7.1300,6,40022.0000,57,S,7.1200,7.1100,7.1000,7.0900,7.0800,7.1300,7.1400,7.1500,7.1600,7.1700,2025,2549,2316,1027,2415,44,552,1731,981,878
SZ,002385,2017-01-03 09:52:18,7.1400,6,105517.0000,147,B,7.1300,7.1200,7.1100,7.1000,7.0900,7.1400,7.1500,7.1600,7.1700,7.1800,218,2025,2549,2326,1027,483,1731,981,828,594
SZ,002385,2017-01-03 09:52:24,7.1300,1,35650.0000,50,S,7.1300,7.1200,7.1100,7.1000,7.0900,7.1400,7.1500,7.1600,7.1700,7.1800,186,2037,2561,2326,1027,460,1731,981,828,599
SZ,002385,2017-01-03 09:52:30,7.1400,1,714.0000,1,B,7.1300,7.1200,7.1100,7.1000,7.0900,7.1400,7.1500,7.1600,7.1700,7.1800,278,2051,2570,2326,1027,499,1731,981,828,599
SZ,002385,2017-01-03 09:52:36,7.1300,1,16399.0000,23,S,7.1300,7.1200,7.1100,7.1000,7.0900,7.1400,7.1500,7.1600,7.1700,7.1800,267,2066,2570,2332,1027,499,1731,981,828,599
SZ,002385,2017-01-03 09:52:39,7.1300,2,3568.0000,5,S,7.1300,7.1200,7.1100,7.1000,7.0900,7.1400,7.1500,7.1600,7.1700,7.1800,275,2066,2570,2332,1027,496,1891,981,828,599
SZ,002385,2017-01-03 09:52:45,7.1400,1,714.0000,1,B,7.1300,7.1200,7.1100,7.1000,7.0900,7.1400,7.1500,7.1600,7.1700,7.1800,547,2064,2560,2330,1027,545,1901,981,828,599
SZ,002385,2017-01-03 09:52:51,7.1300,2,70673.0000,99,S,7.1300,7.1200,7.1100,7.1000,7.0900,7.1400,7.1500,7.1600,7.1700,7.1800,544,2153,2560,2260,1027,459,1901,981,828,599
SZ,002385,2017-01-03 09:52:54,7.1300,12,192510.0000,270,S,7.1300,7.1200,7.1100,7.1000,7.0900,7.1400,7.1500,7.1600,7.1700,7.1800,274,2147,2560,2260,1027,526,1901,981,828,599
SZ,002385,2017-01-03 09:53:03,7.1400,1,714.0000,1,B,7.1300,7.1200,7.1100,7.1000,7.0900,7.1400,7.1500,7.1600,7.1700,7.1800,376,2110,2584,2290,1027,525,1901,981,833,599
SZ,002385,2017-01-03 09:53:09,7.1300,2,8556.0000,12,S,7.1300,7.1200,7.1100,7.1000,7.0900,7.1400,7.1500,7.1600,7.1700,7.1800,381,2110,2594,2290,1027,815,1869,952,833,609
SZ,002385,2017-01-03 09:53:15,7.1300,3,10706.0000,15,S,7.1300,7.1200,7.1100,7.1000,7.0900,7.1400,7.1500,7.1600,7.1700,7.1800,443,2151,2594,2300,1027,804,1879,952,833,609
SZ,002385,2017-01-03 09:53:21,7.1400,4,27132.0000,38,B,7.1300,7.1200,7.1100,7.1000,7.0900,7.1400,7.1500,7.1600,7.1700,7.1800,558,2153,2598,2300,1027,772,1879,952,833,609
SZ,002385,2017-01-03 09:53:24,7.1400,1,14280.0000,20,B,7.1300,7.1200,7.1100,7.1000,7.0900,7.1400,7.1500,7.1600,7.1700,7.1800,597,2153,2598,2300,1027,752,1899,952,833,609
SZ,002385,2017-01-03 09:53:42,7.1400,2,7854.0000,11,B,7.1300,7.1200,7.1100,7.1000,7.0900,7.1400,7.1500,7.1600,7.1700,7.1800,1242,2168,2478,2310,1027,745,2051,957,833,609
SZ,002385,2017-01-03 09:53:48,7.1400,1,2142.0000,3,B,7.1300,7.1200,7.1100,7.1000,7.0900,7.1400,7.1500,7.1600,7.1700,7.1800,1510,2168,2478,2283,1037,742,2065,957,833,609
SZ,002385,2017-01-03 09:53:54,7.1400,1,714.0000,1,B,7.1300,7.1200,7.1100,7.1000,7.0900,7.1400,7.1500,7.1600,7.1700,7.1800,1521,2048,2478,2284,1037,757,2065,957,833,609
SZ,002385,2017-01-03 09:54:00,7.1400,1,12138.0000,17,B,7.1300,7.1200,7.1100,7.1000,7.0900,7.1400,7.1500,7.1600,7.1700,7.1800,1519,2048,2478,2287,1037,753,2178,957,833,609
SZ,002385,2017-01-03 09:54:03,7.1400,2,10710.0000,15,B,7.1300,7.1200,7.1100,7.1000,7.0900,7.1400,7.1500,7.1600,7.1700,7.1800,1528,2048,2478,2287,1037,743,2178,957,833,609
SZ,002385,2017-01-03 09:54:06,7.1400,1,17850.0000,25,B,7.1300,7.1200,7.1100,7.1000,7.0900,7.1400,7.1500,7.1600,7.1700,7.1800,1528,2048,2478,2287,1037,718,2178,957,833,609
SZ,002385,2017-01-03 09:54:09,7.1400,2,2142.0000,3,B,7.1300,7.1200,7.1100,7.1000,7.0900,7.1400,7.1500,7.1600,7.1700,7.1800,1528,2048,2468,2287,1037,715,2178,957,833,609
SZ,002385,2017-01-03 09:54:15,7.1400,3,19977.0000,28,B,7.1300,7.1200,7.1100,7.1000,7.0900,7.1400,7.1500,7.1600,7.1700,7.1800,1513,2048,2468,2287,1037,727,2178,957,833,609
SZ,002385,2017-01-03 09:54:18,7.1400,1,714.0000,1,B,7.1300,7.1200,7.1100,7.1000,7.0900,7.1400,7.1500,7.1600,7.1700,7.1800,1513,2048,2468,2287,1037,746,2178,957,833,609
SZ,002385,2017-01-03 09:54:21,7.1300,2,15704.0000,22,S,7.1300,7.1200,7.1100,7.1000,7.0900,7.1400,7.1500,7.1600,7.1700,7.1800,1509,2021,2468,2287,1037,1028,2178,957,833,609
SZ,002385,2017-01-03 09:54:24,7.1400,2,18558.0000,26,B,7.1300,7.1200,7.1100,7.1000,7.0900,7.1400,7.1500,7.1600,7.1700,7.1800,1556,2006,2468,2287,1037,1008,2178,957,833,609
SZ,002385,2017-01-03 09:54:39,7.1300,2,17845.0000,25,S,7.1300,7.1200,7.1100,7.1000,7.0900,7.1400,7.1500,7.1600,7.1700,7.1800,1724,2010,2468,2297,1037,1019,2278,973,833,609
SZ,002385,2017-01-03 09:54:42,7.1300,1,713.0000,1,S,7.1300,7.1200,7.1100,7.1000,7.0900,7.1400,7.1500,7.1600,7.1700,7.1800,1724,2030,2483,2297,1037,1038,2278,973,833,609
SZ,002385,2017-01-03 09:54:45,7.1300,1,9982.0000,14,S,7.1300,7.1200,7.1100,7.1000,7.0900,7.1400,7.1500,7.1600,7.1700,7.1800,1717,2030,2483,2297,1037,1038,2351,973,833,609
SZ,002385,2017-01-03 09:54:57,7.1400,1,6426.0000,9,B,7.1300,7.1200,7.1100,7.1000,7.0900,7.1400,7.1500,7.1600,7.1700,7.1800,1744,2043,2483,2297,1037,1211,2372,973,833,609
SZ,002385,2017-01-03 09:55:00,7.1400,1,1428.0000,2,B,7.1300,7.1200,7.1100,7.1000,7.0900,7.1400,7.1500,7.1600,7.1700,7.1800,1744,2012,2483,2297,1037,1209,2372,973,833,609
SZ,002385,2017-01-03 09:55:06,7.1400,1,32130.0000,45,B,7.1300,7.1200,7.1100,7.1000,7.0900,7.1400,7.1500,7.1600,7.1700,7.1800,1754,1913,2483,2277,1037,1164,2372,973,948,609
SZ,002385,2017-01-03 09:55:09,7.1400,1,6426.0000,9,B,7.1300,7.1200,7.1100,7.1000,7.0900,7.1400,7.1500,7.1600,7.1700,7.1800,1761,1923,2493,2277,1037,1155,2372,973,948,609
SZ,002385,2017-01-03 09:55:18,7.1300,1,1426.0000,2,S,7.1300,7.1200,7.1100,7.1000,7.0900,7.1400,7.1500,7.1600,7.1700,7.1800,1770,1913,2493,2277,1037,1155,2372,973,948,609
SZ,002385,2017-01-03 09:55:21,7.1400,1,3570.0000,5,B,7.1300,7.1200,7.1100,7.1000,7.0900,7.1400,7.1500,7.1600,7.1700,7.1800,1770,1913,2498,2277,1037,1160,2372,973,948,609
SZ,002385,2017-01-03 09:55:24,7.1300,1,4991.0000,7,S,7.1300,7.1200,7.1100,7.1000,7.0900,7.1400,7.1500,7.1600,7.1700,7.1800,1765,1823,2498,2277,1037,1160,2617,973,948,609
SZ,002385,2017-01-03 09:55:42,7.1400,4,57814.0000,81,B,7.1300,7.1200,7.1100,7.1000,7.0900,7.1400,7.1500,7.1600,7.1700,7.1800,1851,1823,2545,2327,1037,1256,2647,973,948,609
SZ,002385,2017-01-03 09:55:48,7.1300,3,5711.0000,8,S,7.1300,7.1200,7.1100,7.1000,7.0900,7.1400,7.1500,7.1600,7.1700,7.1800,1850,1823,2535,2327,1066,1250,2647,973,948,609
SZ,002385,2017-01-03 09:55:54,7.1400,2,7854.0000,11,B,7.1300,7.1200,7.1100,7.1000,7.0900,7.1400,7.1500,7.1600,7.1700,7.1800,1870,1839,2421,2327,966,1239,2651,973,948,609
SZ,002385,2017-01-03 09:55:57,7.1300,1,58466.0000,82,S,7.1300,7.1200,7.1100,7.1000,7.0900,7.1400,7.1500,7.1600,7.1700,7.1800,1768,1839,2421,2327,966,1239,2651,973,948,609
SZ,002385,2017-01-03 09:56:09,7.1400,2,22818.0000,32,B,7.1300,7.1200,7.1100,7.1000,7.0900,7.1400,7.1500,7.1600,7.1700,7.1800,2624,1826,2430,2337,966,1187,2651,973,948,609
SZ,002385,2017-01-03 09:56:15,7.1400,4,71400.0000,100,B,7.1300,7.1200,7.1100,7.1000,7.0900,7.1400,7.1500,7.1600,7.1700,7.1800,2641,1821,2430,2337,966,1097,2651,973,948,609
SZ,002385,2017-01-03 09:56:21,7.1400,1,7140.0000,10,B,7.1300,7.1200,7.1100,7.1000,7.0900,7.1400,7.1500,7.1600,7.1700,7.1800,2641,1821,2430,2337,966,1087,2651,973,948,609
SZ,002385,2017-01-03 09:56:30,7.1400,1,154224.0000,216,B,7.1300,7.1200,7.1100,7.1000,7.0900,7.1400,7.1500,7.1600,7.1700,7.1800,2655,1821,2430,2356,966,871,2651,993,958,609
SZ,002385,2017-01-03 09:56:33,7.1400,1,28560.0000,40,B,7.1300,7.1200,7.1100,7.1000,7.0900,7.1400,7.1500,7.1600,7.1700,7.1800,2655,1821,2430,2364,966,831,2651,993,958,609
SZ,002385,2017-01-03 09:56:39,7.1400,9,182784.0000,256,B,7.1300,7.1200,7.1100,7.1000,7.0900,7.1400,7.1500,7.1600,7.1700,7.1800,2645,1826,2430,2364,966,557,2671,1021,958,609
SZ,002385,2017-01-03 09:56:48,7.1400,1,43554.0000,61,B,7.1300,7.1200,7.1100,7.1000,7.0900,7.1400,7.1500,7.1600,7.1700,7.1800,2645,1826,2380,2364,966,496,2671,1017,958,609
SZ,002385,2017-01-03 09:56:51,7.1300,1,1426.0000,2,S,7.1300,7.1200,7.1100,7.1000,7.0900,7.1400,7.1500,7.1600,7.1700,7.1800,2656,1826,2380,2364,966,336,2671,1017,958,609
SZ,002385,2017-01-03 09:56:54,7.1400,7,187782.0000,263,B,7.1300,7.1200,7.1100,7.1000,7.0900,7.1400,7.1500,7.1600,7.1700,7.1800,2643,1326,2300,2364,1021,73,2671,1017,958,609
SZ,002385,2017-01-03 09:56:57,7.1400,8,42120.0000,59,B,7.1300,7.1200,7.1100,7.1000,7.0900,7.1400,7.1500,7.1600,7.1700,7.1800,2594,1326,2300,2364,1021,19,2671,1017,958,609
SZ,002385,2017-01-03 09:57:00,7.1400,3,13568.0000,19,B,7.1400,7.1300,7.1200,7.1100,7.1000,7.1500,7.1600,7.1700,7.1800,7.1900,86,2594,1255,2300,2364,2671,1017,958,609,614
SZ,002385,2017-01-03 09:57:03,7.1400,1,10708.0000,15,S,7.1400,7.1300,7.1200,7.1100,7.1000,7.1500,7.1600,7.1700,7.1800,7.1900,71,2594,1255,2300,2364,2831,1017,958,609,614
SZ,002385,2017-01-03 09:57:12,7.1500,1,716.0000,1,B,7.1400,7.1300,7.1200,7.1100,7.1000,7.1500,7.1600,7.1700,7.1800,7.1900,121,2604,1255,2300,2364,2830,1017,958,609,614
SZ,002385,2017-01-03 09:57:30,7.1400,2,7854.0000,11,S,7.1400,7.1300,7.1200,7.1100,7.1000,7.1500,7.1600,7.1700,7.1800,7.1900,154,2619,1250,2300,2356,2821,1017,958,609,614
SZ,002385,2017-01-03 09:57:33,7.1500,8,214500.0000,300,B,7.1400,7.1300,7.1200,7.1100,7.1000,7.1500,7.1600,7.1700,7.1800,7.1900,154,2619,1250,2302,2356,2521,1017,958,609,614
SZ,002385,2017-01-03 09:57:36,7.1500,2,7854.0000,11,B,7.1400,7.1300,7.1200,7.1100,7.1000,7.1500,7.1600,7.1700,7.1800,7.1900,100,2599,1250,2302,2356,2520,1067,958,609,614
SZ,002385,2017-01-03 09:57:39,7.1500,1,3576.0000,5,B,7.1400,7.1300,7.1200,7.1100,7.1000,7.1500,7.1600,7.1700,7.1800,7.1900,433,2599,1250,2302,2356,2535,1067,958,609,614
SZ,002385,2017-01-03 09:57:42,7.1400,1,714.0000,1,S,7.1400,7.1300,7.1200,7.1100,7.1000,7.1500,7.1600,7.1700,7.1800,7.1900,434,2099,1250,2302,2356,2535,1067,1050,609,614
SZ,002385,2017-01-03 09:57:45,7.1500,2,6434.0000,9,B,7.1400,7.1300,7.1200,7.1100,7.1000,7.1500,7.1600,7.1700,7.1800,7.1900,447,2099,1255,2302,2356,2526,1067,1050,609,614
SZ,002385,2017-01-03 09:57:48,7.1500,3,26456.0000,37,B,7.1400,7.1300,7.1200,7.1100,7.1000,7.1500,7.1600,7.1700,7.1800,7.1900,459,2104,1255,2302,2356,2484,1067,1050,609,614
SZ,002385,2017-01-03 09:57:51,7.1500,1,3576.0000,5,B,7.1400,7.1300,7.1200,7.1100,7.1000,7.1500,7.1600,7.1700,7.1800,7.1900,459,2104,1255,2302,2356,2489,1067,1050,609,614
SZ,002385,2017-01-03 09:57:54,7.1500,1,714.0000,1,B,7.1400,7.1300,7.1200,7.1100,7.1000,7.1500,7.1600,7.1700,7.1800,7.1900,459,2114,1255,2302,2356,2488,1067,1100,609,614
SZ,002385,2017-01-03 09:57:57,7.1500,7,87212.0000,122,B,7.1400,7.1300,7.1200,7.1100,7.1000,7.1500,7.1600,7.1700,7.1800,7.1900,918,2119,1255,2302,2356,2392,1067,1100,609,614
SZ,002385,2017-01-03 09:58:00,7.1500,1,10726.0000,15,B,7.1400,7.1300,7.1200,7.1100,7.1000,7.1500,7.1600,7.1700,7.1800,7.1900,968,2119,1255,2302,2356,2307,1067,1100,609,607
SZ,002385,2017-01-03 09:58:03,7.1400,2,4284.0000,6,S,7.1400,7.1300,7.1200,7.1100,7.1000,7.1500,7.1600,7.1700,7.1800,7.1900,962,2119,1255,2302,2356,2357,1063,1100,609,637
SZ,002385,2017-01-03 09:58:06,7.1500,3,42184.0000,59,B,7.1400,7.1300,7.1200,7.1100,7.1000,7.1500,7.1600,7.1700,7.1800,7.1900,962,2337,1260,2302,2356,2298,1063,1100,609,637
SZ,002385,2017-01-03 09:58:09,7.1500,1,2144.0000,3,B,7.1400,7.1300,7.1200,7.1100,7.1000,7.1500,7.1600,7.1700,7.1800,7.1900,962,2322,1260,2302,2356,2295,1063,1100,609,637
SZ,002385,2017-01-03 09:58:15,7.1500,1,716.0000,1,B,7.1400,7.1300,7.1200,7.1100,7.1000,7.1500,7.1600,7.1700,7.1800,7.1900,962,2322,1260,2302,2356,2294,1063,1100,615,637
SZ,002385,2017-01-03 09:58:21,7.1500,2,14300.0000,20,B,7.1400,7.1300,7.1200,7.1100,7.1000,7.1500,7.1600,7.1700,7.1800,7.1900,982,2322,1260,2302,2356,2274,1063,1100,615,637
SZ,002385,2017-01-03 09:58:24,7.1500,1,716.0000,1,B,7.1400,7.1300,7.1200,7.1100,7.1000,7.1500,7.1600,7.1700,7.1800,7.1900,982,2322,1260,2302,2356,2273,1063,1100,615,637
SZ,002385,2017-01-03 09:58:27,7.1500,25,822248.0000,1150,B,7.1400,7.1300,7.1200,7.1100,7.1000,7.1500,7.1600,7.1700,7.1800,7.1900,982,2322,1260,2302,2366,1124,1063,1100,615,637
SZ,002385,2017-01-03 09:58:30,7.1500,1,14300.0000,20,B,7.1400,7.1300,7.1200,7.1100,7.1000,7.1500,7.1600,7.1700,7.1800,7.1900,482,2322,1260,2302,2366,1115,1063,1100,615,637
SZ,002385,2017-01-03 09:58:33,7.1400,1,7140.0000,10,S,7.1400,7.1300,7.1200,7.1100,7.1000,7.1500,7.1600,7.1700,7.1800,7.1900,501,2372,1260,2302,2366,1115,1063,1100,595,637
SZ,002385,2017-01-03 09:58:36,7.1500,23,797226.0000,1115,B,7.1500,7.1400,7.1300,7.1200,7.1100,7.1600,7.1700,7.1800,7.1900,7.2000,44,503,2361,1260,2302,1063,1100,595,637,986
SZ,002385,2017-01-03 09:58:42,7.1600,1,716.0000,1,B,7.1500,7.1400,7.1300,7.1200,7.1100,7.1600,7.1700,7.1800,7.1900,7.2000,54,515,2348,1260,2302,1062,1100,595,637,986
SZ,002385,2017-01-03 09:58:45,7.1600,1,6444.0000,9,B,7.1500,7.1400,7.1300,7.1200,7.1100,7.1600,7.1700,7.1800,7.1900,7.2000,54,535,2348,1260,2294,1073,1100,595,637,986
SZ,002385,2017-01-03 09:58:48,7.1600,3,22912.0000,32,B,7.1500,7.1400,7.1300,7.1200,7.1100,7.1600,7.1700,7.1800,7.1900,7.2000,557,540,2348,1260,2294,1041,1100,595,637,986
SZ,002385,2017-01-03 09:58:57,7.1600,4,35800.0000,50,B,7.1500,7.1400,7.1300,7.1200,7.1100,7.1600,7.1700,7.1800,7.1900,7.2000,560,598,2348,1260,2294,991,1100,595,637,986
SZ,002385,2017-01-03 09:59:00,7.1600,4,46540.0000,65,B,7.1500,7.1400,7.1300,7.1200,7.1100,7.1600,7.1700,7.1800,7.1900,7.2000,580,598,2122,1260,2294,934,1100,595,637,986
SZ,002385,2017-01-03 09:59:03,7.1600,3,45824.0000,64,B,7.1500,7.1400,7.1300,7.1200,7.1100,7.1600,7.1700,7.1800,7.1900,7.2000,578,598,2122,1212,2294,996,1100,595,637,986
SZ,002385,2017-01-03 09:59:06,7.1600,2,32218.0000,45,B,7.1500,7.1400,7.1300,7.1200,7.1100,7.1600,7.1700,7.1800,7.1900,7.2000,577,598,2122,1208,2494,952,1100,589,637,986
SZ,002385,2017-01-03 09:59:09,7.1600,3,13604.0000,19,B,7.1500,7.1400,7.1300,7.1200,7.1100,7.1600,7.1700,7.1800,7.1900,7.2000,576,599,2122,1208,2494,942,1100,589,647,1020
SZ,002385,2017-01-03 09:59:12,7.1600,2,7876.0000,11,B,7.1500,7.1400,7.1300,7.1200,7.1100,7.1600,7.1700,7.1800,7.1900,7.2000,576,570,2142,1208,2494,931,1100,589,637,1020
SZ,002385,2017-01-03 09:59:15,7.1600,2,8584.0000,12,B,7.1500,7.1400,7.1300,7.1200,7.1100,7.1600,7.1700,7.1800,7.1900,7.2000,566,277,2142,1208,2494,929,1100,589,637,1020
SZ,002385,2017-01-03 09:59:18,7.1600,1,7160.0000,10,B,7.1500,7.1400,7.1300,7.1200,7.1100,7.1600,7.1700,7.1800,7.1900,7.2000,566,281,1924,1208,2494,903,1100,689,637,1020
SZ,002385,2017-01-03 09:59:21,7.1500,3,207634.0000,290,S,7.1500,7.1400,7.1300,7.1200,7.1100,7.1600,7.1700,7.1800,7.1900,7.2000,561,281,1924,1208,2494,618,1100,689,637,1020
SZ,002385,2017-01-03 09:59:24,7.1600,1,1432.0000,2,B,7.1500,7.1400,7.1300,7.1200,7.1100,7.1600,7.1700,7.1800,7.1900,7.2000,561,281,1112,1217,2494,616,1100,689,637,1020
SZ,002385,2017-01-03 09:59:27,7.1600,2,21480.0000,30,B,7.1500,7.1400,7.1300,7.1200,7.1100,7.1600,7.1700,7.1800,7.1900,7.2000,581,301,1092,1217,2494,598,1100,689,637,1020
SZ,002385,2017-01-03 09:59:30,7.1600,1,3580.0000,5,B,7.1500,7.1400,7.1300,7.1200,7.1100,7.1600,7.1700,7.1800,7.1900,7.2000,581,301,1065,1217,2494,635,1100,705,637,1120
SZ,002385,2017-01-03 09:59:33,7.1600,1,2864.0000,4,B,7.1500,7.1400,7.1300,7.1200,7.1100,7.1600,7.1700,7.1800,7.1900,7.2000,581,315,1063,1217,2494,631,1105,705,637,1120
SZ,002385,2017-01-03 09:59:36,7.1600,24,501200.0000,700,B,7.1500,7.1400,7.1300,7.1200,7.1100,7.1600,7.1700,7.1800,7.1900,7.2000,581,310,1063,1217,2494,1,1105,905,637,1250
SZ,002385,2017-01-03 09:59:39,7.1600,2,2864.0000,4,B,7.1600,7.1500,7.1400,7.1300,7.1200,7.1700,7.1800,7.1900,7.2000,7.2100,316,581,310,1063,1217,1205,905,647,1350,532
SZ,002385,2017-01-03 09:59:45,7.1600,4,102388.0000,143,S,7.1600,7.1500,7.1400,7.1300,7.1200,7.1700,7.1800,7.1900,7.2000,7.2100,1000,591,544,1048,1213,1205,889,647,1450,532
SZ,002385,2017-01-03 09:59:48,7.1700,3,17910.0000,25,B,7.1600,7.1500,7.1400,7.1300,7.1200,7.1700,7.1800,7.1900,7.2000,7.2100,1485,591,544,1048,1213,1164,889,671,1450,532
SZ,002385,2017-01-03 09:59:51,7.1700,25,841728.0000,1174,B,7.1600,7.1500,7.1400,7.1300,7.1200,7.1700,7.1800,7.1900,7.2000,7.2100,1471,591,544,1048,1213,20,889,721,1480,532
SZ,002385,2017-01-03 10:00:00,7.1700,1,14340.0000,20,B,7.1700,7.1600,7.1500,7.1400,7.1300,7.1800,7.1900,7.2000,7.2100,7.2200,102,1471,582,544,1048,889,731,1520,532,551
SZ,002385,2017-01-03 10:00:03,7.1700,3,73134.0000,102,S,7.1600,7.1500,7.1400,7.1300,7.1200,7.1700,7.1800,7.1900,7.2000,7.2100,1471,592,544,1048,1213,290,889,736,1520,532
SZ,002385,2017-01-03 10:00:06,7.1700,2,114002.0000,159,B,7.1600,7.1500,7.1400,7.1300,7.1200,7.1700,7.1800,7.1900,7.2000,7.2100,971,592,544,1035,1213,131,889,736,1520,532
SZ,002385,2017-01-03 10:00:12,7.1700,1,35852.0000,50,B,7.1600,7.1500,7.1400,7.1300,7.1200,7.1700,7.1800,7.1900,7.2000,7.2100,971,617,544,1035,1213,82,900,796,1520,532
SZ,002385,2017-01-03 10:00:15,7.1800,32,432872.0000,603,B,7.1600,7.1500,7.1400,7.1300,7.1200,7.1700,7.1800,7.1900,7.2000,7.2100,960,617,544,1035,1213,172,402,836,1514,532
SZ,002385,2017-01-03 10:00:18,7.1700,6,223704.0000,312,B,7.1600,7.1500,7.1400,7.1300,7.1200,7.1700,7.1800,7.1900,7.2000,7.2100,960,617,543,1035,1213,70,402,836,1484,540
SZ,002385,2017-01-03 10:00:21,7.1700,4,32980.0000,46,B,7.1600,7.1500,7.1400,7.1300,7.1200,7.1700,7.1800,7.1900,7.2000,7.2100,1001,617,543,1035,1213,74,412,856,1484,540
SZ,002385,2017-01-03 10:00:24,7.1700,3,12190.0000,17,B,7.1600,7.1500,7.1400,7.1300,7.1200,7.1700,7.1800,7.1900,7.2000,7.2100,1001,618,543,1035,1213,67,412,856,1484,540
SZ,002385,2017-01-03 10:00:30,7.1700,4,62378.0000,87,B,7.1700,7.1600,7.1500,7.1400,7.1300,7.1800,7.1900,7.2000,7.2100,7.2200,75,1011,618,543,1035,442,1136,1484,540,551
SZ,002385,2017-01-03 10:00:33,7.1600,6,157642.0000,220,S,7.1600,7.1500,7.1400,7.1300,7.1200,7.1800,7.1900,7.2000,7.2100,7.2200,937,618,543,1040,1213,507,1146,1484,540,551
SZ,002385,2017-01-03 10:00:36,7.1700,1,7170.0000,10,B,7.1700,7.1600,7.1500,7.1400,7.1300,7.1800,7.1900,7.2000,7.2100,7.2200,23,937,718,543,1040,650,1256,1484,540,618
SZ,002385,2017-01-03 10:00:39,7.1700,4,17208.0000,24,S,7.1700,7.1600,7.1500,7.1400,7.1300,7.1800,7.1900,7.2000,7.2100,7.2200,360,937,718,543,1040,690,1256,1514,540,618
SZ,002385,2017-01-03 10:00:42,7.1800,3,9334.0000,13,B,7.1700,7.1600,7.1500,7.1400,7.1300,7.1800,7.1900,7.2000,7.2100,7.2200,660,937,718,543,1040,717,1295,1514,540,618
SZ,002385,2017-01-03 10:00:48,7.1700,2,23662.0000,33,S,7.1700,7.1600,7.1500,7.1400,7.1300,7.1800,7.1900,7.2000,7.2100,7.2200,627,937,721,529,1040,1286,1342,1546,540,618
SZ,002385,2017-01-03 10:00:51,7.1800,2,7180.0000,10,B,7.1700,7.1600,7.1500,7.1400,7.1300,7.1800,7.1900,7.2000,7.2100,7.2200,627,921,721,529,1040,1309,1342,1546,540,618
SZ,002385,2017-01-03 10:00:54,7.1800,6,89748.0000,125,B,7.1700,7.1600,7.1500,7.1400,7.1300,7.1800,7.1900,7.2000,7.2100,7.2200,627,921,721,529,1040,1222,1362,1546,540,618
SZ,002385,2017-01-03 10:00:57,7.1700,1,5020.0000,7,S,7.1700,7.1600,7.1500,7.1400,7.1300,7.1800,7.1900,7.2000,7.2100,7.2200,620,921,721,529,1040,1262,1362,1576,540,618
SZ,002385,2017-01-03 10:01:00,7.1700,2,27254.0000,38,S,7.1700,7.1600,7.1500,7.1400,7.1300,7.1800,7.1900,7.2000,7.2100,7.2200,656,914,721,529,1570,1421,1390,1576,540,668
SZ,002385,2017-01-03 10:01:03,7.1800,23,718000.0000,1000,B,7.1700,7.1600,7.1500,7.1400,7.1300,7.1800,7.1900,7.2000,7.2100,7.2200,656,914,721,529,1570,439,1390,1656,540,668
SZ,002385,2017-01-03 10:01:06,7.1800,2,16510.0000,23,B,7.1700,7.1600,7.1500,7.1400,7.1300,7.1800,7.1900,7.2000,7.2100,7.2200,745,914,721,529,1570,524,1390,1656,640,668
SZ,002385,2017-01-03 10:01:09,7.1800,2,43072.0000,60,B,7.1700,7.1600,7.1500,7.1400,7.1300,7.1800,7.1900,7.2000,7.2100,7.2200,745,914,711,529,1570,504,1390,1671,640,668
SZ,002385,2017-01-03 10:01:15,7.1700,1,14340.0000,20,S,7.1700,7.1600,7.1500,7.1400,7.1300,7.1800,7.1900,7.2000,7.2100,7.2200,730,914,1051,535,1570,604,1335,1701,594,668
SZ,002385,2017-01-03 10:01:18,7.1800,1,1436.0000,2,B,7.1700,7.1600,7.1500,7.1400,7.1300,7.1800,7.1900,7.2000,7.2100,7.2200,730,914,1051,535,1570,602,1335,1701,599,668
SZ,002385,2017-01-03 10:01:21,7.1800,3,80956.0000,113,B,7.1700,7.1600,7.1500,7.1400,7.1300,7.1800,7.1900,7.2000,7.2100,7.2200,632,914,1051,535,1570,802,1345,1691,609,668
SZ,002385,2017-01-03 10:01:24,7.1700,3,115436.0000,161,S,7.1700,7.1600,7.1500,7.1400,7.1300,7.1800,7.1900,7.2000,7.2100,7.2200,521,914,1051,535,1580,822,1358,1691,625,668
SZ,002385,2017-01-03 10:01:27,7.1800,5,10772.0000,15,B,7.1700,7.1600,7.1500,7.1400,7.1300,7.1800,7.1900,7.2000,7.2100,7.2200,568,914,1051,740,1580,827,1358,1561,625,668
SZ,002385,2017-01-03 10:01:30,7.1800,1,2872.0000,4,B,7.1700,7.1600,7.1500,7.1400,7.1300,7.1800,7.1900,7.2000,7.2100,7.2200,568,914,1051,740,1590,823,1358,1571,625,668
SZ,002385,2017-01-03 10:01:33,7.1700,4,46648.0000,65,S,7.1700,7.1600,7.1500,7.1400,7.1300,7.1800,7.1900,7.2000,7.2100,7.2200,550,914,548,740,1590,1016,1339,1571,625,668
SZ,002385,2017-01-03 10:01:39,7.1800,8,78200.0000,109,B,7.1700,7.1600,7.1500,7.1400,7.1300,7.1800,7.1900,7.2000,7.2100,7.2200,516,914,548,740,1795,1101,1339,1581,625,730
SZ,002385,2017-01-03 10:01:45,7.1700,18,374060.0000,521,S,7.1700,7.1600,7.1500,7.1400,7.1300,7.1800,7.1900,7.2000,7.2100,7.2200,470,914,558,740,1795,708,1339,1561,635,730
SZ,002385,2017-01-03 10:01:48,7.1700,2,12188.0000,17,S,7.1700,7.1600,7.1500,7.1400,7.1300,7.1800,7.1900,7.2000,7.2100,7.2200,468,904,558,740,1785,761,1334,1561,635,730
SZ,002385,2017-01-03 10:01:51,7.1700,1,5736.0000,8,S,7.1700,7.1600,7.1500,7.1400,7.1300,7.1800,7.1900,7.2000,7.2100,7.2200,460,904,558,740,1785,774,1334,1561,635,730
SZ,002385,2017-01-03 10:01:57,7.1700,4,35176.0000,49,S,7.1700,7.1600,7.1500,7.1400,7.1300,7.1800,7.1900,7.2000,7.2100,7.2200,424,904,558,743,1795,775,1335,1561,635,760
SZ,002385,2017-01-03 10:02:03,7.1700,1,35852.0000,50,S,7.1700,7.1600,7.1500,7.1400,7.1300,7.1800,7.1900,7.2000,7.2100,7.2200,320,904,558,743,1795,855,1335,1571,635,760
SZ,002385,2017-01-03 10:02:06,7.1700,18,261066.0000,364,S,7.1600,7.1500,7.1400,7.1300,7.1200,7.1700,7.1800,7.1900,7.2000,7.2100,904,558,743,1795,1235,35,889,1335,1571,635
SZ,002385,2017-01-03 10:02:09,7.1800,3,55250.0000,77,B,7.1600,7.1500,7.1400,7.1300,7.1200,7.1800,7.1900,7.2000,7.2100,7.2200,904,558,743,1795,1235,1093,1335,1730,635,760
SZ,002385,2017-01-03 10:02:18,7.1700,1,10756.0000,15,B,7.1600,7.1500,7.1400,7.1300,7.1200,7.1700,7.1800,7.1900,7.2000,7.2100,904,558,743,1795,1235,42,1367,1335,1733,635
SZ,002385,2017-01-03 10:02:24,7.1700,6,47320.0000,66,B,7.1600,7.1500,7.1400,7.1300,7.1200,7.1700,7.1800,7.1900,7.2000,7.2100,899,564,743,1795,1235,69,1387,1335,1737,635
SZ,002385,2017-01-03 10:02:30,7.1700,2,17208.0000,24,B,7.1600,7.1500,7.1400,7.1300,7.1200,7.1700,7.1800,7.1900,7.2000,7.2100,899,564,743,1790,1235,188,1392,1375,1737,635
SZ,002385,2017-01-03 10:02:33,7.1700,2,31548.0000,44,B,7.1600,7.1500,7.1400,7.1300,7.1200,7.1700,7.1800,7.1900,7.2000,7.2100,910,564,743,1790,1235,258,1407,1375,1737,635
SZ,002385,2017-01-03 10:02:39,7.1700,2,30116.0000,42,B,7.1600,7.1500,7.1400,7.1300,7.1200,7.1700,7.1800,7.1900,7.2000,7.2100,910,124,743,1810,1235,233,1436,1345,1737,635
SZ,002385,2017-01-03 10:02:42,7.1700,3,22934.0000,32,B,7.1600,7.1500,7.1400,7.1300,7.1200,7.1700,7.1800,7.1900,7.2000,7.2100,901,124,783,1854,1235,220,1437,1345,1737,635
SZ,002385,2017-01-03 10:02:48,7.1700,6,41586.0000,58,B,7.1600,7.1500,7.1400,7.1300,7.1200,7.1700,7.1800,7.1900,7.2000,7.2100,901,124,783,1854,1235,779,1455,1345,1737,613
SZ,002385,2017-01-03 10:02:51,7.1600,1,2864.0000,4,S,7.1600,7.1500,7.1400,7.1300,7.1200,7.1700,7.1800,7.1900,7.2000,7.2100,897,124,783,1854,1235,779,1480,1345,1733,613
SZ,002385,2017-01-03 10:03:06,7.1600,1,3580.0000,5,S,7.1600,7.1500,7.1400,7.1300,7.1200,7.1700,7.1800,7.1900,7.2000,7.2100,941,124,883,1860,1235,1957,1604,1315,1738,563
SZ,002385,2017-01-03 10:03:09,7.1600,4,25776.0000,36,S,7.1600,7.1500,7.1400,7.1300,7.1200,7.1700,7.1800,7.1900,7.2000,7.2100,906,124,883,1860,1235,1956,1604,1276,1738,563
SZ,002385,2017-01-03 10:03:15,7.1600,1,7160.0000,10,S,7.1600,7.1500,7.1400,7.1300,7.1200,7.1700,7.1800,7.1900,7.2000,7.2100,901,124,883,1860,1235,1996,1404,1276,1738,563
SZ,002385,2017-01-03 10:03:18,7.1600,1,35800.0000,50,S,7.1600,7.1500,7.1400,7.1300,7.1200,7.1700,7.1800,7.1900,7.2000,7.2100,851,124,883,1860,1235,1996,1384,1276,1738,598
SZ,002385,2017-01-03 10:03:21,7.1600,1,7160.0000,10,S,7.1600,7.1500,7.1400,7.1300,7.1200,7.1700,7.1800,7.1900,7.2000,7.2100,841,124,927,1860,1235,2016,1384,1276,1758,598
SZ,002385,2017-01-03 10:03:24,7.1700,1,1436.0000,2,B,7.1600,7.1500,7.1400,7.1300,7.1200,7.1700,7.1800,7.1900,7.2000,7.2100,841,124,927,1860,1235,2014,1382,1276,1758,598
SZ,002385,2017-01-03 10:03:27,7.1600,1,93080.0000,130,S,7.1600,7.1500,7.1400,7.1300,7.1200,7.1700,7.1800,7.1900,7.2000,7.2100,711,124,927,1860,1235,1964,1382,1288,1758,598
SZ,002385,2017-01-03 10:03:30,7.1700,3,35848.0000,50,B,7.1600,7.1500,7.1400,7.1300,7.1200,7.1700,7.1800,7.1900,7.2000,7.2100,711,124,927,1860,1254,1909,1382,1288,1629,598
SZ,002385,2017-01-03 10:03:36,7.1600,1,2148.0000,3,S,7.1600,7.1500,7.1400,7.1300,7.1200,7.1700,7.1800,7.1900,7.2000,7.2100,781,124,931,1860,1254,1941,1382,1271,1629,584
SZ,002385,2017-01-03 10:03:45,7.1600,2,86636.0000,121,S,7.1600,7.1500,7.1400,7.1300,7.1200,7.1700,7.1800,7.1900,7.2000,7.2100,669,225,925,1390,1246,2021,1382,1271,1629,561
SZ,002385,2017-01-03 10:03:48,7.1600,1,10024.0000,14,S,7.1600,7.1500,7.1400,7.1300,7.1200,7.1700,7.1800,7.1900,7.2000,7.2100,714,225,925,1390,1246,2051,1382,1271,1629,561
SZ,002385,2017-01-03 10:03:51,7.1600,1,35800.0000,50,S,7.1600,7.1500,7.1400,7.1300,7.1200,7.1700,7.1800,7.1900,7.2000,7.2100,664,225,925,1390,1246,2237,1182,1271,1629,561
SZ,002385,2017-01-03 10:03:54,7.1600,7,358000.0000,500,S,7.1600,7.1500,7.1400,7.1300,7.1200,7.1700,7.1800,7.1900,7.2000,7.2100,164,225,921,1390,1246,2237,1152,1271,1629,561
SZ,002385,2017-01-03 10:03:57,7.1600,2,15056.0000,21,S,7.1600,7.1500,7.1400,7.1300,7.1200,7.1700,7.1800,7.1900,7.2000,7.2100,143,235,921,1390,1246,2219,1152,1271,1629,561
SZ,002385,2017-01-03 10:04:00,7.1600,8,131068.0000,183,S,7.1500,7.1400,7.1300,7.1200,7.1100,7.1600,7.1700,7.1800,7.1900,7.2000,235,921,1390,1246,2222,183,2179,1152,1271,1629
SZ,002385,2017-01-03 10:04:03,7.1600,5,134608.0000,188,B,7.1500,7.1400,7.1300,7.1200,7.1100,7.1600,7.1700,7.1800,7.1900,7.2000,239,921,1390,1246,2222,15,2227,1152,1283,1629
SZ,002385,2017-01-03 10:04:06,7.1600,5,71612.0000,100,B,7.1600,7.1500,7.1400,7.1300,7.1200,7.1700,7.1800,7.1900,7.2000,7.2100,457,239,921,1390,1246,2213,1152,1283,1629,571
SZ,002385,2017-01-03 10:04:09,7.1600,3,41528.0000,58,S,7.1600,7.1500,7.1400,7.1300,7.1200,7.1700,7.1800,7.1900,7.2000,7.2100,405,239,921,1390,1246,2221,1152,1306,1629,571
SZ,002385,2017-01-03 10:04:15,7.1600,2,12888.0000,18,S,7.1600,7.1500,7.1400,7.1300,7.1200,7.1700,7.1800,7.1900,7.2000,7.2100,387,239,921,1411,1246,2221,1112,1306,1649,1071
SZ,002385,2017-01-03 10:04:24,7.1600,2,42244.0000,59,S,7.1600,7.1500,7.1400,7.1300,7.1200,7.1700,7.1800,7.1900,7.2000,7.2100,328,267,986,1411,1246,2256,1107,1306,1669,1128
SZ,002385,2017-01-03 10:04:27,7.1700,1,143400.0000,200,B,7.1600,7.1500,7.1400,7.1300,7.1200,7.1700,7.1800,7.1900,7.2000,7.2100,328,267,986,1411,1246,2056,1107,1307,1669,1128
SZ,002385,2017-01-03 10:04:30,7.1600,2,68020.0000,95,S,7.1600,7.1500,7.1400,7.1300,7.1200,7.1700,7.1800,7.1900,7.2000,7.2100,233,267,986,1408,1246,2071,1167,1337,1669,1128
SZ,002385,2017-01-03 10:04:33,7.1600,4,197660.0000,276,S,7.1500,7.1400,7.1300,7.1200,7.1100,7.1600,7.1700,7.1800,7.1900,7.2000,277,986,1408,1246,2222,194,2028,1110,1329,1669
SZ,002385,2017-01-03 10:04:36,7.1600,2,143200.0000,200,B,7.1500,7.1400,7.1300,7.1200,7.1100,7.1600,7.1700,7.1800,7.1900,7.2000,277,986,1408,1246,2222,1,2028,1110,1329,1669
SZ,002385,2017-01-03 10:04:45,7.1600,3,10740.0000,15,B,7.1500,7.1400,7.1300,7.1200,7.1100,7.1600,7.1700,7.1800,7.1900,7.2000,277,991,1408,1246,2222,16,2028,1064,1329,1669
SZ,002385,2017-01-03 10:04:51,7.1600,1,10740.0000,15,B,7.1500,7.1400,7.1300,7.1200,7.1100,7.1600,7.1700,7.1800,7.1900,7.2000,277,991,1408,1300,2222,172,2006,1064,1329,1659
SZ,002385,2017-01-03 10:04:54,7.1600,1,28640.0000,40,B,7.1500,7.1400,7.1300,7.1200,7.1100,7.1600,7.1700,7.1800,7.1900,7.2000,277,991,1408,1300,2222,131,2046,1064,1329,1659
SZ,002385,2017-01-03 10:05:09,7.1600,1,2148.0000,3,B,7.1500,7.1400,7.1300,7.1200,7.1100,7.1600,7.1700,7.1800,7.1900,7.2000,277,991,1408,1300,2222,200,2410,1074,1329,1659
SZ,002385,2017-01-03 10:05:15,7.1600,2,17900.0000,25,B,7.1500,7.1400,7.1300,7.1200,7.1100,7.1600,7.1700,7.1800,7.1900,7.2000,322,991,1408,1300,2222,195,2360,1069,1329,1659
SZ,002385,2017-01-03 10:05:18,7.1500,1,10724.0000,15,S,7.1500,7.1400,7.1300,7.1200,7.1100,7.1600,7.1700,7.1800,7.1900,7.2000,395,991,1408,1300,2222,195,2360,1189,1329,1663
SZ,002385,2017-01-03 10:05:39,7.1500,2,1432.0000,2,S,7.1500,7.1400,7.1300,7.1200,7.1100,7.1600,7.1700,7.1800,7.1900,7.2000,446,986,1422,1300,2221,354,2360,1169,1336,1648
SZ,002385,2017-01-03 10:05:51,7.1500,1,714.0000,1,S,7.1500,7.1400,7.1300,7.1200,7.1100,7.1600,7.1700,7.1800,7.1900,7.2000,435,986,1422,1300,2221,428,2360,1190,1346,1841
SZ,002385,2017-01-03 10:05:57,7.1500,1,4290.0000,6,S,7.1500,7.1400,7.1300,7.1200,7.1100,7.1600,7.1700,7.1800,7.1900,7.2000,429,986,1422,1300,2221,428,2360,1220,1346,1851
SZ,002385,2017-01-03 10:06:00,7.1500,3,7150.0000,10,S,7.1500,7.1400,7.1300,7.1200,7.1100,7.1600,7.1700,7.1800,7.1900,7.2000,419,986,1422,1300,2242,434,2360,1220,1346,1771
SZ,002385,2017-01-03 10:06:06,7.1500,1,2860.0000,4,S,7.1500,7.1400,7.1300,7.1200,7.1100,7.1600,7.1700,7.1800,7.1900,7.2000,453,986,1463,1300,2242,434,2360,1285,1346,1791
SZ,002385,2017-01-03 10:06:15,7.1500,7,45066.0000,63,S,7.1500,7.1400,7.1300,7.1200,7.1100,7.1600,7.1700,7.1800,7.1900,7.2000,389,986,1463,1300,2242,434,2320,1365,1376,1791
SZ,002385,2017-01-03 10:06:24,7.1600,1,30788.0000,43,B,7.1500,7.1400,7.1300,7.1200,7.1100,7.1600,7.1700,7.1800,7.1900,7.2000,346,979,1453,1300,2242,391,2280,1365,1376,1791
SZ,002385,2017-01-03 10:06:30,7.1500,1,1430.0000,2,S,7.1500,7.1400,7.1300,7.1200,7.1100,7.1600,7.1700,7.1800,7.1900,7.2000,644,979,1453,1300,2242,341,2280,1365,1376,1791
SZ,002385,2017-01-03 10:06:33,7.1600,3,35800.0000,50,B,7.1500,7.1400,7.1300,7.1200,7.1100,7.1600,7.1700,7.1800,7.1900,7.2000,654,979,1453,1300,2242,291,2280,1365,1376,1791
SZ,002385,2017-01-03 10:06:42,7.1600,3,30072.0000,42,B,7.1500,7.1400,7.1300,7.1200,7.1100,7.1600,7.1700,7.1800,7.1900,7.2000,708,999,1453,1300,2242,329,2280,1350,1376,1791
SZ,002385,2017-01-03 10:06:45,7.1500,4,5720.0000,8,S,7.1500,7.1400,7.1300,7.1200,7.1100,7.1600,7.1700,7.1800,7.1900,7.2000,700,999,1453,1300,2242,329,2270,1350,1376,1841
SZ,002385,2017-01-03 10:06:48,7.1600,2,10024.0000,14,B,7.1500,7.1400,7.1300,7.1200,7.1100,7.1600,7.1700,7.1800,7.1900,7.2000,712,999,1453,1300,2242,337,2270,1350,1376,1871
SZ,002385,2017-01-03 10:06:54,7.1600,6,57280.0000,80,B,7.1500,7.1400,7.1300,7.1200,7.1100,7.1600,7.1700,7.1800,7.1900,7.2000,967,1019,1453,1300,2242,244,2270,1350,1376,1871
SZ,002385,2017-01-03 10:07:09,7.1600,1,14320.0000,20,B,7.1500,7.1400,7.1300,7.1200,7.1100,7.1600,7.1700,7.1800,7.1900,7.2000,967,919,1453,1300,2242,184,2240,1347,1400,1898
SZ,002385,2017-01-03 10:07:12,7.1600,4,71600.0000,100,B,7.1500,7.1400,7.1300,7.1200,7.1100,7.1600,7.1700,7.1800,7.1900,7.2000,967,919,1453,1300,2242,84,2240,1347,1400,1898
SZ,002385,2017-01-03 10:07:15,7.1600,3,9308.0000,13,B,7.1500,7.1400,7.1300,7.1200,7.1100,7.1600,7.1700,7.1800,7.1900,7.2000,967,919,1453,1300,2242,71,2280,1347,1400,1898
SZ,002385,2017-01-03 10:07:21,7.1600,1,1432.0000,2,B,7.1500,7.1400,7.1300,7.1200,7.1100,7.1600,7.1700,7.1800,7.1900,7.2000,967,919,1453,1300,2242,69,2280,1347,1430,1898
SZ,002385,2017-01-03 10:07:27,7.1600,4,49404.0000,69,B,7.1600,7.1500,7.1400,7.1300,7.1200,7.1700,7.1800,7.1900,7.2000,7.2100,1,967,919,1453,1300,2280,1349,1430,1898,1293
SZ,002385,2017-01-03 10:07:33,7.1600,4,38664.0000,54,S,7.1600,7.1500,7.1400,7.1300,7.1200,7.1700,7.1800,7.1900,7.2000,7.2100,1,967,919,1453,1300,2296,1349,1430,1898,1293
SZ,002385,2017-01-03 10:07:57,7.1600,1,716.0000,1,S,7.1500,7.1400,7.1300,7.1200,7.1100,7.1600,7.1700,7.1800,7.1900,7.2000,1154,934,1453,1319,2302,56,2224,1349,1460,1897
SZ,002385,2017-01-03 10:08:00,7.1600,1,7160.0000,10,B,7.1500,7.1400,7.1300,7.1200,7.1100,7.1600,7.1700,7.1800,7.1900,7.2000,1155,934,1464,1319,2302,46,2224,1349,1460,1897
SZ,002385,2017-01-03 10:08:03,7.1600,2,32936.0000,46,B,7.1600,7.1500,7.1400,7.1300,7.1200,7.1700,7.1800,7.1900,7.2000,7.2100,18,1155,934,1464,1319,2224,1349,1460,1897,1293
SZ,002385,2017-01-03 10:08:09,7.1600,2,9308.0000,13,S,7.1600,7.1500,7.1400,7.1300,7.1200,7.1700,7.1800,7.1900,7.2000,7.2100,5,1155,934,1464,1319,2224,1354,1460,1897,1293
SZ,002385,2017-01-03 10:08:21,7.1600,3,13604.0000,19,S,7.1500,7.1400,7.1300,7.1200,7.1100,7.1600,7.1700,7.1800,7.1900,7.2000,1155,934,1464,1319,2302,981,2224,1454,1460,1917
SZ,002385,2017-01-03 10:08:24,7.1600,2,4296.0000,6,B,7.1500,7.1400,7.1300,7.1200,7.1100,7.1600,7.1700,7.1800,7.1900,7.2000,1179,944,1464,1329,2302,975,2224,1454,1460,1917
SZ,002385,2017-01-03 10:08:27,7.1600,1,5012.0000,7,B,7.1500,7.1400,7.1300,7.1200,7.1100,7.1600,7.1700,7.1800,7.1900,7.2000,1179,944,1464,1319,2302,992,2224,1454,1460,1917
SZ,002385,2017-01-03 10:08:39,7.1600,1,2864.0000,4,B,7.1500,7.1400,7.1300,7.1200,7.1100,7.1600,7.1700,7.1800,7.1900,7.2000,1184,944,1464,1319,2302,988,2224,1469,1460,1917
SZ,002385,2017-01-03 10:09:03,7.1600,1,4296.0000,6,B,7.1500,7.1400,7.1300,7.1200,7.1100,7.1600,7.1700,7.1800,7.1900,7.2000,1153,1217,1464,1319,2300,1204,2184,1469,1480,1967
SZ,002385,2017-01-03 10:09:06,7.1500,2,14300.0000,20,S,7.1500,7.1400,7.1300,7.1200,7.1100,7.1600,7.1700,7.1800,7.1900,7.2000,1133,1217,1464,1319,2300,1244,2184,1499,1480,1967
SZ,002385,2017-01-03 10:09:09,7.1600,2,22182.0000,31,B,7.1500,7.1400,7.1300,7.1200,7.1100,7.1600,7.1700,7.1800,7.1900,7.2000,1118,1217,1455,1319,2300,1228,2184,1499,1480,1967
SZ,002385,2017-01-03 10:09:12,7.1500,1,1428.0000,2,S,7.1500,7.1400,7.1300,7.1200,7.1100,7.1600,7.1700,7.1800,7.1900,7.2000,1126,1217,1455,1319,2300,1233,2184,1499,1480,1937
SZ,002385,2017-01-03 10:09:15,7.1600,1,6444.0000,9,B,7.1500,7.1400,7.1300,7.1200,7.1100,7.1600,7.1700,7.1800,7.1900,7.2000,1132,1217,1455,1321,2300,1224,2184,1499,1480,1937
SZ,002385,2017-01-03 10:09:33,7.1500,5,71500.0000,100,S,7.1500,7.1400,7.1300,7.1200,7.1100,7.1600,7.1700,7.1800,7.1900,7.2000,1042,1210,1460,1331,2350,1224,2194,1492,1480,1967
SZ,002385,2017-01-03 10:09:36,7.1500,3,10732.0000,15,S,7.1500,7.1400,7.1300,7.1200,7.1100,7.1600,7.1700,7.1800,7.1900,7.2000,1032,1210,1460,1331,2350,1234,2194,1492,1480,1967
SZ,002385,2017-01-03 10:09:48,7.1600,2,14320.0000,20,B,7.1500,7.1400,7.1300,7.1200,7.1100,7.1600,7.1700,7.1800,7.1900,7.2000,1032,1210,1460,1331,2361,1214,2204,1492,1640,1967
SZ,002385,2017-01-03 10:10:00,7.1600,1,3580.0000,5,B,7.1500,7.1400,7.1300,7.1200,7.1100,7.1600,7.1700,7.1800,7.1900,7.2000,1028,1210,1460,1341,2361,1209,2204,1492,1640,1987
SZ,002385,2017-01-03 10:10:03,7.1600,1,14320.0000,20,B,7.1500,7.1400,7.1300,7.1200,7.1100,7.1600,7.1700,7.1800,7.1900,7.2000,1028,1238,1460,1341,2361,1189,2207,1492,1640,1987
SZ,002385,2017-01-03 10:10:18,7.1600,3,27170.0000,38,B,7.1500,7.1400,7.1300,7.1200,7.1100,7.1600,7.1700,7.1800,7.1900,7.2000,1018,1238,1460,1353,2426,1188,2207,1494,1640,1990
SZ,002385,2017-01-03 10:10:21,7.1500,1,3574.0000,5,S,7.1500,7.1400,7.1300,7.1200,7.1100,7.1600,7.1700,7.1800,7.1900,7.2000,1013,1238,1460,1378,2426,1188,2207,1494,1640,1990
SZ,002385,2017-01-03 10:10:24,7.1600,1,1432.0000,2,B,7.1500,7.1400,7.1300,7.1200,7.1100,7.1600,7.1700,7.1800,7.1900,7.2000,1013,1238,1460,1378,2426,1186,2207,1494,1640,1990
SZ,002385,2017-01-03 10:10:45,7.1600,1,4296.0000,6,B,7.1500,7.1400,7.1300,7.1200,7.1100,7.1600,7.1700,7.1800,7.1900,7.2000,1043,1238,1209,1418,2426,1250,2207,1496,1640,1961
SZ,002385,2017-01-03 10:10:54,7.1600,1,21480.0000,30,B,7.1500,7.1400,7.1300,7.1200,7.1100,7.1600,7.1700,7.1800,7.1900,7.2000,1043,1238,1209,1418,2426,1280,2207,1540,1640,1966
SZ,002385,2017-01-03 10:11:18,7.1500,1,7152.0000,10,S,7.1500,7.1400,7.1300,7.1200,7.1100,7.1600,7.1700,7.1800,7.1900,7.2000,1043,1244,1221,1419,2326,1289,2207,1550,1690,1968
SZ,002385,2017-01-03 10:11:21,7.1500,2,14300.0000,20,S,7.1500,7.1400,7.1300,7.1200,7.1100,7.1600,7.1700,7.1800,7.1900,7.2000,1023,1244,1221,1429,2326,1289,2207,1550,1690,1968
SZ,002385,2017-01-03 10:11:27,7.1600,2,7876.0000,11,B,7.1500,7.1400,7.1300,7.1200,7.1100,7.1600,7.1700,7.1800,7.1900,7.2000,1033,1244,1221,1429,2326,1278,2212,1550,1690,1968
SZ,002385,2017-01-03 10:11:39,7.1500,5,50048.0000,70,S,7.1500,7.1400,7.1300,7.1200,7.1100,7.1600,7.1700,7.1800,7.1900,7.2000,963,1246,1221,1659,2326,1278,2212,1550,1690,1968
SZ,002385,2017-01-03 10:11:45,7.1600,1,200480.0000,280,B,7.1500,7.1400,7.1300,7.1200,7.1100,7.1600,7.1700,7.1800,7.1900,7.2000,973,1246,1221,1649,2326,998,2212,1550,1740,1968
SZ,002385,2017-01-03 10:12:06,7.1600,1,2148.0000,3,B,7.1500,7.1400,7.1300,7.1200,7.1100,7.1600,7.1700,7.1800,7.1900,7.2000,1001,1246,1221,1659,2299,995,2197,1520,1740,2018
SZ,002385,2017-01-03 10:12:09,7.1500,1,1432.0000,2,S,7.1500,7.1400,7.1300,7.1200,7.1100,7.1600,7.1700,7.1800,7.1900,7.2000,999,1246,1221,1659,2299,995,2197,1520,1740,2018
SZ,002385,2017-01-03 10:12:15,7.1600,1,6444.0000,9,B,7.1500,7.1400,7.1300,7.1200,7.1100,7.1600,7.1700,7.1800,7.1900,7.2000,1004,1247,1221,1659,2299,986,2197,1520,1740,2018
SZ,002385,2017-01-03 10:12:33,7.1600,1,71600.0000,100,B,7.1500,7.1400,7.1300,7.1200,7.1100,7.1600,7.1700,7.1800,7.1900,7.2000,1006,1249,1221,1659,2299,900,2203,1520,1740,2027
SZ,002385,2017-01-03 10:12:39,7.1600,2,14320.0000,20,B,7.1500,7.1400,7.1300,7.1200,7.1100,7.1600,7.1700,7.1800,7.1900,7.2000,1006,1249,1221,1659,2329,856,2203,1520,1740,2027
SZ,002385,2017-01-03 10:12:42,7.1500,1,107248.0000,150,S,7.1500,7.1400,7.1300,7.1200,7.1100,7.1600,7.1700,7.1800,7.1900,7.2000,856,1249,1221,1659,2329,876,2203,1520,1740,2027
SZ,002385,2017-01-03 10:12:45,7.1600,1,1432.0000,2,B,7.1500,7.1400,7.1300,7.1200,7.1100,7.1600,7.1700,7.1800,7.1900,7.2000,856,1249,1221,1669,2329,874,2203,1520,1740,2027
SZ,002385,2017-01-03 10:12:51,7.1600,1,3580.0000,5,B,7.1500,7.1400,7.1300,7.1200,7.1100,7.1600,7.1700,7.1800,7.1900,7.2000,856,1249,1221,1669,2329,869,2203,1520,1740,2027
SZ,002385,2017-01-03 10:12:57,7.1500,1,5006.0000,7,S,7.1500,7.1400,7.1300,7.1200,7.1100,7.1600,7.1700,7.1800,7.1900,7.2000,896,1249,1221,1669,2329,869,2203,1520,1740,2027
SZ,002385,2017-01-03 10:13:00,7.1600,3,50836.0000,71,B,7.1500,7.1400,7.1300,7.1200,7.1100,7.1600,7.1700,7.1800,7.1900,7.2000,896,1249,1221,1669,2329,798,2203,1520,1740,2027
SZ,002385,2017-01-03 10:13:09,7.1600,1,7160.0000,10,B,7.1500,7.1400,7.1300,7.1200,7.1100,7.1600,7.1700,7.1800,7.1900,7.2000,909,1249,1231,1669,2334,818,2203,1530,1740,2027
SZ,002385,2017-01-03 10:13:21,7.1600,1,1432.0000,2,B,7.1500,7.1400,7.1300,7.1200,7.1100,7.1600,7.1700,7.1800,7.1900,7.2000,1329,1249,1231,1669,2334,851,2203,1571,1740,2027
SZ,002385,2017-01-03 10:13:24,7.1500,1,17160.0000,24,S,7.1500,7.1400,7.1300,7.1200,7.1100,7.1600,7.1700,7.1800,7.1900,7.2000,1305,1265,1231,1669,2334,851,2203,1571,1740,2027
SZ,002385,2017-01-03 10:13:30,7.1600,1,21480.0000,30,B,7.1500,7.1400,7.1300,7.1200,7.1100,7.1600,7.1700,7.1800,7.1900,7.2000,1305,1265,1231,1790,2334,821,2203,1562,1740,2027
SZ,002385,2017-01-03 10:13:39,7.1600,1,71600.0000,100,B,7.1500,7.1400,7.1300,7.1200,7.1100,7.1600,7.1700,7.1800,7.1900,7.2000,905,1265,1231,1790,2334,730,2203,1562,1740,2027
SZ,002385,2017-01-03 10:13:45,7.1600,1,90932.0000,127,B,7.1500,7.1400,7.1300,7.1200,7.1100,7.1600,7.1700,7.1800,7.1900,7.2000,912,1265,1231,1790,2334,563,2201,1562,1740,2089
SZ,002385,2017-01-03 10:13:48,7.1600,1,34368.0000,48,B,7.1500,7.1400,7.1300,7.1200,7.1100,7.1600,7.1700,7.1800,7.1900,7.2000,912,1295,1231,1790,2334,615,2201,1562,1740,2089
SZ,002385,2017-01-03 10:13:54,7.1600,17,368024.0000,514,B,7.1500,7.1400,7.1300,7.1200,7.1100,7.1600,7.1700,7.1800,7.1900,7.2000,924,1295,1231,1790,2334,125,2201,1562,1990,2089
SZ,002385,2017-01-03 10:14:00,7.1600,2,1432.0000,2,B,7.1500,7.1400,7.1300,7.1200,7.1100,7.1600,7.1700,7.1800,7.1900,7.2000,919,1295,1231,1790,2334,153,2201,1562,1990,2089
SZ,002385,2017-01-03 10:14:03,7.1600,1,70884.0000,99,B,7.1500,7.1400,7.1300,7.1200,7.1100,7.1600,7.1700,7.1800,7.1900,7.2000,919,1295,1231,1790,2344,54,2201,1562,1990,2089
SZ,002385,2017-01-03 10:14:06,7.1600,3,39310.0000,55,B,7.1600,7.1500,7.1400,7.1300,7.1200,7.1700,7.1800,7.1900,7.2000,7.2100,45,1039,1295,1231,1790,2201,1562,1990,2089,1273
SZ,002385,2017-01-03 10:14:18,7.1600,5,73032.0000,102,S,7.1600,7.1500,7.1400,7.1300,7.1200,7.1700,7.1800,7.1900,7.2000,7.2100,13,1093,1292,1231,1790,2381,1552,1990,2089,1171
SZ,002385,2017-01-03 10:14:27,7.1600,2,7160.0000,10,S,7.1600,7.1500,7.1400,7.1300,7.1200,7.1700,7.1800,7.1900,7.2000,7.2100,103,1126,1384,1231,1790,2411,1552,1990,2089,1171
SZ,002385,2017-01-03 10:14:30,7.1600,4,89570.0000,125,S,7.1500,7.1400,7.1300,7.1200,7.1100,7.1600,7.1700,7.1800,7.1900,7.2000,1126,1384,1231,1790,2330,893,2411,1552,1990,2099
SZ,002385,2017-01-03 10:14:33,7.1600,1,107400.0000,150,B,7.1500,7.1400,7.1300,7.1200,7.1100,7.1600,7.1700,7.1800,7.1900,7.2000,1126,1384,1231,1790,2330,743,2411,1552,1990,2099
SZ,002385,2017-01-03 10:14:36,7.1600,1,21480.0000,30,B,7.1500,7.1400,7.1300,7.1200,7.1100,7.1600,7.1700,7.1800,7.1900,7.2000,1276,1321,1231,1790,2340,713,2411,1552,1990,2099
SZ,002385,2017-01-03 10:14:39,7.1500,1,60268.0000,85,S,7.1500,7.1400,7.1300,7.1200,7.1100,7.1600,7.1700,7.1800,7.1900,7.2000,1192,1321,1231,1790,2340,723,2411,1552,1990,2099
SZ,002385,2017-01-03 10:14:42,7.1500,2,13598.0000,19,S,7.1500,7.1400,7.1300,7.1200,7.1100,7.1600,7.1700,7.1800,7.1900,7.2000,1196,1321,1231,1790,2340,709,2411,1552,1990,2099
SZ,002385,2017-01-03 10:14:45,7.1600,10,55794.0000,78,B,7.1500,7.1400,7.1300,7.1200,7.1100,7.1600,7.1700,7.1800,7.1900,7.2000,1141,1321,1231,1790,2340,686,2411,1552,1990,2099
SZ,002385,2017-01-03 10:14:48,7.1600,2,78740.0000,110,B,7.1500,7.1400,7.1300,7.1200,7.1100,7.1600,7.1700,7.1800,7.1900,7.2000,971,1321,1231,1790,2340,624,2381,1552,1990,2099
SZ,002385,2017-01-03 10:15:21,7.1600,1,14320.0000,20,B,7.1500,7.1400,7.1300,7.1200,7.1100,7.1600,7.1700,7.1800,7.1900,7.2000,982,1315,1231,1510,2340,632,2381,1572,1983,2099
SZ,002385,2017-01-03 10:15:27,7.1600,1,21480.0000,30,B,7.1500,7.1400,7.1300,7.1200,7.1100,7.1600,7.1700,7.1800,7.1900,7.2000,983,1315,1242,1510,2340,622,2381,1572,1983,2089
SZ,002385,2017-01-03 10:15:30,7.1600,1,6444.0000,9,B,7.1500,7.1400,7.1300,7.1200,7.1100,7.1600,7.1700,7.1800,7.1900,7.2000,983,1315,1242,1510,2340,613,2381,1572,1983,2089
SZ,002385,2017-01-03 10:15:39,7.1500,1,60266.0000,84,S,7.1500,7.1400,7.1300,7.1200,7.1100,7.1600,7.1700,7.1800,7.1900,7.2000,889,1325,1242,1510,2340,613,2381,1572,1983,2089
SZ,002385,2017-01-03 10:15:42,7.1600,1,7876.0000,11,B,7.1500,7.1400,7.1300,7.1200,7.1100,7.1600,7.1700,7.1800,7.1900,7.2000,889,1333,1242,1610,2340,602,2381,1572,1983,2089
SZ,002385,2017-01-03 10:15:45,7.1600,1,716.0000,1,B,7.1500,7.1400,7.1300,7.1200,7.1100,7.1600,7.1700,7.1800,7.1900,7.2000,899,1333,1222,1610,2340,601,2381,1572,1983,2089
SZ,002385,2017-01-03 10:15:51,7.1600,2,37900.0000,53,B,7.1500,7.1400,7.1300,7.1200,7.1100,7.1600,7.1700,7.1800,7.1900,7.2000,856,1333,1222,1614,2340,598,2381,1572,1983,2089
SZ,002385,2017-01-03 10:15:54,7.1500,2,60794.0000,85,S,7.1500,7.1400,7.1300,7.1200,7.1100,7.1600,7.1700,7.1800,7.1900,7.2000,797,1333,1222,1690,2340,578,2381,1572,1983,2089
SZ,002385,2017-01-03 10:15:57,7.1600,1,2148.0000,3,B,7.1500,7.1400,7.1300,7.1200,7.1100,7.1600,7.1700,7.1800,7.1900,7.2000,797,1333,1222,1690,2340,595,2381,1572,1983,2089
SZ,002385,2017-01-03 10:16:06,7.1600,2,14320.0000,20,B,7.1500,7.1400,7.1300,7.1200,7.1100,7.1600,7.1700,7.1800,7.1900,7.2000,802,1340,1222,1690,2340,600,2381,1572,1983,2089
SZ,002385,2017-01-03 10:16:09,7.1600,1,71600.0000,100,B,7.1500,7.1400,7.1300,7.1200,7.1100,7.1600,7.1700,7.1800,7.1900,7.2000,804,1340,1172,1690,2340,520,2381,1572,1983,2089
SZ,002385,2017-01-03 10:16:15,7.1600,1,143200.0000,200,B,7.1500,7.1400,7.1300,7.1200,7.1100,7.1600,7.1700,7.1800,7.1900,7.2000,824,1340,1172,1690,2340,344,2384,1577,1983,2089
SZ,002385,2017-01-03 10:16:18,7.1600,1,7160.0000,10,B,7.1500,7.1400,7.1300,7.1200,7.1100,7.1600,7.1700,7.1800,7.1900,7.2000,814,1343,1172,1690,2360,384,2384,1577,1983,2089
SZ,002385,2017-01-03 10:16:24,7.1600,1,71600.0000,100,B,7.1500,7.1400,7.1300,7.1200,7.1100,7.1600,7.1700,7.1800,7.1900,7.2000,830,1343,1152,1690,2360,284,2384,1567,1983,2089
SZ,002385,2017-01-03 10:16:27,7.1600,2,11446.0000,16,B,7.1500,7.1400,7.1300,7.1200,7.1100,7.1600,7.1700,7.1800,7.1900,7.2000,820,1343,1152,1690,2360,278,2384,1569,2089,2089
SZ,002385,2017-01-03 10:16:30,7.1600,1,15752.0000,22,B,7.1500,7.1400,7.1300,7.1200,7.1100,7.1600,7.1700,7.1800,7.1900,7.2000,841,1343,1152,1690,2370,266,2384,1569,2089,2089
SZ,002385,2017-01-03 10:16:39,7.1500,2,60276.0000,84,S,7.1500,7.1400,7.1300,7.1200,7.1100,7.1600,7.1700,7.1800,7.1900,7.2000,787,1343,1133,1690,2370,266,2384,1569,2089,2089
SZ,002385,2017-01-03 10:16:45,7.1600,4,25060.0000,35,B,7.1500,7.1400,7.1300,7.1200,7.1100,7.1600,7.1700,7.1800,7.1900,7.2000,787,1343,1133,1690,2370,331,2384,1569,2089,2089
SZ,002385,2017-01-03 10:16:48,7.1500,1,28600.0000,40,S,7.1500,7.1400,7.1300,7.1200,7.1100,7.1600,7.1700,7.1800,7.1900,7.2000,747,1343,1133,1690,2370,331,2384,1569,2089,2089
SZ,002385,2017-01-03 10:16:54,7.1600,15,244226.0000,341,B,7.1600,7.1500,7.1400,7.1300,7.1200,7.1700,7.1800,7.1900,7.2000,7.2100,6,727,1343,1138,1750,2384,1564,2089,2089,1221
SZ,002385,2017-01-03 10:17:00,7.1600,2,7806.0000,11,S,7.1500,7.1400,7.1300,7.1200,7.1100,7.1600,7.1700,7.1800,7.1900,7.2000,720,1348,1141,1750,2370,30,2384,1564,2089,2089
SZ,002385,2017-01-03 10:17:12,7.1600,2,21550.0000,30,B,7.1600,7.1500,7.1400,7.1300,7.1200,7.1700,7.1800,7.1900,7.2000,7.2100,14,735,1348,1141,1750,2385,1564,2089,2089,1221
SZ,002385,2017-01-03 10:17:15,7.1600,1,10670.0000,15,S,7.1500,7.1400,7.1300,7.1200,7.1100,7.1600,7.1700,7.1800,7.1900,7.2000,735,1348,1141,1750,2370,0,2385,1564,2089,2089
SZ,002385,2017-01-03 10:17:21,7.1600,2,7230.0000,10,S,7.1600,7.1500,7.1400,7.1300,7.1200,7.1700,7.1800,7.1900,7.2000,7.2100,24,1342,1348,1141,1750,2390,1564,2131,2089,1221
SZ,002385,2017-01-03 10:17:24,7.1700,2,48752.0000,68,B,7.1600,7.1500,7.1400,7.1300,7.1200,7.1700,7.1800,7.1900,7.2000,7.2100,20,1342,1348,1141,1750,2326,1564,2131,2089,1221
SZ,002385,2017-01-03 10:17:27,7.1600,1,7160.0000,10,S,7.1600,7.1500,7.1400,7.1300,7.1200,7.1700,7.1800,7.1900,7.2000,7.2100,10,1342,1348,1141,1750,2326,1564,2131,2089,1191
SZ,002385,2017-01-03 10:17:39,7.1600,3,22126.0000,31,S,7.1500,7.1400,7.1300,7.1200,7.1100,7.1600,7.1700,7.1800,7.1900,7.2000,1347,1348,1190,1760,2370,53,2326,1564,2131,2089
SZ,002385,2017-01-03 10:17:42,7.1600,1,6444.0000,9,B,7.1500,7.1400,7.1300,7.1200,7.1100,7.1600,7.1700,7.1800,7.1900,7.2000,1347,1348,1195,1765,2370,44,2326,1564,2131,2089
SZ,002385,2017-01-03 10:17:45,7.1600,1,10740.0000,15,B,7.1500,7.1400,7.1300,7.1200,7.1100,7.1600,7.1700,7.1800,7.1900,7.2000,1347,1348,1195,1765,2370,29,2326,1564,2131,2089
SZ,002385,2017-01-03 10:17:48,7.1700,3,75972.0000,106,B,7.1500,7.1400,7.1300,7.1200,7.1100,7.1700,7.1800,7.1900,7.2000,7.2100,1347,1348,1195,1765,2370,2249,1564,2131,2089,1191
SZ,002385,2017-01-03 10:17:57,7.1700,1,25812.0000,36,B,7.1600,7.1500,7.1400,7.1300,7.1200,7.1700,7.1800,7.1900,7.2000,7.2100,54,1367,1348,1195,1768,2213,1564,2131,2089,1191
SZ,002385,2017-01-03 10:18:09,7.1600,4,303976.0000,424,S,7.1600,7.1500,7.1400,7.1300,7.1200,7.1700,7.1800,7.1900,7.2000,7.2100,55,1367,1348,1200,1768,1869,1541,2131,2102,1191
SZ,002385,2017-01-03 10:18:12,7.1600,7,42244.0000,59,S,7.1500,7.1400,7.1300,7.1200,7.1100,7.1600,7.1700,7.1800,7.1900,7.2000,1386,1348,1200,1768,2376,41,2427,1541,2131,2102
SZ,002385,2017-01-03 10:18:27,7.1600,1,29356.0000,41,B,7.1600,7.1500,7.1400,7.1300,7.1200,7.1700,7.1800,7.1900,7.2000,7.2100,59,1470,1336,1203,1768,2427,1541,2146,2122,1173
SZ,002385,2017-01-03 10:18:39,7.1500,3,60330.0000,85,S,7.1500,7.1400,7.1300,7.1200,7.1100,7.1700,7.1800,7.1900,7.2000,7.2100,1453,1346,1203,1768,2356,2437,1521,2146,2122,1173
SZ,002385,2017-01-03 10:18:48,7.1600,1,7160.0000,10,S,7.1500,7.1400,7.1300,7.1200,7.1100,7.1600,7.1700,7.1800,7.1900,7.2000,1458,1346,1203,1768,2356,20,2457,1521,2146,2122
SZ,002385,2017-01-03 10:19:00,7.1600,2,20048.0000,28,B,7.1500,7.1400,7.1300,7.1200,7.1100,7.1600,7.1700,7.1800,7.1900,7.2000,1468,1355,1203,1768,2356,17,2537,1521,2146,2122
SZ,002385,2017-01-03 10:19:12,7.1500,3,22174.0000,31,S,7.1500,7.1400,7.1300,7.1200,7.1100,7.1600,7.1700,7.1800,7.1900,7.2000,1449,1355,1203,1768,2356,7,2598,1521,2146,2142
SZ,002385,2017-01-03 10:19:15,7.1600,2,5728.0000,8,B,7.1600,7.1500,7.1400,7.1300,7.1200,7.1700,7.1800,7.1900,7.2000,7.2100,2,1449,1355,1203,1768,2598,1521,2146,2142,1183
SZ,002385,2017-01-03 10:19:18,7.1500,3,52932.0000,74,S,7.1500,7.1400,7.1300,7.1200,7.1100,7.1700,7.1800,7.1900,7.2000,7.2100,1386,1355,1203,1770,2356,2589,1521,2146,2142,1183
SZ,002385,2017-01-03 10:19:30,7.1600,1,7160.0000,10,B,7.1500,7.1400,7.1300,7.1200,7.1100,7.1600,7.1700,7.1800,7.1900,7.2000,1286,1355,1203,1770,2356,5,2589,1521,2146,2142
SZ,002385,2017-01-03 10:19:36,7.1600,1,3580.0000,5,B,7.1600,7.1500,7.1400,7.1300,7.1200,7.1700,7.1800,7.1900,7.2000,7.2100,25,1286,1355,1203,1770,2589,1521,2146,2142,1183
SZ,002385,2017-01-03 10:19:39,7.1500,5,60292.0000,84,S,7.1500,7.1400,7.1300,7.1200,7.1100,7.1700,7.1800,7.1900,7.2000,7.2100,1227,1355,1203,1770,2357,2589,1521,2146,2142,1183
SZ,002385,2017-01-03 10:20:00,7.1600,1,4296.0000,6,S,7.1600,7.1500,7.1400,7.1300,7.1200,7.1700,7.1800,7.1900,7.2000,7.2100,14,1251,1355,1203,1777,2549,1522,2146,2142,1183
SZ,002385,2017-01-03 10:20:03,7.1600,1,10024.0000,14,S,7.1500,7.1400,7.1300,7.1200,7.1100,7.1600,7.1700,7.1800,7.1900,7.2000,1271,1355,1203,1777,2357,5,2549,1522,2146,2142
SZ,002385,2017-01-03 10:20:24,7.1600,3,5728.0000,8,B,7.1500,7.1400,7.1300,7.1200,7.1100,7.1600,7.1700,7.1800,7.1900,7.2000,1343,1355,1403,1770,2357,39,2549,1522,2176,2142
SZ,002385,2017-01-03 10:20:33,7.1500,2,8588.0000,12,S,7.1500,7.1400,7.1300,7.1200,7.1100,7.1600,7.1700,7.1800,7.1900,7.2000,1345,1355,1403,1770,2357,29,2549,1522,2176,2142
SZ,002385,2017-01-03 10:20:36,7.1600,1,20764.0000,29,B,7.1600,7.1500,7.1400,7.1300,7.1200,7.1700,7.1800,7.1900,7.2000,7.2100,340,1345,1644,1403,1770,2549,1492,2176,2158,1183
SZ,002385,2017-01-03 10:20:39,7.1600,1,60352.0000,84,S,7.1600,7.1500,7.1400,7.1300,7.1200,7.1700,7.1800,7.1900,7.2000,7.2100,255,1345,1644,1403,1770,2549,1492,2176,2158,1183
SZ,002385,2017-01-03 10:21:00,7.1600,1,3580.0000,5,S,7.1600,7.1500,7.1400,7.1300,7.1200,7.1700,7.1800,7.1900,7.2000,7.2100,270,1348,1644,1347,1771,2654,1498,2176,2158,1183
SZ,002385,2017-01-03 10:21:03,7.1600,1,5728.0000,8,S,7.1600,7.1500,7.1400,7.1300,7.1200,7.1700,7.1800,7.1900,7.2000,7.2100,262,1348,1644,1347,1771,2654,1518,2176,2158,1183
SZ,002385,2017-01-03 10:21:12,7.1700,1,10040.0000,14,B,7.1600,7.1500,7.1400,7.1300,7.1200,7.1700,7.1800,7.1900,7.2000,7.2100,262,1545,1644,1347,1769,2640,1538,2176,2158,1183
SZ,002385,2017-01-03 10:21:24,7.1600,2,11460.0000,16,S,7.1600,7.1500,7.1400,7.1300,7.1200,7.1700,7.1800,7.1900,7.2000,7.2100,251,1559,1644,1347,1769,2635,1538,2176,2158,1183
SZ,002385,2017-01-03 10:21:33,7.1600,1,71600.0000,100,S,7.1600,7.1500,7.1400,7.1300,7.1200,7.1700,7.1800,7.1900,7.2000,7.2100,169,1549,1644,1347,2089,2635,1592,2176,2158,1183
SZ,002385,2017-01-03 10:21:39,7.1600,1,60358.0000,84,S,7.1600,7.1500,7.1400,7.1300,7.1200,7.1700,7.1800,7.1900,7.2000,7.2100,91,1549,1644,1347,2089,2650,1622,2176,2158,1183
SZ,002385,2017-01-03 10:22:09,7.1700,1,2868.0000,4,B,7.1600,7.1500,7.1400,7.1300,7.1200,7.1700,7.1800,7.1900,7.2000,7.2100,133,1544,1644,1347,2100,2666,1622,2172,2158,1183
SZ,002385,2017-01-03 10:22:12,7.1600,5,95522.0000,134,S,7.1500,7.1400,7.1300,7.1200,7.1100,7.1600,7.1700,7.1800,7.1900,7.2000,1524,1644,1347,2100,2413,60,2666,1622,2172,2158
SZ,002385,2017-01-03 10:22:15,7.1600,1,43382.0000,60,B,7.1600,7.1500,7.1400,7.1300,7.1200,7.1700,7.1800,7.1900,7.2000,7.2100,8,1524,1644,1347,2100,2666,1622,2172,2158,1183
SZ,002385,2017-01-03 10:22:21,7.1600,1,5728.0000,8,S,7.1600,7.1500,7.1400,7.1300,7.1200,7.1700,7.1800,7.1900,7.2000,7.2100,0,1521,1644,1347,2100,2605,1622,2172,2158,1183
SZ,002385,2017-01-03 10:22:36,7.1600,6,44682.0000,63,S,7.1500,7.1400,7.1300,7.1200,7.1100,7.1600,7.1700,7.1800,7.1900,7.2000,1518,1644,1347,2100,2413,1233,2626,1622,2172,2158
SZ,002385,2017-01-03 10:22:48,7.1600,1,5012.0000,7,B,7.1500,7.1400,7.1300,7.1200,7.1100,7.1600,7.1700,7.1800,7.1900,7.2000,1508,1644,1347,2100,2413,1514,2568,1622,2172,2162
SZ,002385,2017-01-03 10:22:51,7.1600,1,113128.0000,158,B,7.1500,7.1400,7.1300,7.1200,7.1100,7.1600,7.1700,7.1800,7.1900,7.2000,1514,1644,1347,2100,2413,1358,2568,1622,2172,2162
SZ,002385,2017-01-03 10:22:57,7.1600,1,22912.0000,32,B,7.1500,7.1400,7.1300,7.1200,7.1100,7.1600,7.1700,7.1800,7.1900,7.2000,1514,1644,1342,2100,2413,1261,2568,1622,2172,2162
SZ,002385,2017-01-03 10:23:00,7.1500,16,126556.0000,177,S,7.1500,7.1400,7.1300,7.1200,7.1100,7.1600,7.1700,7.1800,7.1900,7.2000,1337,1644,1342,2100,2413,1261,2568,1622,2172,2162
SZ,002385,2017-01-03 10:23:06,7.1600,1,716.0000,1,B,7.1500,7.1400,7.1300,7.1200,7.1100,7.1600,7.1700,7.1800,7.1900,7.2000,1337,1644,1342,2100,2413,1325,2568,1622,2172,2162
SZ,002385,2017-01-03 10:23:09,7.1600,1,32936.0000,46,B,7.1500,7.1400,7.1300,7.1200,7.1100,7.1600,7.1700,7.1800,7.1900,7.2000,1338,1644,1342,2100,2413,1279,2568,1622,2172,2168
SZ,002385,2017-01-03 10:23:27,7.1600,5,15732.0000,22,B,7.1500,7.1400,7.1300,7.1200,7.1100,7.1600,7.1700,7.1800,7.1900,7.2000,1318,1644,1336,2080,2413,1277,2688,1622,2172,2162
SZ,002385,2017-01-03 10:23:36,7.1600,1,14320.0000,20,B,7.1500,7.1400,7.1300,7.1200,7.1100,7.1600,7.1700,7.1800,7.1900,7.2000,1318,1644,1336,2080,2413,1177,2688,1629,2172,2062
SZ,002385,2017-01-03 10:23:39,7.1500,9,61700.0000,86,S,7.1500,7.1400,7.1300,7.1200,7.1100,7.1600,7.1700,7.1800,7.1900,7.2000,1234,1644,1336,2080,2413,1175,2688,1629,2152,2087
SZ,002385,2017-01-03 10:23:42,7.1600,1,2148.0000,3,B,7.1500,7.1400,7.1300,7.1200,7.1100,7.1600,7.1700,7.1800,7.1900,7.2000,1234,1644,1336,2080,2413,1172,2688,1629,2152,2087
SZ,002385,2017-01-03 10:23:45,7.1600,1,3580.0000,5,B,7.1500,7.1400,7.1300,7.1200,7.1100,7.1600,7.1700,7.1800,7.1900,7.2000,1234,1644,1336,2080,2413,1167,2688,1641,2152,2087
SZ,002385,2017-01-03 10:23:51,7.1500,27,697068.0000,975,S,7.1500,7.1400,7.1300,7.1200,7.1100,7.1600,7.1700,7.1800,7.1900,7.2000,273,1644,1336,2083,2413,1219,2678,1641,2152,2087
SZ,002385,2017-01-03 10:23:54,7.1500,1,714.0000,1,S,7.1500,7.1400,7.1300,7.1200,7.1100,7.1600,7.1700,7.1800,7.1900,7.2000,272,1644,1336,2083,2413,1219,2678,1641,2152,2087
SZ,002385,2017-01-03 10:24:00,7.1500,1,46474.0000,65,S,7.1500,7.1400,7.1300,7.1200,7.1100,7.1600,7.1700,7.1800,7.1900,7.2000,207,1644,1336,2083,2413,1123,2678,1641,2152,2087
SZ,002385,2017-01-03 10:24:06,7.1500,9,158840.0000,222,S,7.1500,7.1400,7.1300,7.1200,7.1100,7.1600,7.1700,7.1800,7.1900,7.2000,0,1644,1336,2083,2413,1187,2678,1641,2152,2087
SZ,002385,2017-01-03 10:24:09,7.1500,2,822.0000,1,S,7.1400,7.1300,7.1200,7.1100,7.1000,7.1500,7.1600,7.1700,7.1800,7.1900,1644,1336,2083,2413,1780,867,1187,2678,1641,2152
SZ,002385,2017-01-03 10:24:15,7.1400,4,46410.0000,65,S,7.1400,7.1300,7.1200,7.1100,7.1000,7.1500,7.1600,7.1700,7.1800,7.1900,1579,1336,2081,2413,1780,867,1122,2678,1641,2152
SZ,002385,2017-01-03 10:24:18,7.1500,1,1430.0000,2,B,7.1400,7.1300,7.1200,7.1100,7.1000,7.1500,7.1600,7.1700,7.1800,7.1900,1579,1336,2081,2413,1780,930,1122,2678,1631,2152
SZ,002385,2017-01-03 10:24:21,7.1500,30,921778.0000,1291,B,7.1400,7.1300,7.1200,7.1100,7.1000,7.1500,7.1600,7.1700,7.1800,7.1900,329,1336,2081,2413,1780,889,1122,2678,1631,2152
SZ,002385,2017-01-03 10:24:27,7.1500,1,716.0000,1,B,7.1400,7.1300,7.1200,7.1100,7.1000,7.1500,7.1600,7.1700,7.1800,7.1900,329,1336,2081,2413,1780,823,1070,2678,1631,2152
SZ,002385,2017-01-03 10:24:30,7.1400,4,13564.0000,19,S,7.1400,7.1300,7.1200,7.1100,7.1000,7.1500,7.1600,7.1700,7.1800,7.1900,310,1336,2081,2413,1780,823,1070,2745,1631,2152
SZ,002385,2017-01-03 10:24:33,7.1400,4,46412.0000,65,S,7.1400,7.1300,7.1200,7.1100,7.1000,7.1500,7.1600,7.1700,7.1800,7.1900,245,1336,2081,2404,1780,823,1070,2745,1631,2152
SZ,002385,2017-01-03 10:24:36,7.1300,3,198140.0000,278,S,7.1400,7.1300,7.1200,7.1100,7.1000,7.1500,7.1600,7.1700,7.1800,7.1900,50,1303,2083,2424,1780,940,1070,2755,1631,2152
SZ,002385,2017-01-03 10:24:39,7.1400,1,35696.0000,50,S,7.1300,7.1200,7.1100,7.1000,7.0900,7.1400,7.1500,7.1600,7.1700,7.1800,1303,2083,2424,1780,939,34,940,1070,2755,1631
SZ,002385,2017-01-03 10:24:45,7.1300,5,46348.0000,65,S,7.1300,7.1200,7.1100,7.1000,7.0900,7.1400,7.1500,7.1600,7.1700,7.1800,1238,2083,2424,1780,939,34,875,986,2755,1631
