市场代码,证券代码,时间,最新价,成交笔数,成交额,成交量,方向,买一价,买二价,买三价,买四价,买五价,卖一价,卖二价,卖三价,卖四价,卖五价,买一量,买二量,买三量,买四量,买五量,卖一量,卖二量,卖三量,卖四量,卖五量
SZ,002327,2017-01-03 09:25:03,8.8000,8,62480.0000,71,S,8.8000,8.7900,8.7700,8.7600,8.7500,8.8600,8.8700,8.8800,8.8900,8.9000,376,50,27,96,95,13,107,143,20,194
SZ,002327,2017-01-03 09:30:03,8.8200,8,68669.0000,78,B,8.8000,8.7900,8.7800,8.7700,8.7600,8.8200,8.8400,8.8500,8.8600,8.8700,345,50,2,27,104,8,50,211,287,122
SZ,002327,2017-01-03 09:30:18,8.8200,1,6174.0000,7,B,8.8000,8.7900,8.7800,8.7700,8.7600,8.8200,8.8400,8.8500,8.8600,8.8700,376,50,2,27,104,1,50,211,278,134
SZ,002327,2017-01-03 09:30:27,8.8400,2,10606.0000,12,B,8.8000,8.7900,8.7800,8.7700,8.7600,8.8400,8.8500,8.8600,8.8700,8.8800,376,50,2,27,104,53,211,221,134,243
SZ,002327,2017-01-03 09:30:33,8.8400,2,37128.0000,42,B,8.8000,8.7900,8.7800,8.7700,8.7600,8.8400,8.8500,8.8600,8.8700,8.8800,376,50,2,27,104,58,193,212,134,243
SZ,002327,2017-01-03 09:30:48,8.8300,1,13245.0000,15,B,8.8000,8.7900,8.7800,8.7700,8.7600,8.8300,8.8400,8.8500,8.8600,8.8700,376,50,2,27,104,3,87,133,212,134
SZ,002327,2017-01-03 09:31:00,8.8300,1,2649.0000,3,B,8.8300,8.8000,8.7900,8.7800,8.7700,8.8400,8.8500,8.8600,8.8700,8.8800,1,376,50,2,27,87,133,212,134,243
SZ,002327,2017-01-03 09:31:03,8.8400,3,60996.0000,69,B,8.8300,8.8000,8.7900,8.7800,8.7700,8.8400,8.8500,8.8600,8.8700,8.8800,4,376,50,2,27,18,133,212,134,243
SZ,002327,2017-01-03 09:31:09,8.8300,2,3532.0000,4,S,8.8000,8.7900,8.7800,8.7700,8.7600,8.8300,8.8400,8.8500,8.8600,8.8700,376,50,2,27,104,24,23,133,212,134
SZ,002327,2017-01-03 09:31:18,8.8300,2,52097.0000,59,B,8.8100,8.8000,8.7900,8.7800,8.7700,8.8300,8.8400,8.8500,8.8600,8.8700,4,376,50,2,27,15,33,133,212,134
SZ,002327,2017-01-03 09:31:27,8.8300,1,2649.0000,3,B,8.8100,8.8000,8.7900,8.7800,8.7700,8.8300,8.8400,8.8500,8.8600,8.8700,4,376,50,2,27,12,33,133,212,134
SZ,002327,2017-01-03 09:31:33,8.8300,1,8830.0000,10,B,8.8100,8.8000,8.7900,8.7800,8.7700,8.8300,8.8400,8.8500,8.8600,8.8700,4,376,50,2,27,2,33,133,212,134
SZ,002327,2017-01-03 09:31:36,8.8300,1,1766.0000,2,B,8.8300,8.8100,8.8000,8.7900,8.7800,8.8400,8.8500,8.8600,8.8700,8.8800,34,4,376,50,2,33,133,212,134,270
SZ,002327,2017-01-03 09:31:42,8.8300,1,18543.0000,21,S,8.8300,8.8100,8.8000,8.7900,8.7800,8.8400,8.8500,8.8600,8.8700,8.8800,13,4,376,50,2,33,133,212,134,270
SZ,002327,2017-01-03 09:31:48,8.8400,7,45027.0000,51,B,8.8000,8.7900,8.7800,8.7700,8.7600,8.8400,8.8500,8.8600,8.8700,8.8800,368,50,2,27,104,14,133,212,134,270
SZ,002327,2017-01-03 09:32:03,8.8400,4,35360.0000,40,B,8.8100,8.8000,8.7900,8.7800,8.7700,8.8400,8.8500,8.8600,8.8700,8.8800,15,368,50,2,27,10,133,212,134,240
SZ,002327,2017-01-03 09:32:12,8.8400,3,11494.0000,13,B,8.8100,8.8000,8.7900,8.7800,8.7700,8.8400,8.8500,8.8600,8.8700,8.8800,15,368,50,2,27,41,131,212,134,260
SZ,002327,2017-01-03 09:32:18,8.8400,1,29172.0000,33,B,8.8300,8.8100,8.8000,8.7900,8.7800,8.8400,8.8500,8.8600,8.8700,8.8800,2,35,368,50,2,18,131,212,134,260
SZ,002327,2017-01-03 09:32:33,8.8400,3,21216.0000,24,B,8.8300,8.8100,8.8000,8.7900,8.7800,8.8400,8.8500,8.8600,8.8700,8.8800,2,35,348,50,12,6,131,212,134,260
SZ,002327,2017-01-03 09:32:39,8.8300,2,1766.0000,2,S,8.8100,8.8000,8.7900,8.7800,8.7700,8.8400,8.8500,8.8600,8.8700,8.8800,55,348,50,12,27,44,131,212,134,260
SZ,002327,2017-01-03 09:32:48,8.8400,5,43316.0000,49,B,8.8300,8.8100,8.8000,8.7900,8.7800,8.8400,8.8500,8.8600,8.8700,8.8800,11,56,348,50,12,12,131,192,134,267
SZ,002327,2017-01-03 09:32:57,8.8300,2,17670.0000,20,S,8.8300,8.8100,8.8000,8.7900,8.7800,8.8400,8.8500,8.8600,8.8700,8.8800,1,56,348,50,12,71,131,192,134,267
SZ,002327,2017-01-03 09:33:03,8.8400,5,144052.0000,163,B,8.8100,8.8000,8.7900,8.7800,8.7700,8.8400,8.8500,8.8600,8.8700,8.8800,56,348,50,12,27,79,131,192,143,267
SZ,002327,2017-01-03 09:33:18,8.8300,1,14128.0000,16,B,8.8100,8.8000,8.7800,8.7700,8.7600,8.8300,8.8400,8.8500,8.8600,8.8700,156,348,12,27,117,4,89,131,192,143
SZ,002327,2017-01-03 09:33:33,8.8300,1,2649.0000,3,B,8.8100,8.8000,8.7800,8.7700,8.7600,8.8300,8.8400,8.8500,8.8600,8.8700,256,348,12,27,117,1,119,131,192,153
SZ,002327,2017-01-03 09:33:48,8.8300,1,883.0000,1,B,8.8200,8.8100,8.8000,8.7800,8.7700,8.8400,8.8500,8.8600,8.8700,8.8800,5,256,348,12,27,139,131,192,153,267
SZ,002327,2017-01-03 09:34:00,8.8300,1,17660.0000,20,S,8.8200,8.8100,8.8000,8.7800,8.7700,8.8300,8.8400,8.8500,8.8600,8.8700,5,256,348,12,102,40,139,131,192,153
SZ,002327,2017-01-03 09:34:03,8.8300,1,28256.0000,32,B,8.8200,8.8100,8.8000,8.7800,8.7700,8.8300,8.8400,8.8500,8.8600,8.8700,5,306,348,12,102,31,139,131,192,153
SZ,002327,2017-01-03 09:34:18,8.8300,2,21192.0000,24,B,8.8200,8.8100,8.8000,8.7800,8.7700,8.8300,8.8400,8.8500,8.8600,8.8700,5,356,348,12,132,7,139,131,192,213
SZ,002327,2017-01-03 09:34:21,8.8400,2,10601.0000,12,B,8.8200,8.8100,8.8000,8.7800,8.7700,8.8400,8.8500,8.8600,8.8700,8.8800,5,356,348,12,132,134,131,192,213,267
SZ,002327,2017-01-03 09:34:33,8.8400,4,95472.0000,108,B,8.8300,8.8200,8.8100,8.8000,8.7800,8.8400,8.8500,8.8600,8.8700,8.8800,21,15,356,348,12,26,131,192,213,267
SZ,002327,2017-01-03 09:34:48,8.8400,3,22984.0000,26,B,8.8400,8.8300,8.8200,8.8100,8.8000,8.8500,8.8600,8.8700,8.8800,8.8900,4,21,15,356,348,121,202,213,267,59
SZ,002327,2017-01-03 09:35:03,8.8500,3,89375.0000,101,B,8.8400,8.8300,8.8200,8.8100,8.8000,8.8500,8.8600,8.8700,8.8800,8.8900,117,21,15,256,348,35,202,213,267,59
SZ,002327,2017-01-03 09:35:15,8.8500,6,48675.0000,55,B,8.8400,8.8300,8.8200,8.8100,8.8000,8.8600,8.8700,8.8800,8.8900,8.9000,117,21,15,256,348,186,213,271,59,241
SZ,002327,2017-01-03 09:35:18,8.8600,9,132014.0000,149,B,8.8400,8.8300,8.8200,8.8100,8.8000,8.8500,8.8600,8.8700,8.8800,8.8900,117,21,15,306,348,39,37,213,271,59
SZ,002327,2017-01-03 09:35:27,8.8400,1,47736.0000,54,S,8.8400,8.8300,8.8200,8.8100,8.8000,8.8500,8.8600,8.8700,8.8800,8.8900,63,21,45,311,348,39,46,213,271,59
SZ,002327,2017-01-03 09:35:30,8.8500,1,8850.0000,10,B,8.8400,8.8300,8.8200,8.8100,8.8000,8.8500,8.8600,8.8700,8.8800,8.8900,63,21,65,311,348,29,46,213,271,59
SZ,002327,2017-01-03 09:35:33,8.8500,1,20355.0000,23,B,8.8400,8.8300,8.8200,8.8100,8.8000,8.8500,8.8600,8.8700,8.8800,8.8900,63,21,55,311,348,6,69,213,271,59
SZ,002327,2017-01-03 09:35:48,8.8500,1,4425.0000,5,B,8.8400,8.8300,8.8200,8.8100,8.8000,8.8500,8.8600,8.8700,8.8800,8.8900,63,21,87,311,348,2,88,213,271,59
SZ,002327,2017-01-03 09:35:54,8.8500,3,8850.0000,10,B,8.8400,8.8300,8.8200,8.8100,8.8000,8.8500,8.8600,8.8700,8.8800,8.8900,63,21,87,311,348,12,88,213,271,62
SZ,002327,2017-01-03 09:35:57,8.8500,1,4425.0000,5,B,8.8400,8.8300,8.8200,8.8100,8.8000,8.8500,8.8600,8.8700,8.8800,8.8900,63,21,87,311,348,7,88,213,271,62
SZ,002327,2017-01-03 09:36:03,8.8500,2,23010.0000,26,B,8.8400,8.8300,8.8200,8.8100,8.8000,8.8500,8.8600,8.8700,8.8800,8.8900,63,21,87,311,348,6,88,213,271,66
SZ,002327,2017-01-03 09:36:09,8.8500,2,43365.0000,49,B,8.8500,8.8400,8.8300,8.8200,8.8100,8.8600,8.8700,8.8800,8.8900,8.9000,21,63,21,87,311,88,213,271,66,241
SZ,002327,2017-01-03 09:36:12,8.8500,1,4425.0000,5,S,8.8500,8.8400,8.8300,8.8200,8.8100,8.8600,8.8700,8.8800,8.8900,8.9000,16,63,21,87,311,88,213,271,66,241
SZ,002327,2017-01-03 09:36:18,8.8600,8,416420.0000,470,B,8.8500,8.8400,8.8300,8.8200,8.8100,8.8600,8.8700,8.8800,8.8900,8.9000,16,63,21,87,311,108,213,271,66,241
SZ,002327,2017-01-03 09:36:21,8.8500,1,8850.0000,10,S,8.8500,8.8400,8.8300,8.8200,8.8100,8.8600,8.8700,8.8800,8.8900,8.9000,75,63,51,87,311,108,213,271,66,241
SZ,002327,2017-01-03 09:36:30,8.8600,1,88600.0000,100,B,8.8500,8.8400,8.8300,8.8200,8.8100,8.8600,8.8700,8.8800,8.8900,8.9000,75,63,51,87,311,98,213,271,66,241
SZ,002327,2017-01-03 09:36:33,8.8600,3,69108.0000,78,B,8.8500,8.8400,8.8300,8.8200,8.8100,8.8600,8.8700,8.8800,8.8900,8.9000,75,63,51,87,311,20,213,271,66,241
SZ,002327,2017-01-03 09:36:48,8.8600,2,28352.0000,32,B,8.8500,8.8400,8.8300,8.8200,8.8100,8.8600,8.8700,8.8800,8.8900,8.9000,75,63,51,147,342,8,213,281,99,241
SZ,002327,2017-01-03 09:36:51,8.8500,2,17700.0000,20,S,8.8500,8.8400,8.8300,8.8200,8.8100,8.8600,8.8700,8.8800,8.8900,8.9000,65,63,51,147,342,8,213,281,99,241
SZ,002327,2017-01-03 09:37:00,8.8600,2,64678.0000,73,B,8.8600,8.8500,8.8400,8.8300,8.8200,8.8700,8.8800,8.8900,8.9000,8.9100,27,65,63,51,147,220,281,99,241,23
SZ,002327,2017-01-03 09:37:03,8.8700,8,156112.0000,176,B,8.8600,8.8500,8.8400,8.8300,8.8200,8.8700,8.8800,8.8900,8.9000,8.9100,33,65,63,51,147,44,281,99,241,23
SZ,002327,2017-01-03 09:37:06,8.8600,3,27466.0000,31,S,8.8600,8.8500,8.8400,8.8300,8.8200,8.8700,8.8800,8.8900,8.9000,8.9100,2,65,63,51,147,60,281,99,241,23
SZ,002327,2017-01-03 09:37:09,8.8600,1,1772.0000,2,S,8.8500,8.8400,8.8300,8.8200,8.8100,8.8600,8.8700,8.8800,8.8900,8.9000,65,63,51,147,342,2,60,276,99,241
SZ,002327,2017-01-03 09:37:18,8.8600,1,1772.0000,2,B,8.8500,8.8400,8.8300,8.8200,8.8100,8.8700,8.8800,8.8900,8.9000,8.9100,65,63,51,110,342,98,276,127,253,23
SZ,002327,2017-01-03 09:37:33,8.8600,6,78046.0000,88,S,8.8500,8.8400,8.8300,8.8200,8.8100,8.8600,8.8700,8.8800,8.8900,8.9000,55,63,81,210,327,10,45,186,129,253
SZ,002327,2017-01-03 09:37:48,8.8700,2,39028.0000,44,B,8.8600,8.8500,8.8400,8.8300,8.8200,8.8700,8.8800,8.8900,8.9000,8.9100,5,55,63,81,210,11,186,129,256,23
SZ,002327,2017-01-03 09:38:00,8.8800,6,44382.0000,50,B,8.8600,8.8500,8.8400,8.8300,8.8200,8.8800,8.8900,8.9000,8.9100,8.9200,4,55,63,103,210,144,129,256,23,15
SZ,002327,2017-01-03 09:38:03,8.8800,3,103008.0000,116,B,8.8600,8.8500,8.8400,8.8300,8.8200,8.8800,8.8900,8.9000,8.9100,8.9200,4,55,75,103,210,28,129,256,23,15
SZ,002327,2017-01-03 09:38:09,8.8500,3,65494.0000,74,S,8.8400,8.8300,8.8200,8.8100,8.8000,8.8500,8.8800,8.8900,8.9000,8.9100,75,103,210,327,346,26,28,139,256,23
SZ,002327,2017-01-03 09:38:12,8.8500,1,4425.0000,5,B,8.8400,8.8300,8.8200,8.8100,8.8000,8.8500,8.8800,8.8900,8.9000,8.9100,75,103,210,327,346,21,25,139,256,23
SZ,002327,2017-01-03 09:38:15,8.8400,1,4420.0000,5,S,8.8400,8.8300,8.8200,8.8100,8.8000,8.8500,8.8800,8.8900,8.9000,8.9100,70,103,210,327,346,21,35,139,256,23
SZ,002327,2017-01-03 09:38:18,8.8400,2,20349.0000,23,S,8.8400,8.8300,8.8200,8.8100,8.8000,8.8500,8.8800,8.8900,8.9000,8.9100,64,103,210,327,346,4,59,139,256,23
SZ,002327,2017-01-03 09:38:27,8.8500,1,3540.0000,4,B,8.8500,8.8400,8.8300,8.8200,8.8100,8.8800,8.8900,8.9000,8.9100,8.9200,8,97,303,210,327,84,139,256,23,15
SZ,002327,2017-01-03 09:38:33,8.8800,8,59496.0000,67,B,8.8500,8.8400,8.8300,8.8200,8.8100,8.8800,8.8900,8.9000,8.9100,8.9200,8,107,313,210,327,17,139,265,23,15
SZ,002327,2017-01-03 09:38:48,8.8800,2,23088.0000,26,B,8.8500,8.8400,8.8300,8.8200,8.8100,8.8800,8.8900,8.9000,8.9100,8.9200,45,74,313,210,296,6,139,265,23,15
SZ,002327,2017-01-03 09:39:03,8.8800,3,12432.0000,14,B,8.8500,8.8400,8.8300,8.8200,8.8100,8.8800,8.8900,8.9000,8.9100,8.9200,45,94,313,210,296,33,139,275,23,15
SZ,002327,2017-01-03 09:39:18,8.8800,2,23976.0000,27,B,8.8600,8.8500,8.8400,8.8300,8.8200,8.8800,8.8900,8.9000,8.9100,8.9200,20,45,104,313,210,27,139,275,23,15
SZ,002327,2017-01-03 09:39:33,8.8800,3,37296.0000,42,B,8.8600,8.8500,8.8400,8.8300,8.8200,8.8800,8.8900,8.9000,8.9100,8.9200,40,45,104,313,210,16,144,275,23,15
SZ,002327,2017-01-03 09:39:48,8.8800,5,55056.0000,62,B,8.8600,8.8500,8.8400,8.8300,8.8200,8.8800,8.8900,8.9000,8.9100,8.9200,70,240,104,313,210,15,144,275,23,15
SZ,002327,2017-01-03 09:39:57,8.8800,2,13764.0000,16,B,8.8800,8.8600,8.8500,8.8400,8.8300,8.8900,8.9000,8.9100,8.9200,8.9300,17,70,232,104,313,144,275,23,15,438
SZ,002327,2017-01-03 09:40:03,8.8900,8,116459.0000,131,B,8.8800,8.8600,8.8500,8.8400,8.8300,8.8900,8.9000,8.9100,8.9200,8.9300,17,70,234,104,313,83,275,13,15,438
SZ,002327,2017-01-03 09:40:09,8.8800,1,8880.0000,10,S,8.8800,8.8700,8.8600,8.8500,8.8400,8.8900,8.9000,8.9100,8.9200,8.9300,7,5,70,234,104,88,275,13,15,438
SZ,002327,2017-01-03 09:40:12,8.8900,1,7112.0000,8,B,8.8800,8.8700,8.8600,8.8500,8.8400,8.8900,8.9000,8.9100,8.9200,8.9300,7,5,70,234,104,90,275,13,15,438
SZ,002327,2017-01-03 09:40:18,8.8900,3,64008.0000,72,B,8.8800,8.8700,8.8600,8.8500,8.8400,8.8900,8.9000,8.9100,8.9200,8.9300,7,5,70,234,104,24,102,13,45,438
SZ,002327,2017-01-03 09:40:24,8.8800,1,6660.0000,7,S,8.8700,8.8600,8.8500,8.8400,8.8300,8.8800,8.8900,8.9000,8.9100,8.9200,5,70,234,104,313,32,111,76,13,45
SZ,002327,2017-01-03 09:40:30,8.8800,1,14208.0000,16,B,8.8700,8.8600,8.8500,8.8400,8.8300,8.8800,8.8900,8.9000,8.9100,8.9200,5,120,234,104,113,17,117,76,13,72
SZ,002327,2017-01-03 09:40:33,8.8800,3,23088.0000,26,B,8.8700,8.8600,8.8500,8.8400,8.8300,8.8800,8.8900,8.9000,8.9100,8.9200,5,120,239,104,113,1,117,76,13,72
SZ,002327,2017-01-03 09:40:42,8.8700,1,1774.0000,2,S,8.8700,8.8600,8.8500,8.8400,8.8300,8.8800,8.8900,8.9000,8.9100,8.9200,3,120,214,104,113,1,117,76,13,72
SZ,002327,2017-01-03 09:40:48,8.8800,2,1776.0000,2,B,8.8700,8.8600,8.8500,8.8400,8.8300,8.8800,8.8900,8.9000,8.9100,8.9200,31,120,214,274,113,0,117,86,13,110
SZ,002327,2017-01-03 09:41:00,8.8800,1,444.0000,1,B,8.8800,8.8700,8.8600,8.8500,8.8400,8.8900,8.9000,8.9100,8.9200,8.9300,1,31,141,214,274,117,86,13,113,438
SZ,002327,2017-01-03 09:41:03,8.8900,4,83566.0000,94,B,8.8800,8.8700,8.8600,8.8500,8.8400,8.8900,8.9000,8.9100,8.9200,8.9300,1,31,141,214,274,23,86,33,113,438
SZ,002327,2017-01-03 09:41:09,8.8700,4,37699.0000,42,S,8.8600,8.8500,8.8400,8.8300,8.8200,8.8700,8.8800,8.8900,8.9000,8.9100,141,214,274,113,210,47,5,23,116,33
SZ,002327,2017-01-03 09:41:12,8.8700,3,24836.0000,28,B,8.8600,8.8500,8.8400,8.8300,8.8200,8.8700,8.8800,8.8900,8.9000,8.9100,141,214,274,113,210,19,5,23,120,33
SZ,002327,2017-01-03 09:41:18,8.8700,1,14192.0000,16,B,8.8600,8.8500,8.8400,8.8300,8.8200,8.8700,8.8800,8.8900,8.9000,8.9100,161,177,274,113,210,3,20,23,116,33
SZ,002327,2017-01-03 09:41:21,8.8700,1,2661.0000,3,B,8.8600,8.8500,8.8400,8.8300,8.8200,8.8700,8.8800,8.8900,8.9000,8.9100,141,177,274,113,210,0,20,23,116,33
SZ,002327,2017-01-03 09:41:48,8.8700,2,887.0000,1,B,8.8600,8.8500,8.8400,8.8300,8.8200,8.8700,8.8800,8.8900,8.9000,8.9100,141,177,247,125,210,199,20,50,166,133
SZ,002327,2017-01-03 09:41:51,8.8700,1,18627.0000,21,B,8.8600,8.8500,8.8400,8.8300,8.8200,8.8700,8.8800,8.8900,8.9000,8.9100,141,177,247,162,210,178,20,50,166,133
SZ,002327,2017-01-03 09:41:57,8.8600,2,35405.0000,40,S,8.8600,8.8500,8.8400,8.8300,8.8200,8.8700,8.8800,8.8900,8.9000,8.9100,81,177,247,162,210,178,20,86,166,133
SZ,002327,2017-01-03 09:42:03,8.8700,1,126841.0000,143,B,8.8600,8.8500,8.8400,8.8300,8.8200,8.8700,8.8800,8.8900,8.9000,8.9100,81,177,247,162,210,35,20,86,196,133
SZ,002327,2017-01-03 09:42:09,8.8600,1,4430.0000,5,S,8.8600,8.8500,8.8400,8.8300,8.8200,8.8700,8.8800,8.8900,8.9000,8.9100,88,177,247,162,210,35,20,91,196,133
SZ,002327,2017-01-03 09:42:18,8.8700,1,25723.0000,29,B,8.8600,8.8500,8.8400,8.8300,8.8200,8.8700,8.8800,8.8900,8.9000,8.9100,135,197,247,162,210,6,20,91,196,133
SZ,002327,2017-01-03 09:42:24,8.8700,1,6031.0000,7,B,8.8700,8.8600,8.8500,8.8400,8.8300,8.8800,8.8900,8.9000,8.9100,8.9200,6,135,197,247,162,20,91,196,133,228
SZ,002327,2017-01-03 09:42:33,8.8800,2,14208.0000,16,B,8.8700,8.8600,8.8500,8.8400,8.8300,8.8800,8.8900,8.9000,8.9100,8.9200,6,155,197,247,162,4,91,196,133,228
SZ,002327,2017-01-03 09:42:48,8.8800,1,3552.0000,4,B,8.8700,8.8600,8.8500,8.8400,8.8300,8.8800,8.8900,8.9000,8.9100,8.9200,6,155,187,247,162,0,91,196,133,243
SZ,002327,2017-01-03 09:42:51,8.8700,1,887.0000,1,S,8.8700,8.8600,8.8500,8.8400,8.8300,8.8800,8.8900,8.9000,8.9100,8.9200,5,155,187,247,162,0,91,196,133,315
SZ,002327,2017-01-03 09:42:54,8.8700,2,9048.0000,10,S,8.8600,8.8500,8.8400,8.8300,8.8200,8.8700,8.8800,8.8900,8.9000,8.9100,155,187,247,162,210,1,0,91,196,133
SZ,002327,2017-01-03 09:43:03,8.8700,2,54994.0000,62,B,8.8600,8.8500,8.8400,8.8300,8.8200,8.8700,8.8800,8.8900,8.9000,8.9100,140,187,247,162,210,15,0,91,196,133
SZ,002327,2017-01-03 09:43:09,8.8700,1,887.0000,1,B,8.8600,8.8500,8.8400,8.8300,8.8200,8.8700,8.8800,8.8900,8.9000,8.9100,171,187,212,162,210,14,0,91,166,133
SZ,002327,2017-01-03 09:43:12,8.8600,2,17720.0000,20,S,8.8600,8.8500,8.8400,8.8300,8.8200,8.8700,8.8800,8.8900,8.9000,8.9100,151,187,212,162,210,35,0,91,166,133
SZ,002327,2017-01-03 09:43:18,8.8700,3,31683.0000,36,B,8.8700,8.8600,8.8500,8.8400,8.8300,8.8800,8.8900,8.9000,8.9100,8.9200,28,151,187,212,162,18,93,166,133,315
SZ,002327,2017-01-03 09:43:33,8.8800,3,83472.0000,94,B,8.8700,8.8600,8.8500,8.8400,8.8300,8.8800,8.8900,8.9000,8.9100,8.9200,28,151,187,222,162,24,95,166,133,315
SZ,002327,2017-01-03 09:43:42,8.8800,1,8880.0000,10,B,8.8700,8.8600,8.8500,8.8400,8.8300,8.8800,8.8900,8.9000,8.9100,8.9200,28,151,217,222,162,14,95,166,133,315
SZ,002327,2017-01-03 09:43:48,8.8800,1,10656.0000,12,B,8.8600,8.8500,8.8400,8.8300,8.8200,8.8800,8.8900,8.9000,8.9100,8.9200,151,217,222,162,210,2,95,166,133,315
SZ,002327,2017-01-03 09:44:03,8.8800,3,32520.0000,36,B,8.8800,8.8600,8.8500,8.8400,8.8300,8.8900,8.9000,8.9100,8.9200,8.9300,30,151,215,222,162,95,166,133,315,338
SZ,002327,2017-01-03 09:44:15,8.8800,1,8880.0000,10,S,8.8800,8.8600,8.8500,8.8400,8.8300,8.8900,8.9000,8.9100,8.9200,8.9300,20,161,185,222,162,115,166,133,315,338
SZ,002327,2017-01-03 09:44:18,8.8800,9,95108.0000,107,S,8.8800,8.8600,8.8500,8.8400,8.8300,8.8900,8.9000,8.9100,8.9200,8.9300,5,161,185,222,162,23,166,133,315,338
SZ,002327,2017-01-03 09:44:24,8.8800,1,4742.0000,6,S,8.8600,8.8500,8.8400,8.8300,8.8200,8.8800,8.8900,8.9000,8.9100,8.9200,161,185,222,162,210,14,23,166,133,315
SZ,002327,2017-01-03 09:44:27,8.8800,1,1776.0000,2,B,8.8600,8.8500,8.8400,8.8300,8.8200,8.8800,8.8900,8.9000,8.9100,8.9200,161,185,222,162,210,22,23,166,133,315
SZ,002327,2017-01-03 09:44:33,8.8800,2,15984.0000,18,B,8.8600,8.8500,8.8400,8.8300,8.8200,8.8800,8.8900,8.9000,8.9100,8.9200,171,185,222,162,210,4,41,176,135,315
SZ,002327,2017-01-03 09:44:48,8.8800,1,3552.0000,4,B,8.8600,8.8500,8.8400,8.8300,8.8200,8.8800,8.8900,8.9000,8.9100,8.9200,159,185,222,159,210,0,73,176,135,315
SZ,002327,2017-01-03 09:45:00,8.8600,7,89203.0000,100,S,8.8600,8.8500,8.8400,8.8300,8.8200,8.8900,8.9000,8.9100,8.9200,8.9300,202,185,222,159,210,104,176,135,315,338
SZ,002327,2017-01-03 09:45:03,8.8900,12,119797.0000,135,B,8.8600,8.8500,8.8400,8.8300,8.8200,8.8900,8.9000,8.9100,8.9200,8.9300,150,185,222,159,210,21,176,135,315,338
SZ,002327,2017-01-03 09:45:18,8.8900,1,15113.0000,17,B,8.8700,8.8600,8.8500,8.8400,8.8300,8.8900,8.9000,8.9100,8.9200,8.9300,5,150,185,222,159,5,166,70,315,338
SZ,002327,2017-01-03 09:45:21,8.8900,3,8001.0000,9,B,8.8900,8.8700,8.8600,8.8500,8.8400,8.9000,8.9100,8.9200,8.9300,8.9400,1,5,150,185,222,166,70,315,338,288
SZ,002327,2017-01-03 09:45:24,8.8900,1,889.0000,1,S,8.8700,8.8600,8.8500,8.8400,8.8300,8.8900,8.9000,8.9100,8.9200,8.9300,6,150,185,222,159,49,166,70,315,338
SZ,002327,2017-01-03 09:45:33,8.8800,1,10656.0000,12,B,8.8700,8.8600,8.8500,8.8400,8.8300,8.8800,8.8900,8.9000,8.9100,8.9200,16,200,185,222,159,7,49,166,70,315
SZ,002327,2017-01-03 09:45:39,8.8800,2,6376.0000,7,B,8.8800,8.8700,8.8600,8.8500,8.8400,8.8900,8.9000,8.9100,8.9200,8.9300,412,36,200,185,222,89,168,70,315,338
SZ,002327,2017-01-03 09:45:48,8.8900,2,63119.0000,71,B,8.8800,8.8700,8.8600,8.8500,8.8400,8.8900,8.9000,8.9100,8.9200,8.9300,412,36,212,195,222,18,168,70,315,338
SZ,002327,2017-01-03 09:45:54,8.8900,1,889.0000,1,B,8.8800,8.8700,8.8600,8.8500,8.8400,8.8900,8.9000,8.9100,8.9200,8.9300,412,36,212,195,222,17,168,89,327,338
SZ,002327,2017-01-03 09:46:03,8.8900,1,12446.0000,14,B,8.8800,8.8700,8.8600,8.8500,8.8400,8.8900,8.9000,8.9100,8.9200,8.9300,412,36,212,195,222,3,168,89,327,338
SZ,002327,2017-01-03 09:46:15,8.8900,2,6223.0000,7,B,8.8900,8.8800,8.8700,8.8600,8.8500,8.9000,8.9100,8.9200,8.9300,8.9400,5,617,36,212,195,168,89,327,338,38
SZ,002327,2017-01-03 09:46:18,8.9000,9,119260.0000,134,B,8.8900,8.8800,8.8700,8.8600,8.8500,8.9000,8.9100,8.9200,8.9300,8.9400,5,617,36,212,195,38,99,327,338,238
SZ,002327,2017-01-03 09:46:33,8.9000,2,27590.0000,31,B,8.8900,8.8800,8.8700,8.8600,8.8500,8.9000,8.9100,8.9200,8.9300,8.9400,38,617,36,83,195,7,99,327,393,238
SZ,002327,2017-01-03 09:46:36,8.8900,3,33782.0000,38,S,8.8800,8.8700,8.8600,8.8500,8.8400,8.8900,8.9000,8.9100,8.9200,8.9300,617,36,83,195,210,81,7,107,327,393
SZ,002327,2017-01-03 09:46:42,8.8900,1,4445.0000,5,B,8.8800,8.8700,8.8600,8.8500,8.8400,8.8900,8.9000,8.9100,8.9200,8.9300,617,36,83,195,210,76,7,107,327,121
SZ,002327,2017-01-03 09:46:45,8.8800,1,1776.0000,2,S,8.8800,8.8700,8.8600,8.8500,8.8400,8.8900,8.9000,8.9100,8.9200,8.9300,615,36,83,195,210,76,7,107,327,121
SZ,002327,2017-01-03 09:46:48,8.8900,1,54229.0000,61,B,8.8800,8.8700,8.8600,8.8500,8.8400,8.8900,8.9000,8.9100,8.9200,8.9300,615,36,93,195,210,15,7,107,255,121
SZ,002327,2017-01-03 09:47:03,8.8800,2,97692.0000,110,S,8.8800,8.8700,8.8600,8.8500,8.8400,8.8900,8.9000,8.9100,8.9200,8.9300,424,36,93,195,210,3,7,112,263,121
SZ,002327,2017-01-03 09:47:06,8.8800,2,11544.0000,13,S,8.8800,8.8700,8.8600,8.8500,8.8400,8.8900,8.9000,8.9100,8.9200,8.9300,411,36,93,195,210,3,7,117,273,121
SZ,002327,2017-01-03 09:47:09,8.8800,1,15096.0000,17,S,8.8800,8.8700,8.8600,8.8500,8.8400,8.8900,8.9000,8.9100,8.9200,8.9300,394,36,93,195,210,3,7,117,273,121
SZ,002327,2017-01-03 09:47:18,8.8800,4,7498.0000,9,S,8.8800,8.8700,8.8600,8.8500,8.8400,8.9000,8.9100,8.9200,8.9300,8.9400,390,36,93,179,210,30,117,273,121,510
SZ,002327,2017-01-03 09:47:33,8.9000,5,21360.0000,24,B,8.8800,8.8700,8.8600,8.8500,8.8400,8.9000,8.9100,8.9200,8.9300,8.9400,420,36,93,179,210,16,117,273,129,510
SZ,002327,2017-01-03 09:47:36,8.8800,1,7104.0000,8,S,8.8800,8.8700,8.8600,8.8500,8.8400,8.8900,8.9000,8.9100,8.9200,8.9300,412,36,93,179,210,47,44,117,273,129
SZ,002327,2017-01-03 09:47:48,8.8900,1,42468.0000,48,B,8.8900,8.8800,8.8700,8.8600,8.8500,8.9000,8.9100,8.9200,8.9300,8.9400,118,412,36,93,179,44,117,273,179,510
SZ,002327,2017-01-03 09:48:03,8.9000,3,33810.0000,38,B,8.8900,8.8800,8.8700,8.8600,8.8500,8.9000,8.9100,8.9200,8.9300,8.9400,108,412,35,93,179,6,102,273,199,510
SZ,002327,2017-01-03 09:48:06,8.8900,2,13335.0000,15,S,8.8900,8.8800,8.8700,8.8600,8.8500,8.9000,8.9100,8.9200,8.9300,8.9400,93,412,25,93,179,6,102,273,199,510
SZ,002327,2017-01-03 09:48:15,8.9000,1,890.0000,1,B,8.8900,8.8800,8.8700,8.8600,8.8500,8.9000,8.9100,8.9200,8.9300,8.9400,93,422,25,93,179,50,106,273,199,510
SZ,002327,2017-01-03 09:48:18,8.9000,4,44500.0000,50,B,8.9000,8.8900,8.8800,8.8700,8.8600,8.9100,8.9200,8.9300,8.9400,8.9500,21,100,422,25,93,106,273,199,510,534
SZ,002327,2017-01-03 09:48:21,8.8900,2,41804.0000,47,S,8.8900,8.8800,8.8700,8.8600,8.8500,8.9000,8.9100,8.9200,8.9300,8.9400,46,422,25,93,179,20,106,273,199,510
SZ,002327,2017-01-03 09:48:33,8.9000,3,92560.0000,104,B,8.8900,8.8800,8.8700,8.8600,8.8500,8.9000,8.9100,8.9200,8.9300,8.9400,62,632,25,158,179,33,106,273,277,510
SZ,002327,2017-01-03 09:48:39,8.8900,1,889.0000,1,S,8.8900,8.8800,8.8700,8.8600,8.8500,8.9000,8.9100,8.9200,8.9300,8.9400,81,455,25,158,179,35,106,273,277,510
SZ,002327,2017-01-03 09:48:42,8.8900,4,42677.0000,48,S,8.8900,8.8800,8.8700,8.8600,8.8500,8.9000,8.9100,8.9200,8.9300,8.9400,38,455,25,158,179,30,106,273,277,510
SZ,002327,2017-01-03 09:48:45,8.9000,1,8900.0000,10,B,8.8900,8.8800,8.8700,8.8600,8.8500,8.9000,8.9100,8.9200,8.9300,8.9400,38,455,25,158,179,35,106,273,277,510
SZ,002327,2017-01-03 09:48:48,8.9000,4,24920.0000,28,B,8.8900,8.8800,8.8700,8.8600,8.8500,8.9100,8.9200,8.9300,8.9400,8.9500,38,455,25,158,179,106,273,277,510,534
SZ,002327,2017-01-03 09:49:00,8.9000,1,13350.0000,15,B,8.9000,8.8900,8.8800,8.8700,8.8600,8.9100,8.9200,8.9300,8.9400,8.9500,162,38,450,25,158,106,273,277,510,544
SZ,002327,2017-01-03 09:49:03,8.9100,8,81074.0000,91,B,8.9000,8.8900,8.8800,8.8700,8.8600,8.9100,8.9200,8.9300,8.9400,8.9500,155,38,450,25,158,39,273,277,510,544
SZ,002327,2017-01-03 09:49:18,8.9100,10,411543.0000,462,B,8.9000,8.8900,8.8800,8.8700,8.8600,8.9100,8.9200,8.9300,8.9400,8.9500,56,38,450,94,158,70,290,277,510,544
SZ,002327,2017-01-03 09:49:21,8.9000,2,6230.0000,7,S,8.9000,8.8900,8.8800,8.8700,8.8600,8.9100,8.9200,8.9300,8.9400,8.9500,59,38,450,94,158,75,290,277,510,544
SZ,002327,2017-01-03 09:49:30,8.9000,1,41331.0000,46,S,8.9000,8.8900,8.8800,8.8700,8.8600,8.9100,8.9200,8.9300,8.9400,8.9500,262,38,450,94,158,102,265,307,510,544
SZ,002327,2017-01-03 09:49:33,8.9100,3,72171.0000,81,B,8.9000,8.8900,8.8800,8.8700,8.8600,8.9100,8.9200,8.9300,8.9400,8.9500,262,38,450,94,158,31,265,317,510,544
SZ,002327,2017-01-03 09:49:36,8.9000,1,1780.0000,2,S,8.9000,8.8900,8.8800,8.8700,8.8600,8.9100,8.9200,8.9300,8.9400,8.9500,260,38,450,94,158,31,265,317,510,544
SZ,002327,2017-01-03 09:49:39,8.9100,1,4455.0000,5,B,8.9000,8.8900,8.8800,8.8700,8.8600,8.9100,8.9200,8.9300,8.9400,8.9500,260,38,450,94,158,26,265,317,510,544
SZ,002327,2017-01-03 09:49:42,8.9100,1,8910.0000,10,B,8.9000,8.8900,8.8800,8.8700,8.8600,8.9100,8.9200,8.9300,8.9400,8.9500,260,38,450,94,158,16,273,317,510,544
SZ,002327,2017-01-03 09:49:45,8.9000,3,39160.0000,44,S,8.9000,8.8900,8.8800,8.8700,8.8600,8.9100,8.9200,8.9300,8.9400,8.9500,216,38,450,94,158,16,273,317,510,544
SZ,002327,2017-01-03 09:49:48,8.9000,4,20483.0000,23,S,8.9000,8.8900,8.8800,8.8700,8.8600,8.9100,8.9200,8.9300,8.9400,8.9500,206,38,450,94,158,3,273,317,510,544
SZ,002327,2017-01-03 09:49:54,8.9100,1,1782.0000,2,B,8.9000,8.8900,8.8800,8.8700,8.8600,8.9100,8.9200,8.9300,8.9400,8.9500,206,38,450,94,158,1,296,317,510,650
SZ,002327,2017-01-03 09:50:03,8.9100,1,891.0000,1,B,8.9000,8.8900,8.8800,8.8700,8.8600,8.9100,8.9200,8.9300,8.9400,8.9500,206,38,450,94,158,14,296,317,535,650
SZ,002327,2017-01-03 09:50:09,8.9100,1,1782.0000,2,B,8.9000,8.8900,8.8800,8.8700,8.8600,8.9100,8.9200,8.9300,8.9400,8.9500,220,38,440,94,158,22,296,319,535,650
SZ,002327,2017-01-03 09:50:12,8.9000,1,60618.0000,68,S,8.9000,8.8900,8.8800,8.8700,8.8600,8.9100,8.9200,8.9300,8.9400,8.9500,168,38,440,94,158,22,296,319,535,650
SZ,002327,2017-01-03 09:50:18,8.9100,3,18711.0000,21,B,8.9000,8.8900,8.8800,8.8700,8.8600,8.9100,8.9200,8.9300,8.9400,8.9500,168,18,440,94,158,101,296,319,535,650
SZ,002327,2017-01-03 09:50:21,8.9000,1,1780.0000,2,S,8.9000,8.8900,8.8800,8.8700,8.8600,8.9100,8.9200,8.9300,8.9400,8.9500,166,18,440,94,158,101,296,319,535,650
SZ,002327,2017-01-03 09:50:24,8.9100,2,4455.0000,5,B,8.9000,8.8900,8.8800,8.8700,8.8600,8.9100,8.9200,8.9300,8.9400,8.9500,166,18,443,94,158,101,300,319,535,650
SZ,002327,2017-01-03 09:50:30,8.9000,4,148141.0000,167,S,8.8900,8.8800,8.8700,8.8600,8.8500,8.9000,8.9100,8.9200,8.9300,8.9400,18,443,94,158,218,56,120,300,319,535
SZ,002327,2017-01-03 09:50:33,8.9000,2,50329.0000,56,B,8.9000,8.8900,8.8800,8.8700,8.8600,8.9100,8.9200,8.9300,8.9400,8.9500,18,18,443,94,158,120,300,322,535,650
SZ,002327,2017-01-03 09:50:36,8.9000,3,9790.0000,11,S,8.9000,8.8900,8.8800,8.8700,8.8600,8.9100,8.9200,8.9300,8.9400,8.9500,57,18,443,94,158,120,300,322,535,650
SZ,002327,2017-01-03 09:50:42,8.9100,1,12474.0000,14,B,8.9000,8.8900,8.8800,8.8700,8.8600,8.9100,8.9200,8.9300,8.9400,8.9500,57,18,443,94,158,112,300,322,535,650
SZ,002327,2017-01-03 09:50:48,8.9100,6,148797.0000,167,B,8.9000,8.8900,8.8800,8.8700,8.8600,8.9100,8.9200,8.9300,8.9400,8.9500,57,18,443,94,158,42,300,322,535,650
SZ,002327,2017-01-03 09:51:00,8.9000,2,8900.0000,10,S,8.9000,8.8900,8.8800,8.8700,8.8600,8.9100,8.9200,8.9300,8.9400,8.9500,47,18,443,94,158,62,302,323,531,650
SZ,002327,2017-01-03 09:51:03,8.9100,2,44550.0000,50,B,8.9000,8.8900,8.8800,8.8700,8.8600,8.9100,8.9200,8.9300,8.9400,8.9500,47,24,443,99,158,12,302,323,531,650
SZ,002327,2017-01-03 09:51:15,8.9000,1,42231.0000,48,S,8.8900,8.8800,8.8700,8.8600,8.8500,8.9000,8.9100,8.9200,8.9300,8.9400,24,443,99,158,218,7,26,319,328,531
SZ,002327,2017-01-03 09:51:18,8.9100,3,17813.0000,20,B,8.8900,8.8800,8.8700,8.8600,8.8500,8.9100,8.9200,8.9300,8.9400,8.9500,24,443,99,158,218,13,319,328,531,650
SZ,002327,2017-01-03 09:51:30,8.9000,1,890.0000,1,B,8.8900,8.8800,8.8700,8.8600,8.8500,8.9000,8.9100,8.9200,8.9300,8.9400,24,448,99,158,218,1,31,319,385,531
SZ,002327,2017-01-03 09:51:33,8.9000,1,890.0000,1,B,8.8900,8.8800,8.8700,8.8600,8.8500,8.9100,8.9200,8.9300,8.9400,8.9500,24,448,99,159,218,34,329,385,531,650
SZ,002327,2017-01-03 09:51:36,8.8900,1,889.0000,1,S,8.8900,8.8800,8.8700,8.8600,8.8500,8.9100,8.9200,8.9300,8.9400,8.9500,23,448,99,159,218,34,329,385,531,650
SZ,002327,2017-01-03 09:51:48,8.9100,7,123764.0000,139,B,8.9000,8.8900,8.8800,8.8700,8.8600,8.9100,8.9200,8.9300,8.9400,8.9500,20,23,448,99,159,13,339,385,531,650
SZ,002327,2017-01-03 09:51:57,8.9000,4,18690.0000,21,S,8.8900,8.8800,8.8700,8.8600,8.8500,8.9000,8.9100,8.9200,8.9300,8.9400,23,448,102,159,218,30,58,339,385,531
SZ,002327,2017-01-03 09:52:03,8.9000,1,21360.0000,24,B,8.8900,8.8800,8.8700,8.8600,8.8500,8.9000,8.9100,8.9200,8.9300,8.9400,23,448,102,159,218,38,58,339,385,531
SZ,002327,2017-01-03 09:52:18,8.9000,1,23140.0000,26,B,8.8900,8.8800,8.8700,8.8600,8.8500,8.9000,8.9100,8.9200,8.9300,8.9400,23,448,102,159,218,23,78,339,385,531
SZ,002327,2017-01-03 09:52:27,8.8900,2,12446.0000,14,S,8.8900,8.8800,8.8700,8.8600,8.8500,8.9000,8.9100,8.9200,8.9300,8.9400,9,448,102,159,218,23,78,331,385,531
SZ,002327,2017-01-03 09:52:33,8.9000,3,17799.0000,20,B,8.8900,8.8800,8.8700,8.8600,8.8500,8.9000,8.9100,8.9200,8.9300,8.9400,8,448,102,159,218,4,78,331,385,531
SZ,002327,2017-01-03 09:52:39,8.8900,3,17984.0000,20,S,8.8800,8.8700,8.8600,8.8500,8.8400,8.8900,8.9000,8.9100,8.9200,8.9300,448,102,159,218,70,209,4,272,331,385
SZ,002327,2017-01-03 09:52:48,8.8900,1,149352.0000,168,B,8.8800,8.8700,8.8600,8.8500,8.8400,8.8900,8.9000,8.9100,8.9200,8.9300,248,102,159,218,70,41,8,272,327,385
SZ,002327,2017-01-03 09:52:51,8.8900,1,889.0000,1,B,8.8800,8.8700,8.8600,8.8500,8.8400,8.8900,8.9000,8.9100,8.9200,8.9300,248,102,159,218,70,40,8,272,327,385
SZ,002327,2017-01-03 09:52:54,8.8900,1,8890.0000,10,B,8.8800,8.8700,8.8600,8.8500,8.8400,8.8900,8.9000,8.9100,8.9200,8.9300,248,102,159,218,70,30,8,272,327,459
SZ,002327,2017-01-03 09:53:03,8.8900,1,21336.0000,24,B,8.8800,8.8700,8.8600,8.8500,8.8400,8.8900,8.9000,8.9100,8.9200,8.9300,248,102,159,218,70,6,8,272,327,459
SZ,002327,2017-01-03 09:53:12,8.8800,1,5328.0000,6,S,8.8800,8.8700,8.8600,8.8500,8.8400,8.8900,8.9000,8.9100,8.9200,8.9300,242,102,147,218,70,6,8,282,327,459
SZ,002327,2017-01-03 09:53:15,8.8900,1,6019.0000,7,B,8.8900,8.8800,8.8700,8.8600,8.8500,8.9000,8.9100,8.9200,8.9300,8.9400,0,242,33,147,218,8,303,327,459,531
SZ,002327,2017-01-03 09:53:18,8.9000,2,6230.0000,7,B,8.8900,8.8800,8.8700,8.8600,8.8500,8.9000,8.9100,8.9200,8.9300,8.9400,0,242,33,147,218,1,303,327,459,531
SZ,002327,2017-01-03 09:53:24,8.9100,2,2671.0000,3,B,8.8900,8.8800,8.8700,8.8600,8.8500,8.9100,8.9200,8.9300,8.9400,8.9500,14,242,33,82,218,313,327,459,531,650
SZ,002327,2017-01-03 09:53:33,8.9100,11,225419.0000,253,B,8.8900,8.8800,8.8700,8.8600,8.8500,8.9100,8.9200,8.9300,8.9400,8.9500,12,242,33,82,218,62,327,459,531,650
SZ,002327,2017-01-03 09:53:45,8.9100,2,18701.0000,21,B,8.8900,8.8800,8.8700,8.8600,8.8500,8.9100,8.9200,8.9300,8.9400,8.9500,12,242,33,82,218,51,327,459,531,650
SZ,002327,2017-01-03 09:53:48,8.8900,3,48211.0000,54,S,8.8800,8.8700,8.8600,8.8500,8.8400,8.8900,8.9100,8.9200,8.9300,8.9400,242,33,82,218,127,2,51,327,459,531
SZ,002327,2017-01-03 09:53:51,8.8900,1,889.0000,1,B,8.8800,8.8700,8.8600,8.8500,8.8400,8.8900,8.9100,8.9200,8.9300,8.9400,242,33,82,218,127,1,64,327,459,531
SZ,002327,2017-01-03 09:53:57,8.8800,1,55944.0000,63,S,8.8800,8.8700,8.8600,8.8500,8.8400,8.8900,8.9100,8.9200,8.9300,8.9400,179,33,82,218,127,1,89,327,459,531
SZ,002327,2017-01-03 09:54:00,8.8900,1,1573.0000,2,B,8.8900,8.8800,8.8700,8.8600,8.8500,8.9100,8.9200,8.9300,8.9400,8.9500,8,179,33,82,218,89,317,459,531,650
SZ,002327,2017-01-03 09:54:03,8.8900,7,70363.0000,79,S,8.8900,8.8800,8.8700,8.8600,8.8500,8.9100,8.9200,8.9300,8.9400,8.9500,0,179,33,82,218,70,317,459,531,650
SZ,002327,2017-01-03 09:54:18,8.9100,3,50787.0000,57,B,8.8900,8.8800,8.8700,8.8600,8.8500,8.9100,8.9200,8.9300,8.9400,8.9500,3,179,33,82,218,13,324,459,539,650
SZ,002327,2017-01-03 09:54:33,8.9100,4,24055.0000,27,B,8.8900,8.8800,8.8700,8.8600,8.8500,8.9100,8.9200,8.9300,8.9400,8.9500,9,179,33,109,218,5,335,459,539,650
SZ,002327,2017-01-03 09:54:39,8.8900,1,1778.0000,2,S,8.8900,8.8800,8.8700,8.8600,8.8500,8.9100,8.9200,8.9300,8.9400,8.9500,7,179,33,139,218,60,335,459,539,650
SZ,002327,2017-01-03 09:54:48,8.9100,3,43659.0000,49,B,8.8900,8.8800,8.8700,8.8600,8.8500,8.9100,8.9200,8.9300,8.9400,8.9500,7,179,33,139,228,51,335,459,539,650
SZ,002327,2017-01-03 09:55:03,8.9100,3,92664.0000,104,B,8.8900,8.8800,8.8700,8.8600,8.8500,8.9100,8.9200,8.9300,8.9400,8.9500,7,179,33,139,228,25,317,459,539,650
SZ,002327,2017-01-03 09:55:06,8.9100,1,12474.0000,14,B,8.8900,8.8800,8.8700,8.8600,8.8500,8.9100,8.9200,8.9300,8.9400,8.9500,7,179,33,139,228,11,317,459,539,650
SZ,002327,2017-01-03 09:55:09,8.8900,2,6428.0000,7,S,8.8800,8.8700,8.8600,8.8500,8.8400,8.8900,8.9100,8.9200,8.9300,8.9400,179,33,139,228,127,27,11,317,459,539
SZ,002327,2017-01-03 09:55:18,8.8900,1,18669.0000,21,B,8.8800,8.8700,8.8600,8.8500,8.8400,8.8900,8.9000,8.9100,8.9200,8.9300,179,33,139,228,127,6,4,86,333,459
SZ,002327,2017-01-03 09:55:33,8.8900,2,60389.0000,68,B,8.8800,8.8700,8.8600,8.8500,8.8400,8.8900,8.9000,8.9100,8.9200,8.9300,116,33,139,228,127,1,4,163,333,459
SZ,002327,2017-01-03 09:55:48,8.8900,2,5547.0000,6,B,8.8900,8.8800,8.8700,8.8600,8.8500,8.9000,8.9100,8.9200,8.9300,8.9400,18,116,33,139,228,14,166,336,459,559
SZ,002327,2017-01-03 09:55:51,8.8900,2,16678.0000,19,S,8.8800,8.8700,8.8600,8.8500,8.8400,8.8900,8.9000,8.9100,8.9200,8.9300,116,33,139,228,127,11,14,166,336,459
SZ,002327,2017-01-03 09:56:03,8.8800,7,111000.0000,125,S,8.8700,8.8600,8.8500,8.8400,8.8300,8.8800,8.8900,8.9000,8.9100,8.9200,33,139,228,127,119,141,11,109,116,336
SZ,002327,2017-01-03 09:56:06,8.8800,2,62160.0000,70,B,8.8700,8.8600,8.8500,8.8400,8.8300,8.8800,8.8900,8.9000,8.9100,8.9200,33,139,228,127,119,71,11,109,116,336
SZ,002327,2017-01-03 09:56:15,8.8800,1,15096.0000,17,B,8.8700,8.8600,8.8500,8.8400,8.8300,8.8800,8.8900,8.9000,8.9100,8.9200,33,139,228,127,119,88,11,109,133,336
SZ,002327,2017-01-03 09:56:18,8.8800,2,63048.0000,71,B,8.8700,8.8600,8.8500,8.8400,8.8300,8.8800,8.8900,8.9000,8.9100,8.9200,33,139,228,127,119,17,11,109,133,336
SZ,002327,2017-01-03 09:56:33,8.8800,3,25737.0000,29,B,8.8700,8.8600,8.8500,8.8400,8.8300,8.8800,8.8900,8.9000,8.9100,8.9200,18,139,228,127,119,3,11,165,333,336
SZ,002327,2017-01-03 09:56:48,8.8800,1,2664.0000,3,B,8.8700,8.8600,8.8500,8.8400,8.8300,8.8800,8.8900,8.9000,8.9100,8.9200,18,139,228,127,119,0,11,165,343,336
SZ,002327,2017-01-03 09:57:03,8.8800,3,10653.0000,12,B,8.8700,8.8600,8.8500,8.8400,8.8300,8.8800,8.8900,8.9000,8.9100,8.9200,15,139,228,127,119,2,11,165,343,336
SZ,002327,2017-01-03 09:57:15,8.8700,4,22175.0000,25,S,8.8600,8.8500,8.8400,8.8300,8.8200,8.8700,8.8800,8.8900,8.9000,8.9100,149,208,127,119,240,39,2,11,165,343
SZ,002327,2017-01-03 09:57:18,8.8700,2,34593.0000,39,B,8.8700,8.8600,8.8500,8.8400,8.8300,8.8800,8.8900,8.9000,8.9100,8.9200,2,149,208,127,119,2,11,165,343,336
SZ,002327,2017-01-03 09:57:27,8.8700,2,5322.0000,6,S,8.8700,8.8600,8.8500,8.8400,8.8300,8.8800,8.8900,8.9000,8.9100,8.9200,16,149,208,127,119,2,11,165,343,336
SZ,002327,2017-01-03 09:57:33,8.8800,1,1776.0000,2,B,8.8700,8.8600,8.8500,8.8400,8.8300,8.8800,8.8900,8.9000,8.9100,8.9200,16,149,208,127,119,0,11,171,343,336
SZ,002327,2017-01-03 09:58:03,8.9000,5,125907.0000,141,B,8.8800,8.8700,8.8600,8.8500,8.8400,8.9000,8.9100,8.9200,8.9300,8.9400,10,16,149,568,127,36,343,336,367,559
SZ,002327,2017-01-03 09:58:06,8.8800,2,1776.0000,2,S,8.8800,8.8700,8.8600,8.8500,8.8400,8.8900,8.9000,8.9100,8.9200,8.9300,8,16,149,568,127,10,36,343,336,367
SZ,002327,2017-01-03 09:58:09,8.8800,1,1776.0000,2,S,8.8800,8.8700,8.8600,8.8500,8.8400,8.8900,8.9000,8.9100,8.9200,8.9300,6,16,149,568,127,10,36,343,336,367
SZ,002327,2017-01-03 09:58:12,8.8800,1,5799.0000,7,S,8.8700,8.8600,8.8500,8.8400,8.8300,8.8800,8.8900,8.9000,8.9100,8.9200,16,149,568,127,119,30,10,36,343,336
SZ,002327,2017-01-03 09:58:18,8.9100,14,204782.0000,230,B,8.8800,8.8700,8.8600,8.8500,8.8400,8.9100,8.9200,8.9300,8.9400,8.9500,25,16,149,568,127,190,336,367,559,650
SZ,002327,2017-01-03 09:58:30,8.9100,1,891.0000,1,B,8.8800,8.8700,8.8600,8.8500,8.8400,8.9100,8.9200,8.9300,8.9400,8.9500,25,70,266,568,127,189,336,367,559,650
SZ,002327,2017-01-03 09:58:33,8.9100,3,168836.0000,189,B,8.9100,8.8800,8.8700,8.8600,8.8500,8.9200,8.9300,8.9400,8.9500,8.9600,41,25,70,266,568,336,367,559,650,130
SZ,002327,2017-01-03 09:58:42,8.8800,3,94825.0000,107,S,8.8700,8.8600,8.8500,8.8400,8.8300,8.8800,8.9200,8.9300,8.9400,8.9500,70,266,568,127,119,59,336,381,559,650
SZ,002327,2017-01-03 09:58:45,8.8800,1,888.0000,1,B,8.8700,8.8600,8.8500,8.8400,8.8300,8.8800,8.9100,8.9200,8.9300,8.9400,70,266,568,127,119,58,20,336,377,559
SZ,002327,2017-01-03 09:58:48,8.8800,1,41736.0000,47,B,8.8700,8.8600,8.8500,8.8400,8.8300,8.8800,8.9100,8.9200,8.9300,8.9400,70,266,568,127,119,11,25,336,377,559
SZ,002327,2017-01-03 09:58:54,8.8700,4,61209.0000,69,S,8.8700,8.8600,8.8500,8.8400,8.8300,8.8800,8.9100,8.9200,8.9300,8.9400,7,271,568,127,119,42,75,336,377,559
SZ,002327,2017-01-03 09:59:03,8.8800,2,30192.0000,34,B,8.8700,8.8600,8.8500,8.8400,8.8300,8.8800,8.9000,8.9100,8.9200,8.9300,7,271,568,127,119,8,4,85,326,377
SZ,002327,2017-01-03 09:59:15,8.8800,1,7592.0000,8,B,8.8800,8.8700,8.8600,8.8500,8.8400,8.9000,8.9100,8.9200,8.9300,8.9400,41,28,271,568,127,4,85,311,377,559
SZ,002327,2017-01-03 09:59:18,8.9000,1,2670.0000,3,B,8.8800,8.8700,8.8600,8.8500,8.8400,8.9000,8.9100,8.9200,8.9300,8.9400,41,38,271,568,127,1,100,311,377,559
SZ,002327,2017-01-03 09:59:33,8.9000,1,890.0000,1,B,8.8800,8.8700,8.8600,8.8500,8.8400,8.9100,8.9200,8.9300,8.9400,8.9500,41,37,321,568,127,285,311,377,564,650
SZ,002327,2017-01-03 09:59:42,8.8800,1,1776.0000,2,S,8.8800,8.8700,8.8600,8.8500,8.8400,8.9100,8.9200,8.9300,8.9400,8.9500,39,37,321,568,127,285,311,377,564,650
SZ,002327,2017-01-03 09:59:48,8.9100,7,203148.0000,228,B,8.8800,8.8700,8.8600,8.8500,8.8400,8.9100,8.9200,8.9300,8.9400,8.9500,39,37,321,568,127,57,311,377,564,650
SZ,002327,2017-01-03 09:59:57,8.8800,2,116728.0000,132,S,8.8700,8.8600,8.8500,8.8400,8.8300,8.8800,8.9000,8.9100,8.9200,8.9300,37,321,568,127,119,37,14,57,311,377
SZ,002327,2017-01-03 10:00:03,8.8800,1,26640.0000,30,B,8.8700,8.8600,8.8500,8.8400,8.8300,8.8800,8.9000,8.9100,8.9200,8.9300,27,321,568,127,119,7,14,57,311,377
SZ,002327,2017-01-03 10:00:06,8.8800,1,6704.0000,7,B,8.8800,8.8700,8.8600,8.8500,8.8400,8.9000,8.9100,8.9200,8.9300,8.9400,1,27,321,568,127,14,57,311,377,564
SZ,002327,2017-01-03 10:00:18,8.9000,1,9790.0000,11,B,8.8800,8.8700,8.8600,8.8500,8.8400,8.9000,8.9100,8.9200,8.9300,8.9400,1,92,331,648,127,3,57,311,377,564
SZ,002327,2017-01-03 10:00:33,8.8800,3,5734.0000,7,S,8.8700,8.8600,8.8500,8.8400,8.8300,8.8800,8.9100,8.9200,8.9300,8.9400,112,331,648,127,119,59,157,311,377,564
SZ,002327,2017-01-03 10:00:45,8.8800,1,9768.0000,11,B,8.8700,8.8600,8.8500,8.8400,8.8300,8.8800,8.9100,8.9200,8.9300,8.9400,122,331,648,127,119,48,157,311,377,564
SZ,002327,2017-01-03 10:00:48,8.8800,1,41736.0000,47,B,8.8700,8.8600,8.8500,8.8400,8.8300,8.8800,8.9000,8.9100,8.9200,8.9300,122,331,648,127,119,1,13,157,311,377
SZ,002327,2017-01-03 10:01:03,8.8800,1,1376.0000,1,B,8.8800,8.8700,8.8600,8.8500,8.8400,8.9000,8.9100,8.9200,8.9300,8.9400,0,222,331,648,127,13,157,335,377,564
SZ,002327,2017-01-03 10:01:18,8.9000,2,56960.0000,64,B,8.8800,8.8700,8.8600,8.8500,8.8400,8.9000,8.9100,8.9200,8.9300,8.9400,1,222,331,648,127,17,170,335,377,564
SZ,002327,2017-01-03 10:01:24,8.8800,2,1288.0000,2,S,8.8700,8.8600,8.8500,8.8400,8.8300,8.8800,8.9000,8.9100,8.9200,8.9300,222,331,648,127,119,0,17,170,335,377
SZ,002327,2017-01-03 10:01:27,8.9000,2,1779.0000,2,B,8.8700,8.8600,8.8500,8.8400,8.8300,8.9000,8.9100,8.9200,8.9300,8.9400,222,331,648,127,119,60,170,335,377,564
SZ,002327,2017-01-03 10:01:33,8.9000,2,50730.0000,57,B,8.8800,8.8700,8.8600,8.8500,8.8400,8.9000,8.9100,8.9200,8.9300,8.9400,10,222,331,648,127,13,170,335,377,564
SZ,002327,2017-01-03 10:01:48,8.9000,1,2670.0000,3,B,8.8800,8.8700,8.8600,8.8500,8.8400,8.9000,8.9100,8.9200,8.9300,8.9400,10,222,331,648,127,0,204,335,377,564
SZ,002327,2017-01-03 10:02:03,8.9000,2,67640.0000,76,B,8.8800,8.8700,8.8600,8.8500,8.8400,8.9000,8.9100,8.9200,8.9300,8.9400,10,222,331,648,127,19,204,335,377,564
SZ,002327,2017-01-03 10:02:18,8.9000,1,15130.0000,17,B,8.8800,8.8700,8.8600,8.8500,8.8400,8.9000,8.9100,8.9200,8.9300,8.9400,60,222,331,648,127,3,204,335,377,564
SZ,002327,2017-01-03 10:02:21,8.8700,3,55054.0000,62,S,8.8700,8.8600,8.8500,8.8400,8.8300,8.8800,8.9000,8.9100,8.9200,8.9300,220,331,648,127,119,3,3,204,335,377
SZ,002327,2017-01-03 10:02:33,8.8700,4,40828.0000,46,S,8.8700,8.8600,8.8500,8.8400,8.8300,8.8800,8.8900,8.9000,8.9100,8.9200,205,331,648,127,119,27,6,3,204,335
SZ,002327,2017-01-03 10:02:36,8.8700,6,149903.0000,169,S,8.8700,8.8600,8.8500,8.8400,8.8300,8.8800,8.8900,8.9000,8.9100,8.9200,81,326,648,127,119,27,6,3,204,335
SZ,002327,2017-01-03 10:02:48,8.8800,3,19536.0000,22,B,8.8700,8.8600,8.8500,8.8400,8.8300,8.8800,8.8900,8.9000,8.9100,8.9200,81,326,648,127,119,5,6,6,204,335
SZ,002327,2017-01-03 10:03:03,8.8900,2,5330.0000,6,B,8.8700,8.8600,8.8500,8.8400,8.8300,8.8900,8.9000,8.9100,8.9200,8.9300,130,326,648,127,119,2,36,224,434,381
SZ,002327,2017-01-03 10:03:18,8.8900,1,1778.0000,2,B,8.8700,8.8600,8.8500,8.8400,8.8300,8.9000,8.9100,8.9200,8.9300,8.9400,210,336,648,127,119,40,254,434,373,564
SZ,002327,2017-01-03 10:03:27,8.9000,5,36089.0000,40,B,8.9000,8.8700,8.8600,8.8500,8.8400,8.9100,8.9200,8.9300,8.9400,8.9500,10,220,336,648,127,270,434,373,564,650
SZ,002327,2017-01-03 10:03:33,8.9100,9,198686.0000,223,B,8.9000,8.8700,8.8600,8.8500,8.8400,8.9100,8.9200,8.9300,8.9400,8.9500,3,220,336,648,127,54,434,373,576,650
SZ,002327,2017-01-03 10:03:42,8.9000,1,3071.0000,4,S,8.8800,8.8700,8.8600,8.8500,8.8400,8.9000,8.9100,8.9200,8.9300,8.9400,39,220,336,648,127,6,54,434,373,576
SZ,002327,2017-01-03 10:03:48,8.9000,3,14240.0000,16,B,8.8800,8.8700,8.8600,8.8500,8.8400,8.9000,8.9100,8.9200,8.9300,8.9400,39,220,336,648,127,3,59,434,373,576
SZ,002327,2017-01-03 10:03:54,8.8800,1,34632.0000,39,S,8.8700,8.8600,8.8500,8.8400,8.8300,8.8800,8.9000,8.9100,8.9200,8.9300,220,336,648,127,119,24,8,59,434,373
SZ,002327,2017-01-03 10:04:03,8.8800,1,16872.0000,19,B,8.8700,8.8600,8.8500,8.8400,8.8300,8.8800,8.9000,8.9100,8.9200,8.9300,220,336,648,127,119,5,8,99,434,373
SZ,002327,2017-01-03 10:04:18,8.8800,1,3552.0000,4,B,8.8700,8.8600,8.8500,8.8400,8.8300,8.8800,8.9000,8.9100,8.9200,8.9300,220,336,648,157,119,1,30,130,434,373
SZ,002327,2017-01-03 10:04:27,8.8800,2,6216.0000,7,B,8.8700,8.8600,8.8500,8.8400,8.8300,8.8800,8.9000,8.9100,8.9200,8.9300,220,336,648,157,119,114,30,126,434,373
SZ,002327,2017-01-03 10:04:33,8.8800,1,80808.0000,91,B,8.8700,8.8600,8.8500,8.8400,8.8300,8.8800,8.8900,8.9000,8.9100,8.9200,220,336,648,157,119,23,4,50,126,434
SZ,002327,2017-01-03 10:04:39,8.8700,1,887.0000,1,S,8.8700,8.8600,8.8500,8.8400,8.8300,8.8800,8.8900,8.9000,8.9100,8.9200,219,336,648,157,119,23,4,50,128,434
SZ,002327,2017-01-03 10:04:42,8.8800,1,20424.0000,23,B,8.8800,8.8700,8.8600,8.8500,8.8400,8.8900,8.9000,8.9100,8.9200,8.9300,7,219,336,648,157,4,50,128,434,373
SZ,002327,2017-01-03 10:04:45,8.8800,1,1776.0000,2,S,8.8800,8.8700,8.8600,8.8500,8.8400,8.8900,8.9000,8.9100,8.9200,8.9300,5,219,336,648,157,4,55,128,434,373
SZ,002327,2017-01-03 10:04:48,8.8900,1,3556.0000,4,B,8.8800,8.8700,8.8600,8.8500,8.8400,8.9000,8.9100,8.9200,8.9300,8.9400,5,219,336,648,157,55,128,434,373,576
SZ,002327,2017-01-03 10:05:03,8.9000,4,39160.0000,44,B,8.8800,8.8700,8.8600,8.8500,8.8400,8.9000,8.9100,8.9200,8.9300,8.9400,5,219,336,648,157,15,119,434,373,576
SZ,002327,2017-01-03 10:05:18,8.9000,3,10680.0000,12,B,8.8800,8.8700,8.8600,8.8500,8.8400,8.9000,8.9100,8.9200,8.9300,8.9400,6,219,336,648,157,3,119,434,373,576
SZ,002327,2017-01-03 10:05:27,8.9000,1,890.0000,1,B,8.8800,8.8700,8.8600,8.8500,8.8400,8.9000,8.9100,8.9200,8.9300,8.9400,6,219,336,648,157,2,119,434,373,576
SZ,002327,2017-01-03 10:05:33,8.9000,1,1780.0000,2,B,8.8800,8.8700,8.8600,8.8500,8.8400,8.9000,8.9100,8.9200,8.9300,8.9400,26,219,336,648,157,0,119,434,373,576
SZ,002327,2017-01-03 10:05:39,8.8800,3,23088.0000,26,S,8.8700,8.8600,8.8500,8.8400,8.8300,8.8800,8.9000,8.9100,8.9200,8.9300,219,336,648,157,119,37,0,119,434,373
SZ,002327,2017-01-03 10:05:48,8.9000,3,44426.0000,50,B,8.8800,8.8700,8.8600,8.8500,8.8400,8.9000,8.9100,8.9200,8.9300,8.9400,30,219,336,648,157,87,119,434,373,576
SZ,002327,2017-01-03 10:06:06,8.8700,1,1774.0000,2,S,8.8700,8.8600,8.8500,8.8400,8.8300,8.9000,8.9100,8.9200,8.9300,8.9400,217,336,288,157,124,117,119,434,373,576
SZ,002327,2017-01-03 10:06:27,8.8800,1,1776.0000,2,S,8.8800,8.8700,8.8600,8.8500,8.8400,8.9000,8.9100,8.9200,8.9300,8.9400,3,217,336,288,157,127,119,434,373,576
SZ,002327,2017-01-03 10:06:45,8.8800,1,888.0000,1,S,8.8800,8.8700,8.8600,8.8500,8.8400,8.8900,8.9000,8.9100,8.9200,8.9300,2,311,336,288,157,10,134,99,422,316
SZ,002327,2017-01-03 10:06:57,8.8800,1,1776.0000,2,S,8.8700,8.8600,8.8500,8.8400,8.8300,8.8800,8.8900,8.9000,8.9100,8.9200,338,336,288,157,124,9,10,134,99,422
SZ,002327,2017-01-03 10:07:00,8.8800,1,3552.0000,4,B,8.8700,8.8600,8.8500,8.8400,8.8300,8.8800,8.8900,8.9000,8.9100,8.9200,338,336,288,157,124,5,10,134,111,422
SZ,002327,2017-01-03 10:07:15,8.8900,2,13543.0000,15,B,8.8900,8.8800,8.8700,8.8600,8.8500,8.9000,8.9100,8.9200,8.9300,8.9400,29,22,340,336,288,134,121,422,316,576
SZ,002327,2017-01-03 10:07:18,8.8900,1,26457.0000,30,S,8.8800,8.8700,8.8600,8.8500,8.8400,8.8900,8.9000,8.9100,8.9200,8.9300,22,340,336,288,157,14,134,121,422,316
SZ,002327,2017-01-03 10:07:24,8.8800,1,19536.0000,22,S,8.8700,8.8600,8.8500,8.8400,8.8300,8.8800,8.8900,8.9000,8.9100,8.9200,340,336,288,157,124,42,14,134,121,422
SZ,002327,2017-01-03 10:07:33,8.8800,2,26640.0000,30,B,8.8700,8.8600,8.8500,8.8400,8.8300,8.8800,8.8900,8.9000,8.9100,8.9200,340,336,288,157,124,12,14,134,121,422
SZ,002327,2017-01-03 10:07:36,8.8700,5,93140.0000,105,S,8.8700,8.8600,8.8500,8.8400,8.8300,8.8800,8.8900,8.9000,8.9100,8.9200,240,336,288,157,124,7,14,134,121,422
SZ,002327,2017-01-03 10:07:48,8.8800,3,30165.0000,34,B,8.8800,8.8700,8.8600,8.8500,8.8400,8.8900,8.9000,8.9100,8.9200,8.9300,3,213,336,288,157,19,134,121,422,316
SZ,002327,2017-01-03 10:08:09,8.8800,1,1776.0000,2,S,8.8800,8.8700,8.8600,8.8500,8.8400,8.8900,8.9000,8.9100,8.9200,8.9300,21,213,336,288,157,19,134,121,422,316
SZ,002327,2017-01-03 10:08:36,8.8900,1,4445.0000,5,B,8.8800,8.8700,8.8600,8.8500,8.8400,8.8900,8.9000,8.9100,8.9200,8.9300,41,213,326,298,157,34,134,121,422,316
SZ,002327,2017-01-03 10:08:48,8.8900,5,62167.0000,70,B,8.8700,8.8600,8.8500,8.8400,8.8300,8.8900,8.9000,8.9100,8.9200,8.9300,213,326,298,157,124,27,134,121,422,316
SZ,002327,2017-01-03 10:08:51,8.8900,3,17780.0000,20,B,8.8700,8.8600,8.8500,8.8400,8.8300,8.8900,8.9000,8.9100,8.9200,8.9300,213,326,298,157,124,7,134,121,422,316
SZ,002327,2017-01-03 10:08:54,8.8900,1,6792.0000,8,B,8.8900,8.8700,8.8600,8.8500,8.8400,8.9000,8.9100,8.9200,8.9300,8.9400,142,213,326,298,157,134,121,422,316,576
SZ,002327,2017-01-03 10:09:39,8.8900,1,1778.0000,2,S,8.8900,8.8700,8.8600,8.8500,8.8400,8.9000,8.9100,8.9200,8.9300,8.9400,160,288,326,298,157,149,101,422,316,576
SZ,002327,2017-01-03 10:09:48,8.9000,1,20470.0000,23,B,8.8900,8.8700,8.8600,8.8500,8.8400,8.9000,8.9100,8.9200,8.9300,8.9400,160,288,326,298,157,126,101,422,316,576
SZ,002327,2017-01-03 10:10:12,8.9000,1,31150.0000,35,B,8.8900,8.8800,8.8700,8.8600,8.8500,8.9000,8.9100,8.9200,8.9300,8.9400,160,100,288,326,298,111,101,422,316,576
SZ,002327,2017-01-03 10:10:15,8.9000,1,1780.0000,2,B,8.8900,8.8800,8.8700,8.8600,8.8500,8.9000,8.9100,8.9200,8.9300,8.9400,160,100,288,326,298,109,101,422,316,576
SZ,002327,2017-01-03 10:10:18,8.8900,1,2667.0000,3,S,8.8900,8.8800,8.8700,8.8600,8.8500,8.9000,8.9100,8.9200,8.9300,8.9400,157,100,288,326,298,109,101,422,316,576
SZ,002327,2017-01-03 10:10:39,8.8900,1,56007.0000,63,S,8.8900,8.8800,8.8700,8.8600,8.8500,8.9000,8.9100,8.9200,8.9300,8.9400,94,100,288,326,298,151,101,422,316,576
SZ,002327,2017-01-03 10:10:42,8.8900,1,1778.0000,2,S,8.8900,8.8800,8.8700,8.8600,8.8500,8.9000,8.9100,8.9200,8.9300,8.9400,92,100,288,326,298,151,101,426,316,576
SZ,002327,2017-01-03 10:10:54,8.9000,2,26700.0000,30,B,8.8900,8.8800,8.8700,8.8600,8.8500,8.9000,8.9100,8.9200,8.9300,8.9400,72,100,288,326,298,121,101,426,316,576
SZ,002327,2017-01-03 10:11:18,8.9000,1,8900.0000,10,B,8.8900,8.8800,8.8700,8.8600,8.8500,8.9000,8.9100,8.9200,8.9300,8.9400,72,100,288,326,298,325,101,426,316,576
SZ,002327,2017-01-03 10:11:21,8.8900,1,1778.0000,2,S,8.8900,8.8800,8.8700,8.8600,8.8500,8.9000,8.9100,8.9200,8.9300,8.9400,70,100,288,326,298,325,101,426,316,576
SZ,002327,2017-01-03 10:11:42,8.8900,1,8890.0000,10,S,8.8900,8.8800,8.8700,8.8600,8.8500,8.9000,8.9100,8.9200,8.9300,8.9400,113,100,288,326,298,325,101,426,316,576
SZ,002327,2017-01-03 10:11:45,8.9000,1,1780.0000,2,B,8.8900,8.8800,8.8700,8.8600,8.8500,8.9000,8.9100,8.9200,8.9300,8.9400,113,104,288,326,298,323,101,426,316,576
SZ,002327,2017-01-03 10:12:06,8.8900,2,56007.0000,63,S,8.8900,8.8800,8.8700,8.8600,8.8500,8.9000,8.9100,8.9200,8.9300,8.9400,50,137,288,326,318,323,109,426,316,576
SZ,002327,2017-01-03 10:12:30,8.8900,1,1778.0000,2,S,8.8900,8.8800,8.8700,8.8600,8.8500,8.9000,8.9100,8.9200,8.9300,8.9400,86,133,301,327,318,334,109,426,316,576
SZ,002327,2017-01-03 10:12:39,8.8900,2,42743.0000,48,S,8.8900,8.8800,8.8700,8.8600,8.8500,8.9000,8.9100,8.9200,8.9300,8.9400,67,133,301,327,318,344,109,426,316,576
SZ,002327,2017-01-03 10:12:45,8.8900,5,104013.0000,117,S,8.8900,8.8800,8.8700,8.8600,8.8500,8.9000,8.9100,8.9200,8.9300,8.9400,35,133,301,327,318,344,109,426,316,576
SZ,002327,2017-01-03 10:13:00,8.8900,1,1778.0000,2,S,8.8900,8.8800,8.8700,8.8600,8.8500,8.9000,8.9100,8.9200,8.9300,8.9400,33,133,301,327,318,344,109,426,316,576
SZ,002327,2017-01-03 10:13:15,8.8900,1,13335.0000,15,S,8.8900,8.8800,8.8700,8.8600,8.8500,8.9000,8.9100,8.9200,8.9300,8.9400,18,133,301,327,318,344,109,426,316,576
SZ,002327,2017-01-03 10:13:24,8.8900,1,13335.0000,15,S,8.8900,8.8800,8.8700,8.8600,8.8500,8.9000,8.9100,8.9200,8.9300,8.9400,3,133,301,327,318,344,109,426,316,576
SZ,002327,2017-01-03 10:13:42,8.8900,2,9779.0000,11,S,8.8900,8.8800,8.8700,8.8600,8.8500,8.9000,8.9100,8.9200,8.9300,8.9400,22,133,301,327,318,329,109,426,316,576
SZ,002327,2017-01-03 10:13:51,8.8900,1,19807.0000,22,S,8.8800,8.8700,8.8600,8.8500,8.8400,8.8900,8.9000,8.9100,8.9200,8.9300,133,301,327,318,157,40,329,166,426,316
SZ,002327,2017-01-03 10:14:03,8.8900,1,889.0000,1,B,8.8800,8.8700,8.8600,8.8500,8.8400,8.8900,8.9000,8.9100,8.9200,8.9300,133,301,297,318,157,39,329,166,426,316
SZ,002327,2017-01-03 10:14:42,8.8800,1,1776.0000,2,S,8.8800,8.8700,8.8600,8.8500,8.8400,8.8900,8.9000,8.9100,8.9200,8.9300,143,299,297,318,157,39,339,166,426,316
SZ,002327,2017-01-03 10:14:48,8.8900,4,50669.0000,57,B,8.8800,8.8700,8.8600,8.8500,8.8400,8.8900,8.9000,8.9100,8.9200,8.9300,239,299,297,318,157,31,339,166,426,316
SZ,002327,2017-01-03 10:14:57,8.8900,1,4445.0000,5,B,8.8800,8.8700,8.8600,8.8500,8.8400,8.8900,8.9000,8.9100,8.9200,8.9300,249,286,297,318,157,26,339,166,426,316
SZ,002327,2017-01-03 10:15:00,8.8800,2,31085.0000,35,S,8.8800,8.8700,8.8600,8.8500,8.8400,8.8900,8.9000,8.9100,8.9200,8.9300,219,286,297,318,157,21,339,166,426,316
SZ,002327,2017-01-03 10:15:33,8.8800,1,56832.0000,64,S,8.8800,8.8700,8.8600,8.8500,8.8400,8.8900,8.9000,8.9100,8.9200,8.9300,155,286,297,318,157,98,419,166,419,316
SZ,002327,2017-01-03 10:15:36,8.8900,1,11557.0000,13,B,8.8800,8.8700,8.8600,8.8500,8.8400,8.8900,8.9000,8.9100,8.9200,8.9300,155,286,297,318,157,85,419,166,419,316
SZ,002327,2017-01-03 10:15:42,8.8900,2,8890.0000,10,B,8.8800,8.8700,8.8600,8.8500,8.8400,8.8900,8.9000,8.9100,8.9200,8.9300,155,286,297,318,157,75,419,166,419,316
SZ,002327,2017-01-03 10:16:09,8.8800,4,51121.0000,57,S,8.8800,8.8700,8.8600,8.8500,8.8400,8.8900,8.9000,8.9100,8.9200,8.9300,105,296,297,318,157,71,423,164,415,316
SZ,002327,2017-01-03 10:16:27,8.8800,1,1776.0000,2,S,8.8800,8.8700,8.8600,8.8500,8.8400,8.8900,8.9000,8.9100,8.9200,8.9300,103,296,297,318,157,71,427,164,415,316
SZ,002327,2017-01-03 10:16:36,8.8900,1,889.0000,1,B,8.8800,8.8700,8.8600,8.8500,8.8400,8.8900,8.9000,8.9100,8.9200,8.9300,103,296,297,318,189,70,429,164,415,316
SZ,002327,2017-01-03 10:16:45,8.8900,1,889.0000,1,B,8.8800,8.8700,8.8600,8.8500,8.8400,8.8900,8.9000,8.9100,8.9200,8.9300,103,296,297,318,189,69,429,164,415,316
SZ,002327,2017-01-03 10:17:00,8.8800,1,13320.0000,15,S,8.8800,8.8700,8.8600,8.8500,8.8400,8.8900,8.9000,8.9100,8.9200,8.9300,88,296,297,318,189,169,429,107,415,316
SZ,002327,2017-01-03 10:17:21,8.8800,2,63945.0000,72,S,8.8800,8.8700,8.8600,8.8500,8.8400,8.8900,8.9000,8.9100,8.9200,8.9300,45,296,180,318,189,162,429,107,415,316
SZ,002327,2017-01-03 10:17:45,8.8800,3,26640.0000,30,S,8.8800,8.8700,8.8600,8.8500,8.8400,8.8900,8.9000,8.9100,8.9200,8.9300,65,396,180,318,189,162,429,107,415,373
SZ,002327,2017-01-03 10:17:54,8.8900,1,28448.0000,32,B,8.8800,8.8700,8.8600,8.8500,8.8400,8.8900,8.9000,8.9100,8.9200,8.9300,65,396,180,318,189,130,429,107,415,301
SZ,002327,2017-01-03 10:18:00,8.8800,1,1776.0000,2,S,8.8800,8.8700,8.8600,8.8500,8.8400,8.8900,8.9000,8.9100,8.9200,8.9300,63,396,180,318,189,130,439,107,415,301
SZ,002327,2017-01-03 10:18:33,8.8800,2,5328.0000,6,S,8.8800,8.8700,8.8600,8.8500,8.8400,8.8900,8.9000,8.9100,8.9200,8.9300,58,396,180,318,189,184,439,107,415,301
SZ,002327,2017-01-03 10:18:54,8.8800,1,4440.0000,5,S,8.8800,8.8700,8.8600,8.8500,8.8400,8.8900,8.9000,8.9100,8.9200,8.9300,73,396,180,318,189,184,359,107,415,301
SZ,002327,2017-01-03 10:18:57,8.8800,4,55944.0000,63,S,8.8800,8.8700,8.8600,8.8500,8.8400,8.8900,8.9000,8.9100,8.9200,8.9300,10,396,180,318,189,184,359,107,415,301
SZ,002327,2017-01-03 10:19:18,8.8800,1,888.0000,1,S,8.8800,8.8700,8.8600,8.8500,8.8400,8.8900,8.9000,8.9100,8.9200,8.9300,19,396,180,318,189,184,354,180,415,301
SZ,002327,2017-01-03 10:19:33,8.8800,2,12432.0000,14,S,8.8800,8.8700,8.8600,8.8500,8.8400,8.8900,8.9000,8.9100,8.9200,8.9300,6,396,180,318,189,184,354,180,415,301
SZ,002327,2017-01-03 10:19:36,8.8700,6,86932.0000,98,S,8.8700,8.8600,8.8500,8.8400,8.8300,8.8900,8.9000,8.9100,8.9200,8.9300,304,180,318,189,144,184,354,180,415,301
SZ,002327,2017-01-03 10:19:42,8.8700,1,1774.0000,2,S,8.8700,8.8600,8.8500,8.8400,8.8300,8.8800,8.8900,8.9000,8.9100,8.9200,302,180,318,189,144,5,184,354,180,415
SZ,002327,2017-01-03 10:19:45,8.8700,4,117971.0000,133,S,8.8700,8.8600,8.8500,8.8400,8.8300,8.8800,8.8900,8.9000,8.9100,8.9200,169,180,318,189,144,5,184,354,180,415
SZ,002327,2017-01-03 10:20:12,8.8700,1,887.0000,1,S,8.8700,8.8600,8.8500,8.8400,8.8300,8.8800,8.8900,8.9000,8.9100,8.9200,168,180,318,189,155,102,184,350,180,415
SZ,002327,2017-01-03 10:20:24,8.8800,2,2682.0000,3,B,8.8700,8.8600,8.8500,8.8400,8.8300,8.8800,8.8900,8.9000,8.9100,8.9200,168,182,323,189,155,99,184,350,180,415
SZ,002327,2017-01-03 10:20:39,8.8700,4,55881.0000,63,S,8.8700,8.8600,8.8500,8.8400,8.8300,8.8800,8.8900,8.9000,8.9100,8.9200,95,182,323,189,155,97,184,350,107,415
SZ,002327,2017-01-03 10:20:48,8.8700,1,1774.0000,2,S,8.8700,8.8600,8.8500,8.8400,8.8300,8.8800,8.8900,8.9000,8.9100,8.9200,103,187,323,189,155,97,184,350,107,415
SZ,002327,2017-01-03 10:21:12,8.8800,1,8880.0000,10,B,8.8700,8.8600,8.8500,8.8400,8.8300,8.8800,8.8900,8.9000,8.9100,8.9200,153,187,333,189,155,98,184,350,107,415
SZ,002327,2017-01-03 10:21:24,8.8800,4,56832.0000,64,B,8.8700,8.8600,8.8500,8.8400,8.8300,8.8800,8.8900,8.9000,8.9100,8.9200,153,187,333,189,155,34,184,350,107,415
SZ,002327,2017-01-03 10:21:30,8.8700,1,1774.0000,2,S,8.8700,8.8600,8.8500,8.8400,8.8300,8.8800,8.8900,8.9000,8.9100,8.9200,151,187,333,189,155,35,184,350,117,415
SZ,002327,2017-01-03 10:21:33,8.8800,2,26640.0000,30,B,8.8700,8.8600,8.8500,8.8400,8.8300,8.8800,8.8900,8.9000,8.9100,8.9200,151,187,333,189,155,5,184,350,117,415
SZ,002327,2017-01-03 10:21:42,8.8700,5,99249.0000,112,S,8.8700,8.8600,8.8500,8.8400,8.8300,8.8900,8.9000,8.9100,8.9200,8.9300,59,187,333,189,155,184,360,117,415,301
SZ,002327,2017-01-03 10:21:48,8.8800,1,8880.0000,10,B,8.8700,8.8600,8.8500,8.8400,8.8300,8.8800,8.8900,8.9000,8.9100,8.9200,59,187,333,189,155,35,184,360,117,415
SZ,002327,2017-01-03 10:21:51,8.8700,2,15966.0000,18,S,8.8700,8.8600,8.8500,8.8400,8.8300,8.8800,8.8900,8.9000,8.9100,8.9200,41,187,333,189,155,35,184,360,117,415
SZ,002327,2017-01-03 10:22:00,8.8700,1,36855.0000,42,S,8.8600,8.8500,8.8400,8.8300,8.8200,8.8700,8.8800,8.8900,8.9000,8.9100,187,333,189,155,240,28,35,184,350,117
SZ,002327,2017-01-03 10:22:27,8.8700,2,35879.0000,40,B,8.8700,8.8600,8.8500,8.8400,8.8300,8.8800,8.8900,8.9000,8.9100,8.9200,21,237,333,199,155,50,184,350,117,415
SZ,002327,2017-01-03 10:22:30,8.8700,2,19115.0000,22,S,8.8600,8.8500,8.8400,8.8300,8.8200,8.8700,8.8800,8.8900,8.9000,8.9100,265,333,199,155,240,41,50,184,350,117
SZ,002327,2017-01-03 10:22:39,8.8700,1,3548.0000,4,B,8.8600,8.8500,8.8400,8.8300,8.8200,8.8700,8.8800,8.8900,8.9000,8.9100,265,333,179,155,240,37,50,184,350,117
SZ,002327,2017-01-03 10:22:48,8.8700,2,52732.0000,59,B,8.8700,8.8600,8.8500,8.8400,8.8300,8.8800,8.8900,8.9000,8.9100,8.9200,40,285,343,179,155,50,184,350,117,415
SZ,002327,2017-01-03 10:23:03,8.8700,1,1774.0000,2,S,8.8700,8.8600,8.8500,8.8400,8.8300,8.8800,8.8900,8.9000,8.9100,8.9200,72,285,393,179,155,50,184,350,117,415
SZ,002327,2017-01-03 10:23:06,8.8800,2,37296.0000,42,B,8.8700,8.8600,8.8500,8.8400,8.8300,8.8800,8.8900,8.9000,8.9100,8.9200,72,285,393,179,155,8,184,350,132,415
SZ,002327,2017-01-03 10:23:09,8.8700,2,37183.0000,42,S,8.8700,8.8600,8.8500,8.8400,8.8300,8.8800,8.8900,8.9000,8.9100,8.9200,30,285,393,179,155,8,184,350,132,415
SZ,002327,2017-01-03 10:23:24,8.8600,4,68253.0000,77,S,8.8600,8.8500,8.8400,8.8300,8.8200,8.8800,8.8900,8.9000,8.9100,8.9200,239,493,179,155,240,8,184,350,132,415
SZ,002327,2017-01-03 10:24:03,8.8600,5,55818.0000,63,S,8.8600,8.8500,8.8400,8.8300,8.8200,8.8800,8.8900,8.9000,8.9100,8.9200,176,493,179,155,240,8,184,350,132,415
SZ,002327,2017-01-03 10:24:27,8.8700,2,24836.0000,28,S,8.8700,8.8600,8.8500,8.8400,8.8300,8.8800,8.8900,8.9000,8.9100,8.9200,23,201,493,479,155,61,184,350,132,415
SZ,002327,2017-01-03 10:24:45,8.8700,1,1774.0000,2,S,8.8700,8.8600,8.8500,8.8400,8.8300,8.8800,8.8900,8.9000,8.9100,8.9200,21,201,493,479,185,61,184,350,132,415
SZ,002327,2017-01-03 10:24:57,8.8700,1,5322.0000,6,S,8.8700,8.8600,8.8500,8.8400,8.8300,8.8800,8.8900,8.9000,8.9100,8.9200,25,201,493,479,185,83,184,350,132,415
SZ,002327,2017-01-03 10:25:33,8.8700,1,3548.0000,4,S,8.8700,8.8600,8.8500,8.8400,8.8300,8.8800,8.8900,8.9000,8.9100,8.9200,71,176,493,479,185,83,184,350,132,415
SZ,002327,2017-01-03 10:25:54,8.8700,3,56768.0000,64,S,8.8700,8.8600,8.8500,8.8400,8.8300,8.8800,8.8900,8.9000,8.9100,8.9200,7,176,493,479,185,123,184,350,132,415
SZ,002327,2017-01-03 10:26:00,8.8800,6,88800.0000,100,B,8.8700,8.8600,8.8500,8.8400,8.8300,8.8800,8.8900,8.9000,8.9100,8.9200,7,176,493,479,185,23,184,350,132,415
SZ,002327,2017-01-03 10:26:21,8.8800,1,888.0000,1,B,8.8700,8.8600,8.8500,8.8400,8.8300,8.8800,8.8900,8.9000,8.9100,8.9200,37,176,493,479,185,40,180,350,132,415
SZ,002327,2017-01-03 10:26:30,8.8800,2,2662.0000,3,B,8.8700,8.8600,8.8500,8.8400,8.8300,8.8800,8.8900,8.9000,8.9100,8.9200,35,176,493,479,185,39,180,350,132,415
SZ,002327,2017-01-03 10:26:39,8.8600,5,66485.0000,75,S,8.8600,8.8500,8.8400,8.8300,8.8200,8.8800,8.8900,8.9000,8.9100,8.9200,136,493,479,185,240,39,180,350,132,415
SZ,002327,2017-01-03 10:27:09,8.8800,1,2664.0000,3,B,8.8600,8.8500,8.8400,8.8300,8.8200,8.8800,8.8900,8.9000,8.9100,8.9200,156,493,479,185,240,36,186,350,132,415
SZ,002327,2017-01-03 10:27:15,8.8600,5,55818.0000,63,S,8.8600,8.8500,8.8400,8.8300,8.8200,8.8800,8.8900,8.9000,8.9100,8.9200,93,493,479,185,240,36,186,350,132,415
SZ,002327,2017-01-03 10:27:27,8.8800,3,26640.0000,30,B,8.8600,8.8500,8.8400,8.8300,8.8200,8.8800,8.8900,8.9000,8.9100,8.9200,93,493,479,185,240,6,216,350,132,415
SZ,002327,2017-01-03 10:27:42,8.8600,2,38984.0000,44,S,8.8600,8.8500,8.8400,8.8300,8.8200,8.8800,8.8900,8.9000,8.9100,8.9200,69,493,479,185,240,56,216,350,132,415
SZ,002327,2017-01-03 10:28:06,8.8600,1,1772.0000,2,S,8.8600,8.8500,8.8400,8.8300,8.8200,8.8800,8.8900,8.9000,8.9100,8.9200,148,500,485,185,240,56,216,350,132,415
SZ,002327,2017-01-03 10:28:12,8.8800,2,50109.0000,57,B,8.8800,8.8600,8.8500,8.8400,8.8300,8.8900,8.9000,8.9100,8.9200,8.9300,33,163,500,485,185,216,350,132,415,246
SZ,002327,2017-01-03 10:28:48,8.8600,3,34622.0000,39,S,8.8600,8.8500,8.8400,8.8300,8.8200,8.8900,8.9000,8.9100,8.9200,8.9300,303,511,491,208,240,216,355,132,415,246
SZ,002327,2017-01-03 10:29:00,8.8600,6,55818.0000,63,S,8.8600,8.8500,8.8400,8.8300,8.8200,8.8900,8.9000,8.9100,8.9200,8.9300,240,511,491,208,240,216,355,132,415,246
SZ,002327,2017-01-03 10:29:03,8.8600,1,17720.0000,20,S,8.8600,8.8500,8.8400,8.8300,8.8200,8.8900,8.9000,8.9100,8.9200,8.9300,236,511,491,208,240,216,355,132,415,246
SZ,002327,2017-01-03 10:29:45,8.8700,1,1774.0000,2,S,8.8600,8.8500,8.8400,8.8300,8.8200,8.8900,8.9000,8.9100,8.9200,8.9300,320,542,485,208,240,216,353,132,415,246
SZ,002327,2017-01-03 10:29:54,8.8600,2,38984.0000,44,S,8.8600,8.8500,8.8400,8.8300,8.8200,8.8900,8.9000,8.9100,8.9200,8.9300,276,542,485,208,240,216,353,132,426,246
SZ,002327,2017-01-03 10:30:00,8.8900,1,889.0000,1,B,8.8600,8.8500,8.8400,8.8300,8.8200,8.8900,8.9000,8.9100,8.9200,8.9300,276,542,485,208,240,215,353,132,426,246
SZ,002327,2017-01-03 10:30:06,8.8900,1,2667.0000,3,B,8.8600,8.8500,8.8400,8.8300,8.8200,8.8900,8.9000,8.9100,8.9200,8.9300,332,542,485,208,253,212,353,132,426,246
SZ,002327,2017-01-03 10:30:09,8.8900,2,96012.0000,108,B,8.8600,8.8500,8.8400,8.8300,8.8200,8.8900,8.9000,8.9100,8.9200,8.9300,332,542,485,208,253,104,353,132,426,246
SZ,002327,2017-01-03 10:30:12,8.8900,1,1778.0000,2,B,8.8600,8.8500,8.8400,8.8300,8.8200,8.8900,8.9000,8.9100,8.9200,8.9300,352,542,485,208,253,102,353,132,426,246
SZ,002327,2017-01-03 10:30:15,8.8900,7,83566.0000,94,B,8.8600,8.8500,8.8400,8.8300,8.8200,8.8900,8.9000,8.9100,8.9200,8.9300,374,542,485,208,253,8,353,132,426,244
SZ,002327,2017-01-03 10:30:21,8.8900,2,8018.0000,9,B,8.8900,8.8600,8.8500,8.8400,8.8300,8.9000,8.9100,8.9200,8.9300,8.9400,50,341,542,485,208,353,132,426,244,576
SZ,002327,2017-01-03 10:30:27,8.8900,2,10668.0000,12,S,8.8900,8.8700,8.8600,8.8500,8.8400,8.9000,8.9100,8.9200,8.9300,8.9400,38,100,341,542,485,357,132,426,244,576
SZ,002327,2017-01-03 10:30:33,8.8700,4,88860.0000,100,S,8.8700,8.8600,8.8500,8.8400,8.8300,8.9000,8.9100,8.9200,8.9300,8.9400,162,371,542,485,208,357,132,426,244,576
SZ,002327,2017-01-03 10:30:42,8.8700,1,55881.0000,63,S,8.8700,8.8600,8.8500,8.8400,8.8300,8.8900,8.9000,8.9100,8.9200,8.9300,128,340,542,485,208,100,357,132,426,244
SZ,002327,2017-01-03 10:30:57,8.8600,8,156065.0000,176,S,8.8600,8.8500,8.8400,8.8300,8.8200,8.8900,8.9000,8.9100,8.9200,8.9300,293,513,485,208,253,100,346,132,426,244
SZ,002327,2017-01-03 10:31:15,8.8900,1,1778.0000,2,B,8.8600,8.8500,8.8400,8.8300,8.8200,8.8900,8.9000,8.9100,8.9200,8.9300,293,513,485,208,253,143,346,132,426,244
SZ,002327,2017-01-03 10:31:18,8.8600,4,28387.0000,32,S,8.8600,8.8500,8.8400,8.8300,8.8200,8.8900,8.9000,8.9100,8.9200,8.9300,389,513,485,208,253,93,348,132,426,244
SZ,002327,2017-01-03 10:31:24,8.8700,2,7997.0000,9,S,8.8700,8.8600,8.8500,8.8400,8.8300,8.8900,8.9000,8.9100,8.9200,8.9300,26,389,513,485,208,86,343,132,426,244
SZ,002327,2017-01-03 10:31:30,8.8800,1,11544.0000,13,S,8.8800,8.8700,8.8600,8.8500,8.8400,8.8900,8.9000,8.9100,8.9200,8.9300,287,38,400,513,485,86,343,132,426,244
SZ,002327,2017-01-03 10:32:03,8.8900,1,17780.0000,20,B,8.8700,8.8600,8.8500,8.8400,8.8300,8.8900,8.9000,8.9100,8.9200,8.9300,38,362,490,485,208,86,343,132,426,244
SZ,002327,2017-01-03 10:32:18,8.8800,2,61272.0000,69,S,8.8800,8.8700,8.8600,8.8500,8.8400,8.8900,8.9000,8.9100,8.9200,8.9300,18,68,362,490,485,106,343,132,426,244
SZ,002327,2017-01-03 10:32:27,8.8900,1,2667.0000,3,B,8.8800,8.8700,8.8600,8.8500,8.8400,8.8900,8.9000,8.9100,8.9200,8.9300,18,68,402,490,485,103,343,132,427,244
SZ,002327,2017-01-03 10:32:48,8.8900,1,889.0000,1,B,8.8800,8.8700,8.8600,8.8500,8.8400,8.8900,8.9000,8.9100,8.9200,8.9300,18,68,402,480,485,111,347,132,427,238
SZ,002327,2017-01-03 10:33:00,8.8900,1,17780.0000,20,B,8.8800,8.8700,8.8600,8.8500,8.8400,8.8900,8.9000,8.9100,8.9200,8.9300,18,101,412,480,485,91,347,132,427,238
SZ,002327,2017-01-03 10:33:09,8.8800,1,1776.0000,2,S,8.8800,8.8700,8.8600,8.8500,8.8400,8.8900,8.9000,8.9100,8.9200,8.9300,16,101,476,480,485,103,347,132,427,238
SZ,002327,2017-01-03 10:33:18,8.8700,6,94038.0000,106,S,8.8800,8.8700,8.8600,8.8500,8.8400,8.8900,8.9000,8.9100,8.9200,8.9300,5,11,476,480,485,103,347,132,427,238
SZ,002327,2017-01-03 10:33:36,8.8800,2,4440.0000,5,S,8.8800,8.8700,8.8600,8.8500,8.8400,8.8900,8.9000,8.9100,8.9200,8.9300,100,23,476,480,485,103,361,132,427,238
SZ,002327,2017-01-03 10:34:03,8.8800,1,56832.0000,64,S,8.8800,8.8700,8.8600,8.8500,8.8400,8.8900,8.9000,8.9100,8.9200,8.9300,86,80,476,480,485,103,361,132,427,238
SZ,002327,2017-01-03 10:34:21,8.8800,1,888.0000,1,S,8.8800,8.8700,8.8600,8.8500,8.8400,8.8900,8.9000,8.9100,8.9200,8.9300,85,86,476,480,485,158,361,152,427,238
SZ,002327,2017-01-03 10:34:45,8.8800,2,19536.0000,22,S,8.8800,8.8700,8.8600,8.8500,8.8400,8.8900,8.9000,8.9100,8.9200,8.9300,63,86,476,480,485,146,361,132,427,238
SZ,002327,2017-01-03 10:34:51,8.8800,4,55944.0000,63,S,8.8700,8.8600,8.8500,8.8400,8.8300,8.8900,8.9000,8.9100,8.9200,8.9300,86,476,480,485,208,146,361,132,427,238
SZ,002327,2017-01-03 10:35:03,8.8700,5,76282.0000,86,S,8.8600,8.8500,8.8400,8.8300,8.8200,8.8900,8.9000,8.9100,8.9200,8.9300,465,480,485,208,253,146,361,133,427,238
SZ,002327,2017-01-03 10:35:12,8.8800,2,6218.0000,7,B,8.8800,8.8600,8.8500,8.8400,8.8300,8.8900,8.9000,8.9100,8.9200,8.9300,15,465,480,485,208,144,361,133,427,238
SZ,002327,2017-01-03 10:35:15,8.8900,1,14224.0000,16,B,8.8800,8.8700,8.8600,8.8500,8.8400,8.8900,8.9000,8.9100,8.9200,8.9300,15,120,465,480,485,128,361,133,427,238
SZ,002327,2017-01-03 10:35:18,8.8700,4,87888.0000,99,S,8.8700,8.8600,8.8500,8.8400,8.8300,8.8900,8.9000,8.9100,8.9200,8.9300,96,465,480,485,208,128,361,133,427,238
SZ,002327,2017-01-03 10:35:33,8.8700,2,85152.0000,96,S,8.8600,8.8500,8.8400,8.8300,8.8200,8.8900,8.9000,8.9100,8.9200,8.9300,465,480,485,208,253,128,361,133,427,238
SZ,002327,2017-01-03 10:35:42,8.8600,3,55818.0000,63,S,8.8600,8.8500,8.8400,8.8300,8.8200,8.8900,8.9000,8.9100,8.9200,8.9300,452,486,485,208,253,128,361,133,427,238
SZ,002327,2017-01-03 10:35:48,8.8600,14,291494.0000,329,S,8.8600,8.8500,8.8400,8.8300,8.8200,8.8900,8.9000,8.9100,8.9200,8.9300,123,486,485,208,253,128,361,133,427,238
SZ,002327,2017-01-03 10:36:30,8.8600,1,1772.0000,2,S,8.8600,8.8500,8.8400,8.8300,8.8200,8.8900,8.9000,8.9100,8.9200,8.9300,219,486,485,208,253,158,347,133,427,238
SZ,002327,2017-01-03 10:36:45,8.8600,1,6202.0000,7,S,8.8600,8.8500,8.8400,8.8300,8.8200,8.8900,8.9000,8.9100,8.9200,8.9300,212,486,485,208,258,158,347,147,427,238
SZ,002327,2017-01-03 10:36:48,8.8600,2,3544.0000,4,S,8.8600,8.8500,8.8400,8.8300,8.8200,8.8900,8.9000,8.9100,8.9200,8.9300,208,486,485,208,258,158,347,147,427,238
SZ,002327,2017-01-03 10:37:27,8.8600,2,55818.0000,63,S,8.8600,8.8500,8.8400,8.8300,8.8200,8.8800,8.8900,8.9000,8.9100,8.9200,85,486,485,208,258,60,153,343,160,427
SZ,002327,2017-01-03 10:37:39,8.8800,1,1776.0000,2,B,8.8600,8.8500,8.8400,8.8300,8.8200,8.8800,8.8900,8.9000,8.9100,8.9200,85,486,485,208,258,58,212,343,160,427
SZ,002327,2017-01-03 10:38:06,8.8600,1,1772.0000,2,S,8.8600,8.8500,8.8400,8.8300,8.8200,8.8800,8.8900,8.9000,8.9100,8.9200,268,496,475,208,258,58,212,373,160,427
SZ,002327,2017-01-03 10:38:09,8.8800,1,17760.0000,20,B,8.8600,8.8500,8.8400,8.8300,8.8200,8.8800,8.8900,8.9000,8.9100,8.9200,268,496,475,208,258,38,212,373,160,427
SZ,002327,2017-01-03 10:38:24,8.8600,1,3544.0000,4,S,8.8600,8.8500,8.8400,8.8300,8.8200,8.8800,8.8900,8.9000,8.9100,8.9200,264,496,475,208,258,38,217,373,160,427
SZ,002327,2017-01-03 10:38:54,8.8800,4,48840.0000,55,B,8.8600,8.8500,8.8400,8.8300,8.8200,8.8800,8.8900,8.9000,8.9100,8.9200,281,496,475,208,228,79,222,373,160,427
SZ,002327,2017-01-03 10:38:57,8.8600,3,55818.0000,63,S,8.8600,8.8500,8.8400,8.8300,8.8200,8.8800,8.8900,8.9000,8.9100,8.9200,218,496,475,208,228,79,222,373,160,427
SZ,002327,2017-01-03 10:39:18,8.8800,1,15096.0000,17,B,8.8600,8.8500,8.8400,8.8300,8.8200,8.8800,8.8900,8.9000,8.9100,8.9200,246,496,475,208,228,63,222,373,160,427
SZ,002327,2017-01-03 10:39:51,8.8600,1,1772.0000,2,S,8.8600,8.8500,8.8400,8.8300,8.8200,8.8800,8.8900,8.9000,8.9100,8.9200,294,496,475,208,228,63,222,373,160,427
SZ,002327,2017-01-03 10:40:00,8.8600,1,4430.0000,5,S,8.8600,8.8500,8.8400,8.8300,8.8200,8.8800,8.8900,8.9000,8.9100,8.9200,289,496,475,208,228,63,222,373,160,427
SZ,002327,2017-01-03 10:40:03,8.8800,1,888.0000,1,B,8.8600,8.8500,8.8400,8.8300,8.8200,8.8800,8.8900,8.9000,8.9100,8.9200,289,496,475,208,228,90,222,373,160,427
SZ,002327,2017-01-03 10:40:18,8.8800,1,888.0000,1,B,8.8600,8.8500,8.8400,8.8300,8.8200,8.8800,8.8900,8.9000,8.9100,8.9200,289,496,475,208,228,89,222,373,160,427
SZ,002327,2017-01-03 10:40:45,8.8700,2,38141.0000,43,S,8.8600,8.8500,8.8400,8.8300,8.8200,8.8700,8.8800,8.8900,8.9000,8.9100,376,496,475,569,228,20,89,222,373,160
SZ,002327,2017-01-03 10:40:48,8.8600,2,17720.0000,20,S,8.8600,8.8500,8.8400,8.8300,8.8200,8.8700,8.8800,8.8900,8.9000,8.9100,356,496,475,569,228,20,61,222,373,160
SZ,002327,2017-01-03 10:40:51,8.8700,1,7096.0000,8,B,8.8600,8.8500,8.8400,8.8300,8.8200,8.8700,8.8800,8.8900,8.9000,8.9100,356,496,475,569,228,12,61,222,373,160
SZ,002327,2017-01-03 10:41:00,8.8700,1,10644.0000,12,B,8.8700,8.8600,8.8500,8.8400,8.8300,8.8800,8.8900,8.9000,8.9100,8.9200,88,356,496,475,569,61,222,373,160,427
SZ,002327,2017-01-03 10:41:03,8.8700,1,7983.0000,9,S,8.8700,8.8600,8.8500,8.8400,8.8300,8.8800,8.8900,8.9000,8.9100,8.9200,79,356,496,475,569,61,222,373,160,427
SZ,002327,2017-01-03 10:41:24,8.8700,1,1774.0000,2,S,8.8700,8.8600,8.8500,8.8400,8.8300,8.8800,8.8900,8.9000,8.9100,8.9200,145,356,496,480,569,86,222,373,160,427
SZ,002327,2017-01-03 10:41:27,8.8800,1,47952.0000,54,B,8.8700,8.8600,8.8500,8.8400,8.8300,8.8800,8.8900,8.9000,8.9100,8.9200,145,356,496,480,569,32,222,373,160,427
SZ,002327,2017-01-03 10:41:36,8.8700,1,4435.0000,5,S,8.8700,8.8600,8.8500,8.8400,8.8300,8.8800,8.8900,8.9000,8.9100,8.9200,140,356,496,480,569,32,222,373,160,427
SZ,002327,2017-01-03 10:42:03,8.8800,2,24837.0000,28,B,8.8700,8.8600,8.8500,8.8400,8.8300,8.8800,8.8900,8.9000,8.9100,8.9200,113,345,496,480,569,31,222,363,160,427
SZ,002327,2017-01-03 10:42:15,8.8800,1,4440.0000,5,B,8.8700,8.8600,8.8500,8.8400,8.8300,8.8800,8.8900,8.9000,8.9100,8.9200,113,345,496,480,569,71,167,363,160,427
SZ,002327,2017-01-03 10:42:18,8.8800,4,74529.0000,84,B,8.8700,8.8600,8.8500,8.8400,8.8300,8.8800,8.8900,8.9000,8.9100,8.9200,50,345,496,480,569,50,167,363,160,427
SZ,002327,2017-01-03 10:42:24,8.8700,1,887.0000,1,S,8.8700,8.8600,8.8500,8.8400,8.8300,8.8800,8.8900,8.9000,8.9100,8.9200,49,345,496,480,569,55,162,363,160,427
SZ,002327,2017-01-03 10:43:03,8.8700,2,36367.0000,41,S,8.8700,8.8600,8.8500,8.8400,8.8300,8.8800,8.8900,8.9000,8.9100,8.9200,108,345,496,505,569,134,162,363,160,427
SZ,002327,2017-01-03 10:43:06,8.8700,1,1774.0000,2,S,8.8700,8.8600,8.8500,8.8400,8.8300,8.8800,8.8900,8.9000,8.9100,8.9200,106,345,496,505,569,134,162,363,160,427
SZ,002327,2017-01-03 10:43:12,8.8700,1,3548.0000,4,S,8.8700,8.8600,8.8500,8.8400,8.8300,8.8800,8.8900,8.9000,8.9100,8.9200,102,343,496,505,569,134,162,363,160,427
SZ,002327,2017-01-03 10:43:33,8.8700,2,88700.0000,100,S,8.8700,8.8600,8.8500,8.8400,8.8300,8.8800,8.8900,8.9000,8.9100,8.9200,5,538,496,505,569,134,162,382,160,427
SZ,002327,2017-01-03 10:44:00,8.8700,3,8870.0000,10,S,8.8600,8.8500,8.8400,8.8300,8.8200,8.8700,8.8800,8.8900,8.9000,8.9100,538,496,505,569,251,54,134,167,382,160
SZ,002327,2017-01-03 10:44:03,8.8600,3,46072.0000,52,S,8.8600,8.8500,8.8400,8.8300,8.8200,8.8700,8.8800,8.8900,8.9000,8.9100,486,496,505,569,307,54,134,167,382,160
SZ,002327,2017-01-03 10:44:09,8.8800,6,166890.0000,188,B,8.8800,8.8600,8.8500,8.8400,8.8300,8.8900,8.9000,8.9100,8.9200,8.9300,61,486,496,505,569,167,382,160,427,238
SZ,002327,2017-01-03 10:44:30,8.8800,1,44400.0000,50,S,8.8800,8.8700,8.8600,8.8500,8.8400,8.8900,8.9000,8.9100,8.9200,8.9300,41,13,486,496,505,167,382,160,427,238
SZ,002327,2017-01-03 10:44:48,8.8800,3,7104.0000,8,S,8.8800,8.8700,8.8600,8.8500,8.8400,8.8900,8.9000,8.9100,8.9200,8.9300,33,13,486,496,505,167,382,160,427,238
SZ,002327,2017-01-03 10:45:03,8.8600,6,107285.0000,121,S,8.8600,8.8500,8.8400,8.8300,8.8200,8.8900,8.9000,8.9100,8.9200,8.9300,411,496,205,569,307,162,382,160,427,238
SZ,002327,2017-01-03 10:45:27,8.8900,1,19558.0000,22,B,8.8600,8.8500,8.8400,8.8300,8.8200,8.8900,8.9000,8.9100,8.9200,8.9300,411,496,205,569,307,215,382,160,427,238
SZ,002327,2017-01-03 10:45:30,8.8600,5,79590.0000,90,S,8.8600,8.8500,8.8400,8.8300,8.8200,8.8900,8.9000,8.9100,8.9200,8.9300,321,496,205,569,307,215,392,160,427,238
SZ,002327,2017-01-03 10:45:42,8.8900,2,2667.0000,3,B,8.8600,8.8500,8.8400,8.8300,8.8200,8.8900,8.9000,8.9100,8.9200,8.9300,321,496,205,569,307,212,392,160,427,238
SZ,002327,2017-01-03 10:45:48,8.8600,2,55818.0000,63,S,8.8600,8.8500,8.8400,8.8300,8.8200,8.8900,8.9000,8.9100,8.9200,8.9300,258,496,205,569,307,212,392,160,427,238
SZ,002327,2017-01-03 10:46:03,8.8600,4,74453.0000,84,S,8.8600,8.8500,8.8400,8.8300,8.8200,8.8900,8.9000,8.9100,8.9200,8.9300,235,496,255,569,307,282,392,160,427,238
SZ,002327,2017-01-03 10:46:15,8.8900,1,2667.0000,3,B,8.8600,8.8500,8.8400,8.8300,8.8200,8.8900,8.9000,8.9100,8.9200,8.9300,235,536,255,569,307,279,392,160,427,238
SZ,002327,2017-01-03 10:46:24,8.8600,2,3544.0000,4,S,8.8600,8.8500,8.8400,8.8300,8.8200,8.8900,8.9000,8.9100,8.9200,8.9300,231,536,255,569,307,279,392,160,427,238
SZ,002327,2017-01-03 10:46:27,8.8600,3,20441.0000,23,S,8.8600,8.8500,8.8400,8.8300,8.8200,8.8900,8.9000,8.9100,8.9200,8.9300,259,536,255,569,307,258,392,160,427,238
SZ,002327,2017-01-03 10:47:03,8.8600,1,11518.0000,13,S,8.8600,8.8500,8.8400,8.8300,8.8200,8.8900,8.9000,8.9100,8.9200,8.9300,287,536,255,569,307,338,392,160,427,238
SZ,002327,2017-01-03 10:47:12,8.8600,1,55818.0000,63,S,8.8600,8.8500,8.8400,8.8300,8.8200,8.8900,8.9000,8.9100,8.9200,8.9300,224,536,355,569,307,343,392,160,427,238
SZ,002327,2017-01-03 10:47:15,8.8600,1,13290.0000,15,S,8.8600,8.8500,8.8400,8.8300,8.8200,8.8900,8.9000,8.9100,8.9200,8.9300,210,536,355,569,307,343,392,160,427,238
SZ,002327,2017-01-03 10:47:51,8.8900,2,16891.0000,19,B,8.8600,8.8500,8.8400,8.8300,8.8200,8.8900,8.9000,8.9100,8.9200,8.9300,210,536,355,569,307,324,392,160,427,238
SZ,002327,2017-01-03 10:48:00,8.8600,2,8875.0000,10,S,8.8600,8.8500,8.8400,8.8300,8.8200,8.8900,8.9000,8.9100,8.9200,8.9300,205,536,355,569,307,319,396,160,427,238
SZ,002327,2017-01-03 10:48:03,8.8600,1,43414.0000,49,S,8.8600,8.8500,8.8400,8.8300,8.8200,8.8900,8.9000,8.9100,8.9200,8.9300,156,536,579,569,307,319,396,160,427,238
SZ,002327,2017-01-03 10:48:06,8.8900,1,11557.0000,13,B,8.8600,8.8500,8.8400,8.8300,8.8200,8.8800,8.8900,8.9000,8.9100,8.9200,156,536,579,569,307,100,306,396,160,427
SZ,002327,2017-01-03 10:48:12,8.8600,1,1772.0000,2,S,8.8700,8.8600,8.8500,8.8400,8.8300,8.8800,8.8900,8.9000,8.9100,8.9200,23,154,536,579,569,100,306,396,160,427
SZ,002327,2017-01-03 10:48:48,8.8800,1,17760.0000,20,B,8.8700,8.8600,8.8500,8.8400,8.8300,8.8800,8.8900,8.9000,8.9100,8.9200,65,154,526,579,569,86,304,392,160,427
SZ,002327,2017-01-03 10:49:00,8.8700,2,55881.0000,63,S,8.8700,8.8600,8.8500,8.8400,8.8300,8.8800,8.8900,8.9000,8.9100,8.9200,26,164,526,579,569,86,319,392,160,427
SZ,002327,2017-01-03 10:49:12,8.8800,1,8880.0000,10,B,8.8700,8.8600,8.8500,8.8400,8.8300,8.8800,8.8900,8.9000,8.9100,8.9200,28,164,486,579,569,76,319,392,160,427
SZ,002327,2017-01-03 10:49:33,8.8800,3,67488.0000,76,B,8.8800,8.8700,8.8600,8.8500,8.8400,8.8900,8.9000,8.9100,8.9200,8.9300,244,28,134,486,579,319,497,160,428,238
SZ,002327,2017-01-03 10:49:36,8.8800,2,23088.0000,26,S,8.8800,8.8700,8.8600,8.8500,8.8400,8.8900,8.9000,8.9100,8.9200,8.9300,218,28,134,486,579,319,497,160,428,238
SZ,002327,2017-01-03 10:49:39,8.8900,2,19558.0000,22,B,8.8800,8.8700,8.8600,8.8500,8.8400,8.8900,8.9000,8.9100,8.9200,8.9300,218,28,134,486,579,297,498,160,428,238
SZ,002327,2017-01-03 10:49:45,8.8800,1,1776.0000,2,S,8.8800,8.8700,8.8600,8.8500,8.8400,8.8900,8.9000,8.9100,8.9200,8.9300,216,26,134,486,579,297,498,160,428,238
SZ,002327,2017-01-03 10:49:48,8.8800,1,888.0000,1,S,8.8800,8.8700,8.8600,8.8500,8.8400,8.8900,8.9000,8.9100,8.9200,8.9300,215,2,134,486,579,297,498,160,428,238
SZ,002327,2017-01-03 10:49:54,8.8900,2,21336.0000,24,B,8.8800,8.8700,8.8600,8.8500,8.8400,8.8900,8.9000,8.9100,8.9200,8.9300,215,2,134,486,579,273,498,160,428,238
SZ,002327,2017-01-03 10:50:12,8.8900,2,32893.0000,37,B,8.8800,8.8700,8.8600,8.8500,8.8400,8.8900,8.9000,8.9100,8.9200,8.9300,215,2,134,486,579,233,520,160,428,238
SZ,002327,2017-01-03 10:50:21,8.8800,1,7104.0000,8,S,8.8800,8.8700,8.8600,8.8500,8.8400,8.8900,8.9000,8.9100,8.9200,8.9300,207,2,156,486,579,233,520,160,428,238
SZ,002327,2017-01-03 10:50:30,8.8900,3,37338.0000,42,B,8.8800,8.8600,8.8500,8.8400,8.8300,8.8900,8.9000,8.9100,8.9200,8.9300,209,206,486,579,569,191,520,160,428,238
SZ,002327,2017-01-03 10:50:36,8.8800,1,55944.0000,63,S,8.8800,8.8600,8.8500,8.8400,8.8300,8.8900,8.9000,8.9100,8.9200,8.9300,146,206,486,579,532,191,520,160,428,238
SZ,002327,2017-01-03 10:50:42,8.8800,2,129648.0000,146,S,8.8600,8.8500,8.8400,8.8300,8.8200,8.8800,8.8900,8.9000,8.9100,8.9200,206,486,579,532,307,26,191,520,160,428
SZ,002327,2017-01-03 10:50:54,8.8600,9,182666.0000,206,S,8.8500,8.8400,8.8300,8.8200,8.8100,8.8600,8.8800,8.8900,8.9000,8.9100,486,579,532,307,271,3,36,191,520,160
SZ,002327,2017-01-03 10:51:06,8.8600,1,3394.0000,4,B,8.8600,8.8500,8.8400,8.8300,8.8200,8.8800,8.8900,8.9000,8.9100,8.9200,44,486,579,532,307,46,191,620,160,428
SZ,002327,2017-01-03 10:51:09,8.8500,9,264659.0000,299,S,8.8500,8.8400,8.8300,8.8200,8.8100,8.8800,8.8900,8.9000,8.9100,8.9200,231,579,532,307,271,46,213,620,160,428
SZ,002327,2017-01-03 10:51:12,8.8500,1,4425.0000,5,S,8.8500,8.8400,8.8300,8.8200,8.8100,8.8800,8.8900,8.9000,8.9100,8.9200,226,579,532,307,271,46,213,620,160,428
SZ,002327,2017-01-03 10:51:24,8.8500,1,1770.0000,2,S,8.8500,8.8400,8.8300,8.8200,8.8100,8.8800,8.8900,8.9000,8.9100,8.9200,234,579,532,307,271,56,243,620,160,428
SZ,002327,2017-01-03 10:52:12,8.8600,1,55818.0000,63,S,8.8600,8.8500,8.8400,8.8300,8.8200,8.8700,8.8800,8.8900,8.9000,8.9100,37,351,579,532,307,15,227,312,620,160
SZ,002327,2017-01-03 10:52:27,8.8700,2,13305.0000,15,B,8.8700,8.8600,8.8500,8.8400,8.8300,8.8800,8.8900,8.9000,8.9100,8.9200,6,49,355,579,532,227,312,628,160,428
SZ,002327,2017-01-03 10:52:48,8.8700,1,3548.0000,4,S,8.8700,8.8600,8.8500,8.8400,8.8300,8.8800,8.8900,8.9000,8.9100,8.9200,2,49,355,579,532,227,312,628,160,428
SZ,002327,2017-01-03 10:53:00,8.8800,1,1776.0000,2,B,8.8700,8.8600,8.8500,8.8400,8.8300,8.8800,8.8900,8.9000,8.9100,8.9200,3,49,355,579,532,215,312,628,160,428
SZ,002327,2017-01-03 10:53:09,8.8700,1,1774.0000,2,S,8.8700,8.8600,8.8500,8.8400,8.8300,8.8800,8.8900,8.9000,8.9100,8.9200,1,59,355,579,532,215,512,628,160,428
SZ,002327,2017-01-03 10:53:24,8.8800,1,8880.0000,10,B,8.8700,8.8600,8.8500,8.8400,8.8300,8.8800,8.8900,8.9000,8.9100,8.9200,1,79,355,579,532,205,512,620,160,428
SZ,002327,2017-01-03 10:53:51,8.8700,1,887.0000,1,S,8.8600,8.8500,8.8400,8.8300,8.8200,8.8700,8.8800,8.8900,8.9000,8.9100,79,355,579,532,307,63,222,512,620,160
SZ,002327,2017-01-03 10:54:15,8.8700,1,887.0000,1,B,8.8600,8.8500,8.8400,8.8300,8.8200,8.8700,8.8800,8.8900,8.9000,8.9100,79,355,579,532,307,62,221,512,620,160
SZ,002327,2017-01-03 10:54:24,8.8600,1,4430.0000,5,S,8.8600,8.8500,8.8400,8.8300,8.8200,8.8700,8.8800,8.8900,8.9000,8.9100,74,355,579,532,307,62,327,512,620,160
SZ,002327,2017-01-03 10:54:51,8.8600,1,1772.0000,2,S,8.8600,8.8500,8.8400,8.8300,8.8200,8.8700,8.8800,8.8900,8.9000,8.9100,72,255,579,532,307,62,327,512,620,160
SZ,002327,2017-01-03 10:54:54,8.8700,1,8870.0000,10,B,8.8600,8.8500,8.8400,8.8300,8.8200,8.8700,8.8800,8.8900,8.9000,8.9100,72,255,579,532,307,52,327,512,620,160
SZ,002327,2017-01-03 10:55:54,8.8700,1,8870.0000,10,B,8.8700,8.8600,8.8500,8.8400,8.8300,8.8800,8.8900,8.9000,8.9100,8.9200,40,72,259,579,532,398,512,598,155,428
SZ,002327,2017-01-03 10:55:57,8.8600,2,55858.0000,63,S,8.8600,8.8500,8.8400,8.8300,8.8200,8.8800,8.8900,8.9000,8.9100,8.9200,49,259,579,532,307,398,512,598,155,428
SZ,002327,2017-01-03 10:56:00,8.8600,1,3544.0000,4,S,8.8600,8.8500,8.8400,8.8300,8.8200,8.8800,8.8900,8.9000,8.9100,8.9200,45,259,579,532,307,398,512,598,155,428
SZ,002327,2017-01-03 10:56:15,8.8600,4,35812.0000,40,S,8.8600,8.8500,8.8400,8.8300,8.8200,8.8800,8.8900,8.9000,8.9100,8.9200,4,259,589,532,307,398,512,598,155,428
SZ,002327,2017-01-03 10:56:21,8.8600,1,4058.0000,5,S,8.8500,8.8400,8.8300,8.8200,8.8100,8.8600,8.8800,8.8900,8.9000,8.9100,259,589,532,307,305,29,398,512,598,155
SZ,002327,2017-01-03 10:56:39,8.8600,4,40242.0000,45,B,8.8600,8.8500,8.8400,8.8300,8.8200,8.8800,8.8900,8.9000,8.9100,8.9200,254,269,589,532,307,398,512,598,155,428
SZ,002327,2017-01-03 10:57:24,8.8600,2,59362.0000,67,S,8.8600,8.8500,8.8400,8.8300,8.8200,8.8800,8.8900,8.9000,8.9100,8.9200,307,269,589,532,307,399,512,598,155,428
SZ,002327,2017-01-03 10:57:36,8.8700,2,4435.0000,5,S,8.8700,8.8600,8.8500,8.8400,8.8300,8.8800,8.8900,8.9000,8.9100,8.9200,15,307,269,589,532,398,512,598,155,428
SZ,002327,2017-01-03 10:58:09,8.8700,1,1774.0000,2,S,8.8700,8.8600,8.8500,8.8400,8.8300,8.8800,8.8900,8.9000,8.9100,8.9200,73,307,269,589,532,398,513,598,155,428
SZ,002327,2017-01-03 10:58:45,8.8800,1,2664.0000,3,B,8.8700,8.8600,8.8500,8.8400,8.8300,8.8800,8.8900,8.9000,8.9100,8.9200,73,292,269,589,532,395,513,598,155,428
SZ,002327,2017-01-03 10:58:51,8.8800,2,13320.0000,15,B,8.8700,8.8600,8.8500,8.8400,8.8300,8.8800,8.8900,8.9000,8.9100,8.9200,73,292,269,589,532,380,513,598,155,428
SZ,002327,2017-01-03 10:59:00,8.8700,2,55881.0000,63,S,8.8700,8.8600,8.8500,8.8400,8.8300,8.8800,8.8900,8.9000,8.9100,8.9200,10,292,265,589,532,380,513,598,155,428
SZ,002327,2017-01-03 10:59:12,8.8700,1,3548.0000,4,S,8.8700,8.8600,8.8500,8.8400,8.8300,8.8800,8.8900,8.9000,8.9100,8.9200,51,292,265,589,532,380,518,598,155,428
SZ,002327,2017-01-03 10:59:33,8.8800,2,7104.0000,8,B,8.8700,8.8600,8.8500,8.8400,8.8300,8.8800,8.8900,8.9000,8.9100,8.9200,51,292,265,589,532,372,518,598,155,428
SZ,002327,2017-01-03 10:59:51,8.8700,1,1774.0000,2,S,8.8700,8.8600,8.8500,8.8400,8.8300,8.8800,8.8900,8.9000,8.9100,8.9200,49,292,265,589,532,372,518,598,155,428
SZ,002327,2017-01-03 11:00:48,8.8700,1,3548.0000,4,S,8.8700,8.8600,8.8500,8.8400,8.8300,8.8800,8.8900,8.9000,8.9100,8.9200,105,292,265,589,532,382,518,598,155,489
SZ,002327,2017-01-03 11:00:51,8.8700,1,4435.0000,5,S,8.8700,8.8600,8.8500,8.8400,8.8300,8.8800,8.8900,8.9000,8.9100,8.9200,100,292,265,589,532,382,518,598,155,489
SZ,002327,2017-01-03 11:00:54,8.8700,2,55881.0000,63,S,8.8700,8.8600,8.8500,8.8400,8.8300,8.8800,8.8900,8.9000,8.9100,8.9200,37,292,265,589,532,382,518,598,155,489
SZ,002327,2017-01-03 11:01:27,8.8700,1,1774.0000,2,S,8.8700,8.8600,8.8500,8.8400,8.8300,8.8800,8.8900,8.9000,8.9100,8.9200,35,292,265,589,532,382,518,598,155,489
SZ,002327,2017-01-03 11:01:36,8.8800,1,11544.0000,13,B,8.8700,8.8600,8.8500,8.8400,8.8300,8.8800,8.8900,8.9000,8.9100,8.9200,35,292,265,589,532,369,518,608,155,489
SZ,002327,2017-01-03 11:01:42,8.8700,2,22174.0000,25,S,8.8700,8.8600,8.8500,8.8400,8.8300,8.8800,8.8900,8.9000,8.9100,8.9200,10,292,265,589,532,369,518,608,155,489
SZ,002327,2017-01-03 11:02:15,8.8700,1,5324.0000,6,S,8.8700,8.8600,8.8500,8.8400,8.8300,8.8800,8.8900,8.9000,8.9100,8.9200,4,312,265,589,532,364,513,608,155,489
SZ,002327,2017-01-03 11:02:21,8.8700,2,5320.0000,6,S,8.8700,8.8600,8.8500,8.8400,8.8300,8.8800,8.8900,8.9000,8.9100,8.9200,48,312,265,589,532,364,513,608,155,489
SZ,002327,2017-01-03 11:02:24,8.8600,2,46120.0000,52,S,8.8600,8.8500,8.8400,8.8300,8.8200,8.8700,8.8800,8.8900,8.9000,8.9100,308,265,589,532,307,16,364,513,608,155
SZ,002327,2017-01-03 11:02:33,8.8700,2,88700.0000,100,B,8.8600,8.8500,8.8400,8.8300,8.8200,8.8700,8.8800,8.8900,8.9000,8.9100,308,265,589,532,307,93,364,513,608,155
SZ,002327,2017-01-03 11:02:42,8.8700,1,8872.0000,10,B,8.8600,8.8500,8.8400,8.8300,8.8200,8.8700,8.8800,8.8900,8.9000,8.9100,308,265,589,532,307,83,364,513,608,155
SZ,002327,2017-01-03 11:03:03,8.8600,1,1772.0000,2,S,8.8600,8.8500,8.8400,8.8300,8.8200,8.8700,8.8800,8.8900,8.9000,8.9100,306,265,589,532,307,83,364,513,608,155
SZ,002327,2017-01-03 11:03:06,8.8700,1,2660.0000,3,B,8.8600,8.8500,8.8400,8.8300,8.8200,8.8700,8.8800,8.8900,8.9000,8.9100,306,265,589,532,307,80,364,513,628,155
SZ,002327,2017-01-03 11:03:15,8.8600,1,9746.0000,11,S,8.8600,8.8500,8.8400,8.8300,8.8200,8.8700,8.8800,8.8900,8.9000,8.9100,295,265,589,532,307,80,364,513,628,155
SZ,002327,2017-01-03 11:03:33,8.8600,2,17734.0000,20,S,8.8600,8.8500,8.8400,8.8300,8.8200,8.8700,8.8800,8.8900,8.9000,8.9100,290,265,589,532,307,65,364,513,628,155
SZ,002327,2017-01-03 11:04:00,8.8600,1,3544.0000,4,S,8.8600,8.8500,8.8400,8.8300,8.8200,8.8700,8.8800,8.8900,8.9000,8.9100,286,271,589,532,307,65,364,513,628,155
SZ,002327,2017-01-03 11:04:21,8.8600,1,55820.0000,63,S,8.8600,8.8500,8.8400,8.8300,8.8200,8.8700,8.8800,8.8900,8.9000,8.9100,223,271,589,532,307,65,364,513,628,155
SZ,002327,2017-01-03 11:04:30,8.8600,1,1772.0000,2,S,8.8600,8.8500,8.8400,8.8300,8.8200,8.8700,8.8800,8.8900,8.9000,8.9100,221,271,589,532,307,75,364,513,628,155
SZ,002327,2017-01-03 11:04:54,8.8600,1,1772.0000,2,S,8.8600,8.8500,8.8400,8.8300,8.8200,8.8700,8.8800,8.8900,8.9000,8.9100,219,271,589,532,307,75,364,513,628,155
SZ,002327,2017-01-03 11:05:36,8.8600,1,4428.0000,5,S,8.8600,8.8500,8.8400,8.8300,8.8200,8.8700,8.8800,8.8900,8.9000,8.9100,234,281,589,532,307,75,364,513,628,155
SZ,002327,2017-01-03 11:05:45,8.8600,1,55820.0000,63,S,8.8600,8.8500,8.8400,8.8300,8.8200,8.8700,8.8800,8.8900,8.9000,8.9100,174,281,589,532,307,75,364,513,628,155
SZ,002327,2017-01-03 11:06:27,8.8600,4,46072.0000,52,S,8.8600,8.8500,8.8400,8.8300,8.8200,8.8700,8.8800,8.8900,8.9000,8.9100,122,281,589,532,307,75,369,513,628,155
SZ,002327,2017-01-03 11:06:39,8.8600,1,19492.0000,22,S,8.8600,8.8500,8.8400,8.8300,8.8200,8.8700,8.8800,8.8900,8.9000,8.9100,100,281,589,532,307,75,369,513,624,155
SZ,002327,2017-01-03 11:06:42,8.8700,1,44348.0000,50,B,8.8600,8.8500,8.8400,8.8300,8.8200,8.8700,8.8800,8.8900,8.9000,8.9100,100,281,589,532,307,25,369,513,624,145
SZ,002327,2017-01-03 11:06:54,8.8700,1,3548.0000,4,B,8.8600,8.8500,8.8400,8.8300,8.8200,8.8700,8.8800,8.8900,8.9000,8.9100,217,281,589,532,307,21,369,513,624,145
SZ,002327,2017-01-03 11:06:57,8.8700,1,4436.0000,5,B,8.8600,8.8500,8.8400,8.8300,8.8200,8.8700,8.8800,8.8900,8.9000,8.9100,217,281,589,532,307,16,369,513,624,145
SZ,002327,2017-01-03 11:07:03,8.8600,3,83584.0000,94,S,8.8600,8.8500,8.8400,8.8300,8.8200,8.8700,8.8800,8.8900,8.9000,8.9100,123,281,589,532,307,21,369,513,624,145
SZ,002327,2017-01-03 11:07:12,8.8600,2,4432.0000,5,S,8.8600,8.8500,8.8400,8.8300,8.8200,8.8700,8.8800,8.8900,8.9000,8.9100,118,281,589,532,307,21,369,513,624,145
SZ,002327,2017-01-03 11:07:21,8.8600,2,55816.0000,63,S,8.8600,8.8500,8.8400,8.8300,8.8200,8.8700,8.8800,8.8900,8.9000,8.9100,55,281,589,532,307,21,369,513,624,145
SZ,002327,2017-01-03 11:07:42,8.8700,3,12416.0000,14,B,8.8600,8.8500,8.8400,8.8300,8.8200,8.8700,8.8800,8.8900,8.9000,8.9100,51,281,589,532,307,20,369,513,624,145
SZ,002327,2017-01-03 11:07:54,8.8600,1,1772.0000,2,S,8.8600,8.8500,8.8400,8.8300,8.8200,8.8700,8.8800,8.8900,8.9000,8.9100,49,281,589,532,307,20,369,513,624,145
SZ,002327,2017-01-03 11:08:00,8.8600,1,6200.0000,7,S,8.8600,8.8500,8.8400,8.8300,8.8200,8.8700,8.8800,8.8900,8.9000,8.9100,42,281,589,532,307,11,369,513,624,145
SZ,002327,2017-01-03 11:08:03,8.8600,1,1772.0000,2,S,8.8600,8.8500,8.8400,8.8300,8.8200,8.8700,8.8800,8.8900,8.9000,8.9100,40,281,589,532,307,11,369,513,624,145
SZ,002327,2017-01-03 11:08:33,8.8600,1,888.0000,1,S,8.8600,8.8500,8.8400,8.8300,8.8200,8.8700,8.8800,8.8900,8.9000,8.9100,69,281,589,521,307,33,298,513,624,145
SZ,002327,2017-01-03 11:08:51,8.8600,1,3544.0000,4,S,8.8600,8.8500,8.8400,8.8300,8.8200,8.8700,8.8800,8.8900,8.9000,8.9100,65,281,589,521,307,33,298,513,624,145
SZ,002327,2017-01-03 11:09:03,8.8600,2,20376.0000,23,S,8.8600,8.8500,8.8400,8.8300,8.8200,8.8700,8.8800,8.8900,8.9000,8.9100,42,281,589,521,307,33,298,513,624,145
SZ,002327,2017-01-03 11:09:18,8.8600,2,37426.0000,43,S,8.8500,8.8400,8.8300,8.8200,8.8100,8.8600,8.8700,8.8800,8.8900,8.9000,281,589,521,307,325,20,33,298,523,624
SZ,002327,2017-01-03 11:09:30,8.8600,2,18394.0000,20,B,8.8600,8.8500,8.8400,8.8300,8.8200,8.8700,8.8800,8.8900,8.9000,8.9100,24,281,589,521,307,33,298,523,624,145
SZ,002327,2017-01-03 11:09:36,8.8500,2,35424.0000,40,S,8.8500,8.8400,8.8300,8.8200,8.8100,8.8700,8.8800,8.8900,8.9000,8.9100,265,589,521,307,325,33,293,523,624,145
SZ,002327,2017-01-03 11:09:42,8.8600,1,4428.0000,5,B,8.8600,8.8500,8.8400,8.8300,8.8200,8.8700,8.8800,8.8900,8.9000,8.9100,10,265,589,521,307,33,293,523,624,145
SZ,002327,2017-01-03 11:09:51,8.8600,1,1772.0000,2,S,8.8600,8.8500,8.8400,8.8300,8.8200,8.8700,8.8800,8.8900,8.9000,8.9100,8,265,589,521,307,33,293,523,624,145
SZ,002327,2017-01-03 11:10:27,8.8600,1,3544.0000,4,S,8.8600,8.8500,8.8400,8.8300,8.8200,8.8700,8.8800,8.8900,8.9000,8.9100,4,265,559,521,318,33,293,523,624,145
SZ,002327,2017-01-03 11:10:36,8.8600,1,3544.0000,4,S,8.8500,8.8400,8.8300,8.8200,8.8100,8.8600,8.8700,8.8800,8.8900,8.9000,265,559,521,318,325,59,33,293,523,624
SZ,002327,2017-01-03 11:10:42,8.8500,2,6196.0000,7,S,8.8500,8.8400,8.8300,8.8200,8.8100,8.8600,8.8700,8.8800,8.8900,8.9000,258,559,521,318,325,59,33,293,523,624
SZ,002327,2017-01-03 11:11:09,8.8600,1,5316.0000,6,B,8.8500,8.8400,8.8300,8.8200,8.8100,8.8600,8.8700,8.8800,8.8900,8.9000,258,559,521,318,325,53,33,313,523,447
SZ,002327,2017-01-03 11:11:24,8.8500,1,1770.0000,2,S,8.8500,8.8400,8.8300,8.8200,8.8100,8.8600,8.8700,8.8800,8.8900,8.9000,256,559,521,318,325,53,33,313,523,447
SZ,002327,2017-01-03 11:11:30,8.8600,2,46958.0000,53,B,8.8600,8.8500,8.8400,8.8300,8.8200,8.8700,8.8800,8.8900,8.9000,8.9100,62,256,559,521,318,33,313,523,447,145
SZ,002327,2017-01-03 11:11:45,8.8600,1,23922.0000,27,S,8.8600,8.8500,8.8400,8.8300,8.8200,8.8700,8.8800,8.8900,8.9000,8.9100,57,256,559,521,318,38,355,523,447,145
SZ,002327,2017-01-03 11:12:03,8.8600,1,4430.0000,5,S,8.8600,8.8500,8.8400,8.8300,8.8200,8.8700,8.8800,8.8900,8.9000,8.9100,52,256,559,551,318,33,355,523,432,145
SZ,002327,2017-01-03 11:12:09,8.8600,1,8860.0000,10,S,8.8600,8.8500,8.8400,8.8300,8.8200,8.8700,8.8800,8.8900,8.9000,8.9100,42,256,559,551,318,33,355,523,432,145
SZ,002327,2017-01-03 11:12:24,8.8600,3,37212.0000,42,S,8.8500,8.8400,8.8300,8.8200,8.8100,8.8600,8.8700,8.8800,8.8900,8.9000,287,559,551,318,325,22,48,355,523,432
SZ,002327,2017-01-03 11:12:30,8.8600,1,5316.0000,6,B,8.8500,8.8400,8.8300,8.8200,8.8100,8.8600,8.8700,8.8800,8.8900,8.9000,277,559,551,318,325,16,48,355,523,432
SZ,002327,2017-01-03 11:12:48,8.8500,4,24780.0000,28,S,8.8500,8.8400,8.8300,8.8200,8.8100,8.8600,8.8700,8.8800,8.8900,8.9000,249,569,551,318,325,46,48,355,523,432
SZ,002327,2017-01-03 11:13:03,8.8500,1,1770.0000,2,S,8.8500,8.8400,8.8300,8.8200,8.8100,8.8600,8.8700,8.8800,8.8900,8.9000,247,569,551,318,325,46,48,355,523,432
SZ,002327,2017-01-03 11:13:39,8.8500,1,3540.0000,4,S,8.8500,8.8400,8.8300,8.8200,8.8100,8.8600,8.8700,8.8800,8.8900,8.9000,258,569,551,318,325,46,73,383,523,432
SZ,002327,2017-01-03 11:13:42,8.8600,2,26580.0000,30,B,8.8500,8.8400,8.8300,8.8200,8.8100,8.8600,8.8700,8.8800,8.8900,8.9000,258,569,551,318,325,16,73,383,523,432
SZ,002327,2017-01-03 11:13:54,8.8500,2,15046.0000,17,S,8.8500,8.8400,8.8300,8.8200,8.8100,8.8600,8.8700,8.8800,8.8900,8.9000,242,569,551,318,325,16,73,383,523,432
SZ,002327,2017-01-03 11:14:06,8.8500,1,884.0000,1,S,8.8500,8.8400,8.8300,8.8200,8.8100,8.8600,8.8700,8.8800,8.8900,8.9000,241,569,567,318,325,16,73,383,523,432
SZ,002327,2017-01-03 11:14:15,8.8600,1,14176.0000,16,B,8.8600,8.8500,8.8400,8.8300,8.8200,8.8700,8.8800,8.8900,8.9000,8.9100,34,241,569,551,328,78,383,523,432,145
SZ,002327,2017-01-03 11:14:27,8.8600,2,34554.0000,39,S,8.8500,8.8400,8.8300,8.8200,8.8100,8.8600,8.8700,8.8800,8.8900,8.9000,241,569,551,328,325,24,78,383,523,432
SZ,002327,2017-01-03 11:14:48,8.8500,1,1770.0000,2,S,8.8500,8.8400,8.8300,8.8200,8.8100,8.8600,8.8700,8.8800,8.8900,8.9000,242,569,569,328,325,24,78,383,523,432
SZ,002327,2017-01-03 11:14:54,8.8600,1,21264.0000,24,B,8.8600,8.8500,8.8400,8.8300,8.8200,8.8700,8.8800,8.8900,8.9000,8.9100,76,242,569,569,328,78,383,523,432,145
SZ,002327,2017-01-03 11:14:57,8.8500,3,76186.0000,86,S,8.8500,8.8400,8.8300,8.8200,8.8100,8.8700,8.8800,8.8900,8.9000,8.9100,232,569,569,328,325,78,383,523,432,145
SZ,002327,2017-01-03 11:15:03,8.8700,3,24790.0000,28,B,8.8500,8.8400,8.8300,8.8200,8.8100,8.8700,8.8800,8.8900,8.9000,8.9100,209,569,569,328,325,73,380,523,432,145
SZ,002327,2017-01-03 11:15:15,8.8500,1,3540.0000,4,S,8.8500,8.8400,8.8300,8.8200,8.8100,8.8700,8.8800,8.8900,8.9000,8.9100,215,569,569,328,325,73,380,523,432,145
SZ,002327,2017-01-03 11:15:39,8.8600,1,10632.0000,12,S,8.8500,8.8400,8.8300,8.8200,8.8100,8.8600,8.8700,8.8800,8.8900,8.9000,229,569,569,328,325,51,76,380,523,432
SZ,002327,2017-01-03 11:15:42,8.8600,1,9746.0000,11,B,8.8500,8.8400,8.8300,8.8200,8.8100,8.8600,8.8700,8.8800,8.8900,8.9000,229,569,569,328,325,40,76,380,523,432
SZ,002327,2017-01-03 11:16:30,8.8500,2,1770.0000,2,S,8.8500,8.8400,8.8300,8.8200,8.8100,8.8600,8.8700,8.8800,8.8900,8.9000,231,569,569,328,326,40,76,380,523,432
SZ,002327,2017-01-03 11:16:51,8.8500,2,3540.0000,4,S,8.8500,8.8400,8.8300,8.8200,8.8100,8.8600,8.8700,8.8800,8.8900,8.9000,227,569,546,328,326,40,81,280,523,432
SZ,002327,2017-01-03 11:17:42,8.8500,4,55756.0000,63,S,8.8500,8.8400,8.8300,8.8200,8.8100,8.8700,8.8800,8.8900,8.9000,8.9100,167,537,557,328,326,241,280,523,432,156
SZ,002327,2017-01-03 11:18:45,8.8500,2,8848.0000,10,S,8.8500,8.8400,8.8300,8.8200,8.8100,8.8600,8.8700,8.8800,8.8900,8.9000,172,547,557,328,326,113,381,580,523,432
SZ,002327,2017-01-03 11:19:03,8.8500,4,55756.0000,63,S,8.8500,8.8400,8.8300,8.8200,8.8100,8.8600,8.8700,8.8800,8.8900,8.9000,109,547,562,328,326,113,381,580,523,432
SZ,002327,2017-01-03 11:19:24,8.8500,4,22024.0000,25,S,8.8500,8.8400,8.8300,8.8200,8.8100,8.8600,8.8700,8.8800,8.8900,8.9000,122,547,562,328,342,98,381,580,523,432
SZ,002327,2017-01-03 11:19:45,8.8500,1,1772.0000,2,S,8.8500,8.8400,8.8300,8.8200,8.8100,8.8600,8.8700,8.8800,8.8900,8.9000,128,547,562,328,342,98,381,580,523,432
SZ,002327,2017-01-03 11:20:09,8.8500,9,73048.0000,83,S,8.8400,8.8300,8.8200,8.8100,8.8000,8.8500,8.8600,8.8700,8.8800,8.8900,537,562,328,342,229,27,98,381,580,523
SZ,002327,2017-01-03 11:20:51,8.8400,4,83440.0000,94,S,8.8400,8.8300,8.8200,8.8100,8.8000,8.8500,8.8600,8.8700,8.8800,8.8900,432,562,328,342,229,22,98,371,513,523
SZ,002327,2017-01-03 11:20:54,8.8400,1,8840.0000,10,S,8.8400,8.8300,8.8200,8.8100,8.8000,8.8500,8.8600,8.8700,8.8800,8.8900,422,562,328,342,229,22,98,221,513,473
SZ,002327,2017-01-03 11:21:00,8.8500,6,65426.0000,74,B,8.8400,8.8300,8.8200,8.8100,8.8000,8.8500,8.8600,8.8700,8.8800,8.8900,365,562,328,342,229,12,98,221,513,473
SZ,002327,2017-01-03 11:21:12,8.8400,1,1768.0000,2,S,8.8400,8.8300,8.8200,8.8100,8.8000,8.8500,8.8600,8.8700,8.8800,8.8900,376,562,328,342,229,12,98,221,213,273
SZ,002327,2017-01-03 11:21:36,8.8400,1,1768.0000,2,S,8.8400,8.8300,8.8200,8.8100,8.8000,8.8500,8.8600,8.8700,8.8800,8.8900,378,572,328,342,229,162,98,221,213,273
SZ,002327,2017-01-03 11:21:51,8.8400,2,88400.0000,100,S,8.8400,8.8300,8.8200,8.8100,8.8000,8.8500,8.8600,8.8700,8.8800,8.8900,278,572,328,342,229,162,98,226,213,273
SZ,002327,2017-01-03 11:22:18,8.8400,1,884.0000,1,S,8.8400,8.8300,8.8200,8.8100,8.8000,8.8500,8.8600,8.8700,8.8800,8.8900,277,572,328,342,239,42,98,226,213,273
SZ,002327,2017-01-03 11:22:33,8.8400,3,56576.0000,64,S,8.8400,8.8300,8.8200,8.8100,8.8000,8.8500,8.8600,8.8700,8.8800,8.8900,213,572,318,346,239,42,98,226,213,273
SZ,002327,2017-01-03 11:22:36,8.8400,5,188830.0000,214,S,8.8300,8.8200,8.8100,8.8000,8.7900,8.8400,8.8500,8.8600,8.8700,8.8800,572,318,346,240,14,0,42,98,226,213
SZ,002327,2017-01-03 11:23:00,8.8300,1,1768.0000,2,S,8.8300,8.8200,8.8100,8.8000,8.7900,8.8500,8.8600,8.8700,8.8800,8.8900,618,385,356,220,14,42,98,226,213,273
SZ,002327,2017-01-03 11:23:21,8.8300,1,2648.0000,3,S,8.8300,8.8200,8.8100,8.8000,8.7900,8.8500,8.8600,8.8700,8.8800,8.8900,725,385,356,220,14,542,98,123,213,273
SZ,002327,2017-01-03 11:23:57,8.8300,17,596908.0000,676,S,8.8300,8.8200,8.8100,8.8000,8.7900,8.8400,8.8500,8.8600,8.8700,8.8800,49,394,381,220,46,5,542,98,118,213
SZ,002327,2017-01-03 11:24:03,8.8400,1,884.0000,1,B,8.8300,8.8200,8.8100,8.8000,8.7900,8.8400,8.8500,8.8600,8.8700,8.8800,49,394,381,270,46,4,542,98,118,213
SZ,002327,2017-01-03 11:24:12,8.8300,1,2648.0000,3,S,8.8300,8.8200,8.8100,8.8000,8.7900,8.8400,8.8500,8.8600,8.8700,8.8800,51,394,381,270,46,4,542,198,118,213
SZ,002327,2017-01-03 11:24:18,8.8200,5,89134.0000,101,S,8.8200,8.8100,8.8000,8.7900,8.7800,8.8300,8.8400,8.8500,8.8600,8.8700,344,381,270,46,57,12,4,542,201,118
SZ,002327,2017-01-03 11:24:33,8.8200,1,4410.0000,5,S,8.8200,8.8100,8.8000,8.7900,8.7800,8.8300,8.8400,8.8500,8.8600,8.8700,329,381,270,46,57,12,4,542,201,118
SZ,002327,2017-01-03 11:24:48,8.8200,1,28224.0000,32,S,8.8200,8.8100,8.8000,8.7900,8.7800,8.8300,8.8400,8.8500,8.8600,8.8700,301,382,245,14,57,12,4,542,201,118
SZ,002327,2017-01-03 11:24:51,8.8200,1,1764.0000,2,S,8.8200,8.8100,8.8000,8.7900,8.7800,8.8300,8.8400,8.8500,8.8600,8.8700,299,397,245,14,57,12,4,542,201,118
SZ,002327,2017-01-03 11:25:39,8.8200,3,58216.0000,66,S,8.8200,8.8100,8.8000,8.7900,8.7800,8.8300,8.8400,8.8500,8.8600,8.8700,338,397,297,34,82,19,4,542,201,119
SZ,002327,2017-01-03 11:25:45,8.8300,1,882.0000,1,B,8.8200,8.8100,8.8000,8.7900,8.7800,8.8300,8.8400,8.8500,8.8600,8.8700,288,397,297,34,82,18,4,532,201,119
SZ,002327,2017-01-03 11:25:51,8.8300,3,15894.0000,18,B,8.8300,8.8200,8.8100,8.8000,8.7900,8.8400,8.8500,8.8600,8.8700,8.8800,6,288,397,297,34,4,532,201,119,213
SZ,002327,2017-01-03 11:26:27,8.8300,1,1766.0000,2,S,8.8300,8.8200,8.8100,8.8000,8.7900,8.8400,8.8500,8.8600,8.8700,8.8800,48,307,362,361,34,16,532,201,119,213
SZ,002327,2017-01-03 11:26:36,8.8300,3,8830.0000,10,S,8.8300,8.8200,8.8100,8.8000,8.7900,8.8400,8.8500,8.8600,8.8700,8.8800,38,314,362,361,34,16,532,201,119,213
SZ,002327,2017-01-03 11:27:21,8.8300,3,28256.0000,32,S,8.8200,8.8100,8.8000,8.7900,8.7800,8.8300,8.8400,8.8500,8.8600,8.8700,315,362,383,34,82,31,16,532,206,119
SZ,002327,2017-01-03 11:27:27,8.8200,1,4410.0000,5,S,8.8200,8.8100,8.8000,8.7900,8.7800,8.8300,8.8400,8.8500,8.8600,8.8700,310,362,383,34,82,31,16,532,206,119
SZ,002327,2017-01-03 11:27:36,8.8300,1,27374.0000,31,B,8.8300,8.8200,8.8100,8.8000,8.7900,8.8400,8.8500,8.8600,8.8700,8.8800,101,310,362,351,34,16,532,206,119,213
SZ,002327,2017-01-03 11:28:00,8.8400,3,8300.0000,9,B,8.8300,8.8200,8.8100,8.8000,8.7900,8.8400,8.8500,8.8600,8.8700,8.8800,100,310,362,365,34,7,532,206,141,213
SZ,002327,2017-01-03 11:28:06,8.8300,2,1766.0000,2,S,8.8300,8.8200,8.8100,8.8000,8.7900,8.8400,8.8500,8.8600,8.8700,8.8800,98,310,380,365,34,7,532,206,141,213
SZ,002327,2017-01-03 11:28:39,8.8400,3,8840.0000,10,B,8.8400,8.8300,8.8200,8.8100,8.8000,8.8500,8.8600,8.8700,8.8800,8.8900,5,148,254,380,365,532,206,119,269,293
SZ,002327,2017-01-03 11:28:57,8.8400,1,4420.0000,5,S,8.8300,8.8200,8.8100,8.8000,8.7900,8.8400,8.8500,8.8600,8.8700,8.8800,153,259,410,370,34,58,532,206,119,299
SZ,002327,2017-01-03 11:29:30,8.8400,1,8840.0000,10,B,8.8300,8.8200,8.8100,8.8000,8.7900,8.8400,8.8500,8.8600,8.8700,8.8800,153,297,410,371,508,65,532,206,119,299
SZ,002327,2017-01-03 11:29:36,8.8300,1,5298.0000,6,S,8.8300,8.8200,8.8100,8.8000,8.7900,8.8400,8.8500,8.8600,8.8700,8.8800,147,297,410,371,508,65,532,206,119,299
SZ,002327,2017-01-03 11:29:54,8.8300,1,1766.0000,2,S,8.8300,8.8200,8.8100,8.8000,8.7900,8.8400,8.8500,8.8600,8.8700,8.8800,145,297,410,371,34,65,532,206,119,299
