市场代码,证券代码,时间,最新价,成交笔数,成交额,成交量,方向,买一价,买二价,买三价,买四价,买五价,卖一价,卖二价,卖三价,卖四价,卖五价,买一量,买二量,买三量,买四量,买五量,卖一量,卖二量,卖三量,卖四量,卖五量
SZ,002384,2017-01-03 09:25:03,19.6000,28,509600.0000,260,B,19.5500,19.5200,19.5100,19.5000,19.4800,19.6000,19.6100,19.6300,19.6400,19.6800,16,1,19,60,3,289,194,5,5,5
SZ,002384,2017-01-03 09:30:03,19.5200,24,232724.0000,119,S,19.5100,19.5000,19.4900,19.4800,19.4700,19.5700,19.5800,19.5900,19.6000,19.6100,4,82,24,36,50,116,2,231,298,194
SZ,002384,2017-01-03 09:30:06,19.5500,3,58653.0000,30,B,19.5200,19.5100,19.5000,19.4900,19.4800,19.5500,19.5700,19.5800,19.5900,19.6000,5,24,82,24,36,182,111,2,184,299
SZ,002384,2017-01-03 09:30:15,19.5500,1,35190.0000,18,B,19.5200,19.5100,19.5000,19.4900,19.4800,19.5500,19.5700,19.5800,19.5900,19.6000,5,24,82,24,36,217,111,2,184,299
SZ,002384,2017-01-03 09:30:24,19.5200,1,9760.0000,5,S,19.5100,19.5000,19.4900,19.4800,19.4700,19.5500,19.5700,19.5800,19.5900,19.6000,24,82,24,36,50,164,111,2,184,286
SZ,002384,2017-01-03 09:30:27,19.5000,4,66324.0000,34,S,19.5000,19.4900,19.4800,19.4700,19.4500,19.5500,19.5700,19.5800,19.5900,19.6000,72,24,36,53,23,164,111,2,184,286
SZ,002384,2017-01-03 09:30:33,19.5000,2,25358.0000,13,S,19.5000,19.4900,19.4800,19.4700,19.4500,19.5400,19.5500,19.5700,19.5800,19.5900,54,24,36,53,23,20,164,111,2,107
SZ,002384,2017-01-03 09:30:36,19.5000,1,3900.0000,2,S,19.5000,19.4900,19.4800,19.4700,19.4500,19.5100,19.5400,19.5500,19.5700,19.5800,52,24,36,53,23,2,20,164,111,2
SZ,002384,2017-01-03 09:30:39,19.5000,3,13655.0000,7,S,19.5000,19.4900,19.4800,19.4700,19.4500,19.5100,19.5400,19.5500,19.5700,19.5800,60,24,36,53,23,17,20,164,111,2
SZ,002384,2017-01-03 09:30:42,19.5000,2,3901.0000,2,S,19.5000,19.4900,19.4800,19.4700,19.4500,19.5100,19.5400,19.5500,19.5700,19.5800,62,24,36,53,23,16,97,164,111,2
SZ,002384,2017-01-03 09:30:45,19.5100,1,31216.0000,16,B,19.5100,19.5000,19.4900,19.4800,19.4700,19.5400,19.5500,19.5700,19.5800,19.5900,34,62,24,36,53,97,164,111,2,107
SZ,002384,2017-01-03 09:30:48,19.5100,1,9755.0000,5,S,19.5100,19.5000,19.4900,19.4800,19.4700,19.5400,19.5500,19.5700,19.5800,19.5900,85,62,24,36,50,97,164,111,2,107
SZ,002384,2017-01-03 09:30:51,19.5400,3,101602.0000,52,B,19.5100,19.5000,19.4900,19.4800,19.4700,19.5400,19.5500,19.5700,19.5800,19.5900,86,62,43,36,50,47,166,111,2,107
SZ,002384,2017-01-03 09:30:54,19.5100,1,9755.0000,5,S,19.5100,19.5000,19.4900,19.4800,19.4700,19.5400,19.5500,19.5700,19.5800,19.5900,81,62,43,36,50,47,166,111,2,107
SZ,002384,2017-01-03 09:31:00,19.5400,1,9770.0000,5,B,19.5200,19.5100,19.5000,19.4900,19.4800,19.5400,19.5500,19.5700,19.5800,19.5900,24,91,62,43,36,42,166,111,2,102
SZ,002384,2017-01-03 09:31:03,19.5400,1,3908.0000,2,B,19.5200,19.5100,19.5000,19.4900,19.4800,19.5400,19.5500,19.5700,19.5800,19.5900,106,102,82,52,36,40,168,111,2,102
SZ,002384,2017-01-03 09:31:06,19.5400,2,11714.0000,6,B,19.5200,19.5100,19.5000,19.4900,19.4800,19.5400,19.5500,19.5700,19.5900,19.6000,101,102,82,52,36,39,168,111,99,282
SZ,002384,2017-01-03 09:31:12,19.5400,1,15632.0000,8,B,19.5200,19.5100,19.5000,19.4900,19.4800,19.5400,19.5500,19.5700,19.5900,19.6000,102,104,82,52,37,31,168,111,81,282
SZ,002384,2017-01-03 09:31:15,19.5200,5,128951.0000,66,S,19.5400,19.5200,19.5100,19.5000,19.4900,19.5500,19.5700,19.5900,19.6000,19.6100,30,86,104,77,52,149,111,81,282,160
SZ,002384,2017-01-03 09:31:24,19.5500,2,7820.0000,4,B,19.5400,19.5300,19.5200,19.5100,19.5000,19.5500,19.5700,19.5900,19.6000,19.6100,31,1,111,104,83,145,111,60,282,160
SZ,002384,2017-01-03 09:31:27,19.5500,3,9775.0000,5,B,19.5400,19.5300,19.5200,19.5100,19.5000,19.5500,19.5700,19.5900,19.6000,19.6100,31,1,111,104,88,140,111,60,282,160
SZ,002384,2017-01-03 09:31:30,19.5500,1,19550.0000,10,B,19.5400,19.5300,19.5200,19.5100,19.5000,19.5500,19.5700,19.5900,19.6000,19.6100,51,1,111,104,188,130,111,60,282,160
SZ,002384,2017-01-03 09:31:33,19.5400,2,15634.0000,8,S,19.5400,19.5300,19.5200,19.5100,19.5000,19.5500,19.5700,19.5900,19.6000,19.6100,45,1,111,104,182,128,111,60,282,160
SZ,002384,2017-01-03 09:31:42,19.5400,2,105566.0000,54,S,19.5400,19.5300,19.5200,19.5100,19.5000,19.5500,19.5700,19.5900,19.6000,19.6100,41,4,29,104,179,131,111,60,282,160
SZ,002384,2017-01-03 09:31:45,19.5500,3,54732.0000,28,B,19.5400,19.5300,19.5200,19.5100,19.5000,19.5500,19.5700,19.5900,19.6000,19.6100,33,6,29,104,179,111,111,60,282,160
SZ,002384,2017-01-03 09:31:48,19.5500,1,58650.0000,30,B,19.5400,19.5300,19.5200,19.5100,19.5000,19.5500,19.5700,19.5900,19.6000,19.6100,33,6,29,104,179,81,111,60,282,160
SZ,002384,2017-01-03 09:31:51,19.5500,1,3910.0000,2,B,19.5400,19.5300,19.5200,19.5100,19.5000,19.5500,19.5700,19.5900,19.6000,19.6100,33,6,29,129,179,79,111,60,282,160
SZ,002384,2017-01-03 09:31:54,19.5500,1,3910.0000,2,B,19.5400,19.5300,19.5200,19.5100,19.5000,19.5500,19.5700,19.5900,19.6000,19.6100,33,6,29,129,159,77,111,60,282,160
SZ,002384,2017-01-03 09:32:00,19.5500,5,150535.0000,77,B,19.5500,19.5400,19.5300,19.5200,19.5100,19.5700,19.5900,19.6000,19.6100,19.6200,55,33,6,29,129,111,60,282,160,1
SZ,002384,2017-01-03 09:32:09,19.5700,2,33269.0000,17,B,19.5500,19.5400,19.5300,19.5200,19.5100,19.5600,19.5700,19.5900,19.6000,19.6100,276,33,6,35,129,32,94,60,282,160
SZ,002384,2017-01-03 09:32:12,19.5700,2,97818.0000,50,B,19.5500,19.5400,19.5300,19.5200,19.5100,19.5700,19.5900,19.6000,19.6100,19.6200,276,33,6,35,119,76,60,282,160,1
SZ,002384,2017-01-03 09:32:18,19.5700,2,148732.0000,76,B,19.5700,19.5500,19.5400,19.5300,19.5200,19.5900,19.6000,19.6100,19.6200,19.6300,44,277,33,6,35,60,282,160,1,22
SZ,002384,2017-01-03 09:32:24,19.5900,1,19590.0000,10,B,19.5700,19.5600,19.5500,19.5400,19.5300,19.5900,19.6000,19.6100,19.6200,19.6300,58,232,276,33,6,50,282,160,4,22
SZ,002384,2017-01-03 09:32:30,19.5700,4,52882.0000,27,S,19.5700,19.5600,19.5500,19.5400,19.5300,19.5900,19.6000,19.6100,19.6200,19.6300,53,232,276,33,6,29,282,160,4,22
SZ,002384,2017-01-03 09:32:33,19.5900,2,47016.0000,24,B,19.5700,19.5600,19.5500,19.5400,19.5300,19.5900,19.6000,19.6100,19.6200,19.6300,100,232,276,33,6,5,278,160,4,22
SZ,002384,2017-01-03 09:32:39,19.5700,5,39159.0000,20,S,19.5900,19.5800,19.5700,19.5600,19.5500,19.6000,19.6100,19.6200,19.6300,19.6400,10,28,88,232,286,275,160,4,22,5
SZ,002384,2017-01-03 09:32:45,19.6000,3,331238.0000,169,B,19.5900,19.5800,19.5700,19.5600,19.5500,19.6000,19.6100,19.6200,19.6300,19.6400,8,28,94,150,286,108,160,4,22,5
SZ,002384,2017-01-03 09:32:48,19.6000,3,196000.0000,100,B,19.5900,19.5800,19.5700,19.5600,19.5500,19.6000,19.6100,19.6200,19.6300,19.6400,8,28,194,150,286,8,160,4,22,12
SZ,002384,2017-01-03 09:32:51,19.5900,4,41154.0000,21,S,19.5900,19.5800,19.5700,19.5600,19.5500,19.6100,19.6200,19.6300,19.6400,19.6500,2,28,194,150,286,160,4,22,12,4
SZ,002384,2017-01-03 09:32:54,19.6100,2,68610.0000,35,B,19.6000,19.5900,19.5800,19.5700,19.5600,19.6100,19.6200,19.6300,19.6400,19.6500,3,2,28,194,150,150,4,22,12,4
SZ,002384,2017-01-03 09:32:57,19.6000,1,5880.0000,3,S,19.5900,19.5800,19.5700,19.5600,19.5500,19.6000,19.6100,19.6200,19.6300,19.6400,2,84,194,150,286,2,150,4,22,12
SZ,002384,2017-01-03 09:33:00,19.6000,1,3920.0000,2,B,19.6000,19.5900,19.5800,19.5700,19.5600,19.6100,19.6200,19.6300,19.6400,19.6500,1,2,84,194,150,150,4,22,12,4
SZ,002384,2017-01-03 09:33:06,19.6100,3,11766.0000,6,B,19.6000,19.5900,19.5800,19.5700,19.5600,19.6100,19.6200,19.6300,19.6400,19.6500,206,2,84,194,150,144,4,22,12,4
SZ,002384,2017-01-03 09:33:09,19.6000,8,131375.0000,67,S,19.6000,19.5900,19.5800,19.5700,19.5600,19.6100,19.6200,19.6300,19.6400,19.6500,194,12,84,194,150,89,4,22,12,4
SZ,002384,2017-01-03 09:33:12,19.6100,2,25493.0000,13,B,19.6000,19.5900,19.5800,19.5700,19.5600,19.6100,19.6200,19.6300,19.6400,19.6500,201,12,84,194,150,76,3,22,12,4
SZ,002384,2017-01-03 09:33:15,19.6100,2,149036.0000,76,B,19.6100,19.6000,19.5900,19.5800,19.5700,19.6200,19.6300,19.6400,19.6500,19.6600,121,303,12,79,194,3,22,12,4,6
SZ,002384,2017-01-03 09:33:18,19.6200,1,5886.0000,3,B,19.6200,19.6100,19.6000,19.5900,19.5800,19.6300,19.6400,19.6500,19.6600,19.6700,20,171,303,12,79,22,12,4,6,40
SZ,002384,2017-01-03 09:33:21,19.6300,3,39258.0000,20,B,19.6200,19.6100,19.6000,19.5900,19.5800,19.6300,19.6400,19.6500,19.6600,19.6700,8,147,203,12,79,4,12,4,6,40
SZ,002384,2017-01-03 09:33:24,19.6300,3,21592.0000,11,B,19.6300,19.6200,19.6100,19.6000,19.5900,19.6400,19.6500,19.6600,19.6700,19.6800,20,7,147,203,12,12,4,6,40,5
SZ,002384,2017-01-03 09:33:27,19.6400,2,23568.0000,12,B,19.6400,19.6300,19.6200,19.6100,19.6000,19.6500,19.6600,19.6700,19.6800,19.7000,38,23,22,149,204,4,6,40,5,1
SZ,002384,2017-01-03 09:33:30,19.6400,3,68740.0000,35,S,19.6400,19.6300,19.6200,19.6100,19.6000,19.6500,19.6600,19.6700,19.6800,19.7000,4,23,22,149,204,4,6,40,5,1
SZ,002384,2017-01-03 09:33:33,19.6500,5,17680.0000,9,B,19.6500,19.6400,19.6300,19.6200,19.6100,19.6600,19.6700,19.6800,19.7000,19.7500,7,69,23,22,149,13,40,5,1,29
SZ,002384,2017-01-03 09:33:36,19.6700,3,78667.0000,40,B,19.6500,19.6400,19.6300,19.6200,19.6100,19.6700,19.6800,19.7000,19.7500,19.8000,22,69,28,22,149,13,5,1,29,63
SZ,002384,2017-01-03 09:33:39,19.6500,3,21615.0000,11,S,19.6500,19.6400,19.6300,19.6200,19.6100,19.6600,19.6700,19.6800,19.7000,19.7500,12,169,28,22,89,20,13,5,1,29
SZ,002384,2017-01-03 09:33:42,19.6600,3,33422.0000,17,B,19.6500,19.6400,19.6300,19.6200,19.6100,19.6600,19.6700,19.6800,19.7000,19.7500,12,169,28,15,39,3,29,5,1,29
SZ,002384,2017-01-03 09:33:45,19.6500,5,127728.0000,65,S,19.6600,19.6400,19.6300,19.6200,19.6100,19.6700,19.6800,19.7000,19.7500,19.8000,11,169,10,15,39,29,5,12,29,63
SZ,002384,2017-01-03 09:33:48,19.6700,4,45238.0000,23,B,19.6600,19.6400,19.6300,19.6200,19.6100,19.6700,19.6800,19.7000,19.7500,19.8000,24,169,10,15,39,9,5,17,29,63
SZ,002384,2017-01-03 09:33:51,19.7000,4,37393.0000,19,B,19.6700,19.6600,19.6500,19.6400,19.6300,19.7000,19.7500,19.8000,19.8100,19.8500,41,127,23,169,10,12,29,63,3,11
SZ,002384,2017-01-03 09:33:54,19.7500,7,90750.0000,46,B,19.7500,19.6800,19.6700,19.6600,19.6500,19.8000,19.8100,19.8500,19.8800,19.9000,9,30,44,127,26,63,3,21,22,40
SZ,002384,2017-01-03 09:33:57,19.6800,5,45342.0000,23,S,19.6800,19.6700,19.6600,19.6500,19.6400,19.8000,19.8100,19.8500,19.8800,19.9000,19,57,127,33,169,63,3,21,22,40
SZ,002384,2017-01-03 09:34:09,19.7000,3,11843.0000,6,S,19.7000,19.6800,19.6700,19.6600,19.6500,19.7700,19.7800,19.8000,19.8500,19.8800,59,25,72,325,33,67,20,63,24,42
SZ,002384,2017-01-03 09:34:12,19.7700,4,47378.0000,24,B,19.7100,19.7000,19.6800,19.6700,19.6600,19.7700,19.7800,19.8000,19.8500,19.8800,50,49,25,72,325,53,20,77,24,42
SZ,002384,2017-01-03 09:34:15,19.7600,4,72997.0000,37,S,19.7100,19.7000,19.6800,19.6700,19.6600,19.7600,19.7700,19.7800,19.8000,19.8500,25,49,25,72,325,42,43,20,77,24
SZ,002384,2017-01-03 09:34:18,19.7600,2,49400.0000,25,B,19.7100,19.7000,19.6800,19.6700,19.6600,19.7600,19.7700,19.7800,19.8000,19.8500,25,49,6,72,325,54,43,20,77,24
SZ,002384,2017-01-03 09:34:21,19.7600,3,49400.0000,25,B,19.7100,19.7000,19.6800,19.6700,19.6600,19.7600,19.7700,19.7800,19.8000,19.8500,25,49,6,59,325,29,43,20,92,24
SZ,002384,2017-01-03 09:34:24,19.7500,1,9875.0000,5,S,19.7100,19.7000,19.6800,19.6700,19.6600,19.7600,19.7700,19.7800,19.8000,19.8500,25,49,6,59,325,29,43,20,105,24
SZ,002384,2017-01-03 09:34:27,19.7600,1,7904.0000,4,B,19.7100,19.7000,19.6800,19.6700,19.6600,19.7600,19.7700,19.7800,19.8000,19.8500,25,49,6,59,225,51,43,20,105,24
SZ,002384,2017-01-03 09:34:30,19.7100,1,19710.0000,10,S,19.7100,19.7000,19.6800,19.6700,19.6600,19.7600,19.7700,19.7800,19.7900,19.8000,15,19,6,59,225,51,43,20,6,105
SZ,002384,2017-01-03 09:34:33,19.7600,2,35568.0000,18,B,19.7100,19.6800,19.6700,19.6600,19.6500,19.7500,19.7600,19.7700,19.7800,19.7900,15,6,59,225,35,10,58,43,20,6
SZ,002384,2017-01-03 09:34:36,19.6900,2,31534.0000,16,S,19.6800,19.6700,19.6600,19.6500,19.6400,19.6900,19.7500,19.7600,19.7700,19.7800,6,59,225,35,169,27,27,58,43,20
SZ,002384,2017-01-03 09:34:39,19.6900,1,1969.0000,1,B,19.6800,19.6700,19.6600,19.6500,19.6400,19.6900,19.7400,19.7500,19.7600,19.7800,6,59,225,33,169,26,3,40,58,25
SZ,002384,2017-01-03 09:34:42,19.7500,4,68966.0000,35,B,19.7300,19.6800,19.6700,19.6600,19.6500,19.7500,19.7600,19.7800,19.7900,19.8000,13,6,59,225,33,39,58,25,78,113
SZ,002384,2017-01-03 09:34:45,19.7400,1,3948.0000,2,S,19.7300,19.6800,19.6700,19.6600,19.6500,19.7400,19.7500,19.7600,19.7800,19.7900,13,6,23,225,33,48,39,135,25,78
SZ,002384,2017-01-03 09:34:48,19.6700,6,88634.0000,45,S,19.6900,19.6700,19.6600,19.6500,19.6400,19.7400,19.7500,19.7600,19.7800,19.7900,10,2,225,30,169,73,49,135,35,78
SZ,002384,2017-01-03 09:34:51,19.7400,1,27636.0000,14,B,19.6900,19.6700,19.6600,19.6500,19.6400,19.7400,19.7500,19.7600,19.7800,19.7900,10,2,225,30,169,59,49,135,35,81
SZ,002384,2017-01-03 09:34:57,19.7000,1,5910.0000,3,S,19.7000,19.6900,19.6700,19.6600,19.6500,19.7200,19.7300,19.7400,19.7500,19.7600,16,10,2,250,30,5,100,59,50,132
SZ,002384,2017-01-03 09:35:00,19.7200,2,9860.0000,5,B,19.7200,19.7000,19.6900,19.6700,19.6600,19.7300,19.7400,19.7500,19.7600,19.7700,2,16,110,2,250,104,59,50,132,2
SZ,002384,2017-01-03 09:35:03,19.7300,4,108504.0000,55,B,19.7200,19.7000,19.6900,19.6700,19.6600,19.7300,19.7400,19.7500,19.7600,19.7700,91,16,110,2,250,65,59,50,132,2
SZ,002384,2017-01-03 09:35:06,19.7200,7,207132.0000,105,S,19.7200,19.7000,19.6900,19.6700,19.6600,19.7400,19.7500,19.7600,19.7700,19.7800,60,16,110,2,250,59,50,132,2,30
SZ,002384,2017-01-03 09:35:09,19.7200,2,41412.0000,21,S,19.7300,19.7200,19.7000,19.6900,19.6700,19.7400,19.7500,19.7600,19.7700,19.7800,18,45,16,110,2,59,52,132,2,30
SZ,002384,2017-01-03 09:35:12,19.7400,6,106546.0000,54,B,19.7300,19.7200,19.7000,19.6900,19.6700,19.7400,19.7500,19.7600,19.7700,19.7800,5,33,16,110,2,49,53,132,2,20
SZ,002384,2017-01-03 09:35:15,19.7200,5,51289.0000,26,S,19.7200,19.7000,19.6900,19.6700,19.6600,19.7300,19.7400,19.7500,19.7600,19.7700,28,16,110,2,250,10,43,63,92,2
SZ,002384,2017-01-03 09:35:18,19.7300,10,92701.0000,47,B,19.7200,19.7000,19.6900,19.6700,19.6600,19.7300,19.7400,19.7500,19.7600,19.7700,65,16,110,2,250,23,47,63,92,2
SZ,002384,2017-01-03 09:35:21,19.7500,14,227032.0000,115,B,19.7200,19.7000,19.6900,19.6700,19.6600,19.7300,19.7400,19.7500,19.7600,19.7700,65,16,110,2,250,20,4,18,92,2
SZ,002384,2017-01-03 09:35:24,19.7300,2,9865.0000,5,B,19.7200,19.7000,19.6900,19.6700,19.6600,19.7300,19.7400,19.7500,19.7600,19.7700,67,16,110,2,250,15,4,17,92,2
SZ,002384,2017-01-03 09:35:27,19.7400,4,51309.0000,26,B,19.7400,19.7200,19.7000,19.6900,19.6700,19.7500,19.7600,19.7700,19.7800,19.7900,4,67,46,110,2,19,92,2,20,81
SZ,002384,2017-01-03 09:35:30,19.7200,2,13812.0000,7,S,19.7200,19.7000,19.6900,19.6700,19.6600,19.7500,19.7600,19.7700,19.7800,19.7900,64,46,110,2,250,19,92,2,20,81
SZ,002384,2017-01-03 09:35:33,19.7200,1,59160.0000,30,S,19.7300,19.7200,19.7000,19.6900,19.6700,19.7500,19.7600,19.7700,19.7800,19.7900,2,34,46,110,2,44,92,2,20,81
SZ,002384,2017-01-03 09:35:39,19.7500,6,39500.0000,20,B,19.7300,19.7200,19.7000,19.6900,19.6700,19.7500,19.7600,19.7700,19.7800,19.7900,2,34,46,100,2,26,92,2,20,91
SZ,002384,2017-01-03 09:35:42,19.7600,9,243007.0000,123,B,19.7600,19.7200,19.7000,19.6900,19.6700,19.7700,19.7800,19.7900,19.8000,19.8100,53,55,46,100,2,2,20,121,133,2
SZ,002384,2017-01-03 09:35:48,19.7600,1,1976.0000,1,S,19.7600,19.7300,19.7200,19.7000,19.6900,19.7700,19.7800,19.7900,19.8000,19.8100,52,3,55,60,100,2,20,121,133,2
SZ,002384,2017-01-03 09:35:51,19.7600,1,59280.0000,30,S,19.7600,19.7300,19.7200,19.7000,19.6900,19.7700,19.7800,19.7900,19.8000,19.8100,22,3,55,60,110,2,20,131,133,2
SZ,002384,2017-01-03 09:35:54,19.7600,4,71136.0000,36,S,19.7300,19.7200,19.7000,19.6900,19.6700,19.7600,19.7700,19.7800,19.7900,19.8000,3,55,60,110,2,69,2,29,131,133
SZ,002384,2017-01-03 09:36:00,19.7500,2,9875.0000,5,S,19.7300,19.7200,19.7000,19.6900,19.6700,19.7500,19.7600,19.7700,19.7800,19.7900,3,53,60,110,2,15,72,2,29,131
SZ,002384,2017-01-03 09:36:03,19.7500,1,5925.0000,3,B,19.7300,19.7200,19.7000,19.6900,19.6700,19.7500,19.7600,19.7700,19.7800,19.7900,3,53,60,110,2,35,108,2,29,131
SZ,002384,2017-01-03 09:36:06,19.7500,3,51350.0000,26,B,19.7300,19.7200,19.7000,19.6900,19.6700,19.7500,19.7600,19.7700,19.7800,19.7900,3,53,60,110,2,15,108,2,29,131
SZ,002384,2017-01-03 09:36:09,19.7300,11,138113.0000,70,S,19.7300,19.7200,19.7000,19.6900,19.6700,19.7500,19.7600,19.7700,19.7800,19.7900,5,26,60,110,2,58,108,12,39,121
SZ,002384,2017-01-03 09:36:12,19.7500,3,47396.0000,24,B,19.7300,19.7200,19.7000,19.6900,19.6700,19.7500,19.7600,19.7700,19.7800,19.7900,3,26,60,110,2,43,108,16,30,121
SZ,002384,2017-01-03 09:36:15,19.7300,2,19730.0000,10,S,19.7300,19.7200,19.7000,19.6900,19.6700,19.7400,19.7500,19.7600,19.7700,19.7800,3,21,60,110,2,90,48,108,16,30
SZ,002384,2017-01-03 09:36:18,19.7300,5,171651.0000,87,S,19.7200,19.7000,19.6900,19.6700,19.6600,19.7300,19.7400,19.7500,19.7600,19.7700,21,44,110,2,250,85,90,68,118,66
SZ,002384,2017-01-03 09:36:21,19.7300,2,80893.0000,41,B,19.7200,19.7000,19.6900,19.6700,19.6600,19.7300,19.7400,19.7500,19.7600,19.7700,21,30,110,2,250,45,104,68,118,66
SZ,002384,2017-01-03 09:36:24,19.7000,3,116272.0000,59,S,19.7000,19.6900,19.6700,19.6600,19.6500,19.7200,19.7300,19.7400,19.7500,19.7600,71,110,2,250,30,5,45,104,91,118
SZ,002384,2017-01-03 09:36:27,19.7000,2,17740.0000,9,S,19.7000,19.6900,19.6700,19.6600,19.6500,19.7200,19.7300,19.7400,19.7500,19.7600,67,110,2,250,30,65,45,104,91,49
SZ,002384,2017-01-03 09:36:30,19.7000,1,9850.0000,5,S,19.7000,19.6900,19.6700,19.6600,19.6500,19.7200,19.7300,19.7400,19.7500,19.7600,67,110,2,250,30,85,45,104,91,54
SZ,002384,2017-01-03 09:36:36,19.7000,4,61073.0000,31,S,19.7000,19.6900,19.6700,19.6600,19.6500,19.7100,19.7200,19.7300,19.7400,19.7500,70,110,2,250,30,5,137,45,104,79
SZ,002384,2017-01-03 09:36:42,19.7100,2,19705.0000,10,B,19.7000,19.6900,19.6700,19.6600,19.6500,19.7100,19.7200,19.7300,19.7400,19.7500,150,113,2,250,30,2,137,45,103,79
SZ,002384,2017-01-03 09:36:45,19.7000,2,25611.0000,13,S,19.7000,19.6900,19.6700,19.6600,19.6500,19.7100,19.7200,19.7300,19.7400,19.7500,143,113,2,250,30,1,137,45,92,79
SZ,002384,2017-01-03 09:36:48,19.7100,2,5913.0000,3,B,19.7100,19.7000,19.6900,19.6700,19.6600,19.7200,19.7300,19.7400,19.7500,19.7600,74,143,113,2,250,127,45,92,79,54
SZ,002384,2017-01-03 09:36:51,19.7100,1,1971.0000,1,S,19.7100,19.7000,19.6900,19.6700,19.6600,19.7200,19.7300,19.7400,19.7500,19.7600,75,126,113,2,250,127,45,92,89,54
SZ,002384,2017-01-03 09:36:54,19.7200,1,25636.0000,13,B,19.7100,19.7000,19.6900,19.6700,19.6600,19.7200,19.7300,19.7400,19.7500,19.7600,75,126,113,2,250,114,45,92,84,54
SZ,002384,2017-01-03 09:36:57,19.7100,1,45333.0000,23,S,19.7100,19.7000,19.6900,19.6700,19.6600,19.7200,19.7300,19.7400,19.7500,19.7600,52,126,113,2,254,119,45,92,84,54
SZ,002384,2017-01-03 09:37:00,19.7200,4,39422.0000,20,B,19.7100,19.7000,19.6900,19.6700,19.6600,19.7200,19.7300,19.7400,19.7500,19.7600,34,96,113,2,254,117,45,92,84,54
SZ,002384,2017-01-03 09:37:03,19.7200,2,98600.0000,50,B,19.7100,19.7000,19.6900,19.6700,19.6600,19.7200,19.7300,19.7400,19.7500,19.7600,74,96,113,2,254,67,45,92,84,54
SZ,002384,2017-01-03 09:37:06,19.7100,3,33507.0000,17,S,19.7100,19.7000,19.6900,19.6700,19.6600,19.7200,19.7300,19.7400,19.7500,19.7600,57,99,113,2,254,67,45,92,84,59
SZ,002384,2017-01-03 09:37:09,19.7200,4,181424.0000,92,B,19.7200,19.7100,19.7000,19.6900,19.6700,19.7300,19.7400,19.7500,19.7600,19.7700,8,57,99,113,18,45,92,81,59,76
SZ,002384,2017-01-03 09:37:18,19.7200,1,9860.0000,5,S,19.7200,19.7100,19.7000,19.6900,19.6700,19.7300,19.7400,19.7500,19.7600,19.7700,35,44,99,113,18,45,92,81,59,73
SZ,002384,2017-01-03 09:37:21,19.6900,17,553581.0000,281,S,19.6700,19.6600,19.6500,19.6400,19.6200,19.6900,19.7300,19.7400,19.7500,19.7600,18,254,32,101,15,19,45,92,81,59
SZ,002384,2017-01-03 09:37:24,19.6900,1,9845.0000,5,B,19.6700,19.6600,19.6500,19.6400,19.6200,19.6900,19.7200,19.7300,19.7400,19.7500,18,254,32,101,15,14,50,45,92,81
SZ,002384,2017-01-03 09:37:30,19.6900,1,19690.0000,10,B,19.6700,19.6600,19.6500,19.6400,19.6300,19.6900,19.7200,19.7300,19.7400,19.7500,18,254,32,101,1,4,52,55,92,81
SZ,002384,2017-01-03 09:37:33,19.6900,1,7876.0000,4,B,19.6900,19.6800,19.6700,19.6600,19.6500,19.7200,19.7300,19.7400,19.7500,19.7600,111,30,18,254,32,52,54,92,81,59
SZ,002384,2017-01-03 09:37:36,19.6600,12,822199.0000,418,S,19.6500,19.6400,19.6300,19.6200,19.6100,19.6600,19.6700,19.7200,19.7300,19.7400,32,101,1,15,40,725,6,57,74,92
SZ,002384,2017-01-03 09:37:39,19.6500,3,60915.0000,31,S,19.6500,19.6400,19.6300,19.6200,19.6100,19.6600,19.6700,19.6900,19.7200,19.7300,1,101,1,15,40,725,6,1,74,74
SZ,002384,2017-01-03 09:37:42,19.6600,3,145484.0000,74,B,19.6500,19.6400,19.6300,19.6200,19.6100,19.6600,19.6700,19.6900,19.7200,19.7300,1,101,1,15,40,651,6,14,74,74
SZ,002384,2017-01-03 09:37:45,19.6500,1,1965.0000,1,S,19.6400,19.6300,19.6200,19.6100,19.6000,19.6500,19.6600,19.6700,19.6900,19.7200,101,1,15,40,107,9,651,6,14,74
SZ,002384,2017-01-03 09:37:48,19.6600,2,196591.0000,100,B,19.6400,19.6300,19.6200,19.6100,19.6000,19.6500,19.6600,19.6700,19.6900,19.7200,101,1,15,40,107,6,560,6,14,74
SZ,002384,2017-01-03 09:37:51,19.6400,1,5892.0000,3,S,19.6400,19.6300,19.6200,19.6100,19.6000,19.6500,19.6600,19.6700,19.6900,19.7200,98,1,15,40,107,14,560,6,14,74
SZ,002384,2017-01-03 09:37:54,19.6400,1,108020.0000,55,S,19.6400,19.6300,19.6200,19.6100,19.6000,19.6500,19.6600,19.6700,19.6900,19.7200,43,1,15,57,107,14,560,6,14,74
SZ,002384,2017-01-03 09:38:00,19.6500,5,49120.0000,25,B,19.6500,19.6400,19.6300,19.6200,19.6100,19.6600,19.6700,19.6900,19.7200,19.7300,30,38,1,20,57,560,6,13,74,74
SZ,002384,2017-01-03 09:38:06,19.6500,3,9825.0000,5,S,19.6500,19.6400,19.6300,19.6200,19.6100,19.6600,19.6700,19.6900,19.7200,19.7300,25,38,1,28,57,560,6,13,72,64
SZ,002384,2017-01-03 09:38:09,19.6500,3,121882.0000,62,S,19.6500,19.6400,19.6300,19.6200,19.6100,19.6600,19.6700,19.6900,19.7200,19.7300,15,38,51,28,57,508,6,13,72,64
SZ,002384,2017-01-03 09:38:12,19.6500,1,7860.0000,4,S,19.6500,19.6400,19.6300,19.6200,19.6100,19.6600,19.6700,19.6900,19.7200,19.7300,16,38,51,28,57,508,6,13,72,64
SZ,002384,2017-01-03 09:38:15,19.6600,4,129742.0000,66,B,19.6500,19.6400,19.6300,19.6200,19.6100,19.6600,19.6700,19.7200,19.7300,19.7400,27,38,51,28,57,456,6,72,64,82
SZ,002384,2017-01-03 09:38:18,19.6500,3,49125.0000,25,S,19.6500,19.6400,19.6300,19.6200,19.6100,19.6600,19.6700,19.7200,19.7300,19.7400,53,38,51,33,57,456,6,72,64,82
SZ,002384,2017-01-03 09:38:21,19.6500,6,55020.0000,28,S,19.6500,19.6400,19.6300,19.6200,19.6100,19.6600,19.6700,19.7200,19.7300,19.7400,25,38,51,33,57,456,6,72,64,82
SZ,002384,2017-01-03 09:38:24,19.6600,3,157250.0000,80,B,19.6400,19.6300,19.6200,19.6100,19.6000,19.6600,19.6700,19.7200,19.7300,19.7400,38,51,33,57,107,406,6,72,64,82
SZ,002384,2017-01-03 09:38:27,19.6600,1,1966.0000,1,B,19.6400,19.6300,19.6200,19.6100,19.6000,19.6600,19.6700,19.7200,19.7300,19.7400,38,51,33,50,107,405,6,72,64,82
SZ,002384,2017-01-03 09:38:30,19.6500,1,5895.0000,3,S,19.6400,19.6300,19.6200,19.6100,19.6000,19.6600,19.6700,19.7200,19.7300,19.7400,38,51,33,50,107,405,6,72,64,82
SZ,002384,2017-01-03 09:38:33,19.6600,2,102232.0000,52,B,19.6400,19.6300,19.6200,19.6100,19.6000,19.6500,19.6600,19.6700,19.7200,19.7300,38,51,33,50,107,2,363,6,72,64
SZ,002384,2017-01-03 09:38:36,19.6400,1,9820.0000,5,S,19.6400,19.6300,19.6200,19.6100,19.6000,19.6500,19.6600,19.6700,19.7200,19.7300,33,51,33,50,107,2,363,6,72,64
SZ,002384,2017-01-03 09:38:39,19.6500,1,3930.0000,2,B,19.6400,19.6300,19.6200,19.6100,19.6000,19.6600,19.6700,19.7200,19.7300,19.7400,38,51,33,50,107,363,6,72,64,82
SZ,002384,2017-01-03 09:38:45,19.6600,2,532786.0000,271,B,19.6500,19.6400,19.6300,19.6200,19.6100,19.6600,19.6700,19.7200,19.7300,19.7400,50,38,59,33,50,92,6,72,64,82
SZ,002384,2017-01-03 09:38:48,19.6700,3,192674.0000,98,B,19.6700,19.6600,19.6500,19.6400,19.6300,19.7200,19.7300,19.7400,19.7500,19.7600,54,386,55,44,59,72,64,82,63,67
SZ,002384,2017-01-03 09:38:51,19.6700,1,11802.0000,6,S,19.6700,19.6600,19.6500,19.6400,19.6300,19.7200,19.7300,19.7400,19.7500,19.7600,48,386,55,44,59,72,64,82,63,67
SZ,002384,2017-01-03 09:38:54,19.7200,1,39440.0000,20,B,19.6700,19.6600,19.6500,19.6400,19.6300,19.7200,19.7300,19.7400,19.7500,19.7600,48,422,55,44,79,52,64,82,63,67
SZ,002384,2017-01-03 09:39:09,19.6700,1,13769.0000,7,S,19.6700,19.6600,19.6500,19.6400,19.6300,19.7000,19.7100,19.7200,19.7300,19.7400,60,422,50,39,79,5,16,823,64,82
SZ,002384,2017-01-03 09:39:15,19.6600,5,955540.0000,486,S,19.6500,19.6400,19.6300,19.6200,19.6100,19.6600,19.6700,19.7000,19.7100,19.7200,50,39,79,33,50,276,7,5,28,823
SZ,002384,2017-01-03 09:39:18,19.6600,1,9830.0000,5,B,19.6500,19.6400,19.6300,19.6200,19.6100,19.6600,19.6700,19.7000,19.7100,19.7200,50,39,79,33,50,271,7,5,28,823
SZ,002384,2017-01-03 09:39:21,19.6500,2,47178.0000,24,S,19.6500,19.6400,19.6300,19.6200,19.6100,19.6600,19.6700,19.7000,19.7100,19.7200,44,39,79,33,50,253,7,5,28,823
SZ,002384,2017-01-03 09:39:24,19.6500,1,5895.0000,3,S,19.6500,19.6400,19.6300,19.6200,19.6100,19.6600,19.6700,19.7000,19.7100,19.7200,41,39,79,33,50,253,7,5,43,823
SZ,002384,2017-01-03 09:39:27,19.6600,3,304725.0000,155,B,19.6500,19.6400,19.6300,19.6200,19.6100,19.6600,19.6700,19.7000,19.7100,19.7200,36,39,79,33,50,103,7,5,53,823
SZ,002384,2017-01-03 09:39:30,19.6500,1,3930.0000,2,S,19.6500,19.6400,19.6300,19.6200,19.6100,19.6600,19.6700,19.7000,19.7100,19.7200,37,39,79,33,50,103,7,5,53,823
SZ,002384,2017-01-03 09:39:33,19.6500,5,222121.0000,113,S,19.6400,19.6300,19.6200,19.6100,19.6000,19.6600,19.6700,19.7000,19.7100,19.7200,39,79,33,50,7,27,27,5,78,823
SZ,002384,2017-01-03 09:39:36,19.6400,1,17676.0000,9,S,19.6400,19.6300,19.6200,19.6100,19.6000,19.6600,19.6700,19.7000,19.7100,19.7200,30,79,33,50,19,27,27,5,78,823
SZ,002384,2017-01-03 09:39:39,19.6400,2,41244.0000,21,S,19.6400,19.6300,19.6200,19.6100,19.6000,19.6600,19.6700,19.7000,19.7100,19.7200,9,79,33,50,21,27,27,5,88,823
SZ,002384,2017-01-03 09:39:42,19.6300,6,39284.0000,20,S,19.6500,19.6300,19.6200,19.6100,19.6000,19.6600,19.6700,19.7000,19.7100,19.7200,100,73,33,50,21,403,27,5,88,823
SZ,002384,2017-01-03 09:39:48,19.6500,1,39300.0000,20,S,19.6500,19.6300,19.6200,19.6100,19.6000,19.6600,19.6700,19.7000,19.7100,19.7200,80,73,33,50,21,403,20,45,88,823
SZ,002384,2017-01-03 09:39:51,19.6500,1,13755.0000,7,S,19.6500,19.6300,19.6200,19.6100,19.6000,19.6600,19.6700,19.7000,19.7100,19.7200,73,73,43,50,24,403,20,45,88,823
SZ,002384,2017-01-03 09:39:54,19.6500,5,438295.0000,223,S,19.6300,19.6200,19.6100,19.6000,19.5700,19.6500,19.6600,19.6700,19.7000,19.7100,83,43,50,24,6,37,303,20,45,72
SZ,002384,2017-01-03 09:40:00,19.6300,2,13745.0000,7,S,19.6300,19.6200,19.6100,19.6000,19.5700,19.6500,19.6600,19.6700,19.7000,19.7100,78,43,50,24,6,35,303,22,45,76
SZ,002384,2017-01-03 09:40:03,19.6500,5,112005.0000,57,B,19.6500,19.6300,19.6200,19.6100,19.6000,19.6600,19.6700,19.7000,19.7100,19.7200,15,78,43,50,24,303,22,45,85,823
SZ,002384,2017-01-03 09:40:09,19.6500,2,5895.0000,3,S,19.6500,19.6300,19.6200,19.6100,19.6000,19.6600,19.6700,19.7000,19.7100,19.7200,27,78,43,50,22,316,22,50,73,823
SZ,002384,2017-01-03 09:40:12,19.6500,5,58953.0000,30,S,19.6300,19.6200,19.6100,19.6000,19.5700,19.6500,19.6600,19.6700,19.7000,19.7100,78,43,50,22,6,26,313,22,50,73
SZ,002384,2017-01-03 09:40:18,19.6500,1,9825.0000,5,B,19.6300,19.6200,19.6100,19.6000,19.5700,19.6500,19.6600,19.6700,19.7000,19.7100,78,43,50,22,6,44,313,22,50,75
SZ,002384,2017-01-03 09:40:21,19.6300,1,9815.0000,5,S,19.6300,19.6200,19.6100,19.6000,19.5700,19.6500,19.6600,19.6700,19.7000,19.7100,73,43,50,22,6,51,313,22,53,75
SZ,002384,2017-01-03 09:40:24,19.6500,2,9825.0000,5,B,19.6300,19.6200,19.6100,19.6000,19.5700,19.6500,19.6600,19.6700,19.7000,19.7100,76,43,50,22,6,46,313,22,53,75
SZ,002384,2017-01-03 09:40:30,19.6300,1,17667.0000,9,S,19.6300,19.6200,19.6100,19.6000,19.5700,19.6500,19.6600,19.6700,19.7000,19.7100,67,43,50,22,6,46,313,22,53,75
SZ,002384,2017-01-03 09:40:42,19.6400,1,5892.0000,3,S,19.6400,19.6300,19.6200,19.6100,19.6000,19.6500,19.6600,19.6700,19.7000,19.7100,1,69,43,50,22,51,313,22,63,75
SZ,002384,2017-01-03 09:40:45,19.6400,2,19640.0000,10,S,19.6400,19.6300,19.6200,19.6100,19.6000,19.6500,19.6600,19.6700,19.7000,19.7100,21,69,43,50,22,51,313,22,63,75
SZ,002384,2017-01-03 09:40:48,19.6300,4,98171.0000,50,S,19.6400,19.6300,19.6200,19.6100,19.6000,19.6500,19.6600,19.6700,19.7000,19.7100,8,96,43,50,22,51,313,22,63,75
SZ,002384,2017-01-03 09:40:51,19.6400,1,15712.0000,8,S,19.6300,19.6200,19.6100,19.6000,19.5700,19.6400,19.6500,19.6600,19.6700,19.7000,96,43,50,22,6,7,66,313,22,63
SZ,002384,2017-01-03 09:40:54,19.6400,2,98200.0000,50,B,19.6300,19.6200,19.6100,19.6000,19.5700,19.6400,19.6500,19.6600,19.6700,19.7000,96,43,50,22,6,2,66,313,22,63
SZ,002384,2017-01-03 09:41:00,19.6500,2,7858.0000,4,B,19.6400,19.6300,19.6200,19.6100,19.6000,19.6500,19.6600,19.6700,19.7000,19.7100,8,96,43,50,22,64,313,22,63,75
SZ,002384,2017-01-03 09:41:06,19.6400,1,15712.0000,8,S,19.6300,19.6200,19.6100,19.6000,19.5700,19.6400,19.6500,19.6600,19.6700,19.7000,96,43,50,22,6,39,67,313,22,63
SZ,002384,2017-01-03 09:41:09,19.6500,12,212181.0000,108,B,19.6500,19.6300,19.6200,19.6100,19.6000,19.6600,19.6700,19.7000,19.7100,19.7200,40,96,43,50,22,313,22,63,60,43
SZ,002384,2017-01-03 09:41:12,19.6500,1,39300.0000,20,S,19.6500,19.6400,19.6300,19.6200,19.6100,19.6600,19.6700,19.7000,19.7100,19.7200,20,1,96,43,50,313,22,63,60,43
SZ,002384,2017-01-03 09:41:15,19.6500,1,9825.0000,5,S,19.6500,19.6400,19.6300,19.6200,19.6100,19.6600,19.6700,19.7000,19.7100,19.7200,15,1,96,43,50,313,22,63,60,43
SZ,002384,2017-01-03 09:41:18,19.6500,3,31447.0000,16,S,19.6500,19.6400,19.6300,19.6200,19.6100,19.6600,19.6700,19.7000,19.7100,19.7200,6,1,96,43,50,306,22,61,60,43
SZ,002384,2017-01-03 09:41:24,19.6500,1,3930.0000,2,S,19.6500,19.6300,19.6200,19.6100,19.6000,19.6600,19.6700,19.7000,19.7100,19.7200,4,96,43,50,22,310,22,61,60,43
SZ,002384,2017-01-03 09:41:27,19.6300,3,11788.0000,6,S,19.6300,19.6200,19.6100,19.6000,19.5700,19.6500,19.6600,19.6700,19.7000,19.7100,95,43,50,22,6,25,310,22,61,60
SZ,002384,2017-01-03 09:41:30,19.6500,2,19650.0000,10,B,19.6300,19.6200,19.6100,19.6000,19.5700,19.6500,19.6600,19.6700,19.7000,19.7100,95,43,50,22,6,25,297,22,61,60
SZ,002384,2017-01-03 09:41:36,19.6400,2,17678.0000,9,S,19.6400,19.6300,19.6200,19.6100,19.6000,19.6500,19.6600,19.6700,19.7000,19.7100,30,95,43,50,22,26,297,22,61,60
SZ,002384,2017-01-03 09:41:42,19.6400,2,11785.0000,6,S,19.6400,19.6300,19.6200,19.6100,19.6000,19.6500,19.6600,19.6700,19.7000,19.7100,25,95,63,50,22,37,297,22,61,60
SZ,002384,2017-01-03 09:41:48,19.6400,1,3928.0000,2,S,19.6400,19.6300,19.6200,19.6100,19.6000,19.6500,19.6600,19.6700,19.7000,19.7100,23,95,63,50,22,37,678,22,61,60
SZ,002384,2017-01-03 09:42:00,19.6300,5,98181.0000,50,S,19.6300,19.6200,19.6100,19.6000,19.5700,19.6500,19.6600,19.6700,19.7000,19.7100,76,43,50,22,6,37,678,22,61,60
SZ,002384,2017-01-03 09:42:15,19.6300,1,5889.0000,3,S,19.6300,19.6200,19.6100,19.6000,19.5700,19.6500,19.6600,19.6700,19.7000,19.7100,73,38,53,22,6,37,678,22,69,60
SZ,002384,2017-01-03 09:42:18,19.6300,5,43192.0000,22,S,19.6300,19.6200,19.6100,19.6000,19.5700,19.6500,19.6600,19.6700,19.7000,19.7100,57,38,53,22,6,46,678,22,69,60
SZ,002384,2017-01-03 09:42:21,19.6300,2,11778.0000,6,S,19.6300,19.6200,19.6100,19.6000,19.5700,19.6500,19.6600,19.6700,19.7000,19.7100,61,38,53,22,6,51,678,22,69,60
SZ,002384,2017-01-03 09:42:27,19.6300,3,62816.0000,32,S,19.6300,19.6200,19.6100,19.6000,19.5700,19.6500,19.6600,19.6700,19.7000,19.7100,29,38,53,22,6,51,678,22,69,60
SZ,002384,2017-01-03 09:42:30,19.6300,2,39260.0000,20,S,19.6300,19.6200,19.6100,19.6000,19.5700,19.6500,19.6600,19.6700,19.7000,19.7100,9,38,53,22,6,42,678,22,69,60
SZ,002384,2017-01-03 09:42:39,19.6200,3,74585.0000,38,S,19.6200,19.6100,19.6000,19.5700,19.5500,19.6500,19.6600,19.6700,19.7000,19.7100,29,53,22,6,46,72,678,22,72,60
SZ,002384,2017-01-03 09:42:45,19.6200,2,23564.0000,12,S,19.6200,19.6100,19.6000,19.5700,19.5500,19.6300,19.6400,19.6500,19.6600,19.6700,27,53,23,6,46,5,31,72,678,22
SZ,002384,2017-01-03 09:42:51,19.6300,2,78520.0000,40,B,19.6300,19.6200,19.6100,19.6000,19.5700,19.6400,19.6500,19.6600,19.6700,19.7000,260,27,53,23,6,43,75,678,20,108
SZ,002384,2017-01-03 09:42:54,19.6300,1,3926.0000,2,S,19.6300,19.6200,19.6100,19.6000,19.5700,19.6400,19.6500,19.6600,19.6700,19.7000,258,27,53,23,6,22,75,678,20,108
SZ,002384,2017-01-03 09:42:57,19.6300,1,1963.0000,1,S,19.6300,19.6200,19.6100,19.6000,19.5700,19.6400,19.6500,19.6600,19.6700,19.7000,257,27,53,23,6,22,78,678,20,108
SZ,002384,2017-01-03 09:43:03,19.6300,1,27482.0000,14,S,19.6300,19.6200,19.6100,19.6000,19.5700,19.6400,19.6500,19.6600,19.6700,19.7000,268,27,55,23,6,22,93,678,20,108
SZ,002384,2017-01-03 09:43:06,19.6300,5,551603.0000,281,S,19.6200,19.6100,19.6000,19.5700,19.5500,19.6300,19.6400,19.6500,19.6600,19.6700,27,55,23,6,46,112,22,119,678,20
SZ,002384,2017-01-03 09:43:09,19.6300,1,1963.0000,1,B,19.6200,19.6100,19.6000,19.5700,19.5500,19.6300,19.6400,19.6500,19.6600,19.6700,27,55,23,6,46,162,22,119,678,20
SZ,002384,2017-01-03 09:43:12,19.6200,2,15696.0000,8,S,19.6200,19.6100,19.6000,19.5700,19.5500,19.6300,19.6400,19.6500,19.6600,19.6700,19,55,23,6,46,162,22,119,678,20
SZ,002384,2017-01-03 09:43:15,19.6200,3,37278.0000,19,S,19.6100,19.6000,19.5700,19.5500,19.5400,19.6200,19.6300,19.6400,19.6500,19.6600,55,23,6,44,1,49,162,22,119,678
SZ,002384,2017-01-03 09:43:21,19.6100,6,107855.0000,55,S,19.6000,19.5700,19.5500,19.5400,19.5300,19.6100,19.6200,19.6300,19.6400,19.6500,23,6,44,1,1,5,49,162,22,119
SZ,002384,2017-01-03 09:43:30,19.6000,5,45080.0000,23,S,19.5700,19.5500,19.5400,19.5300,19.5200,19.6000,19.6100,19.6200,19.6300,19.6400,6,44,1,1,16,59,26,77,162,35
SZ,002384,2017-01-03 09:43:36,19.6000,2,33320.0000,17,B,19.5700,19.5500,19.5400,19.5300,19.5200,19.6000,19.6100,19.6200,19.6300,19.6400,6,44,1,1,16,42,5,77,162,35
SZ,002384,2017-01-03 09:43:42,19.5700,1,1957.0000,1,S,19.5700,19.5500,19.5400,19.5300,19.5200,19.5900,19.6000,19.6100,19.6200,19.6300,5,44,1,1,16,21,42,5,77,162
SZ,002384,2017-01-03 09:43:45,19.5700,2,9785.0000,5,S,19.5600,19.5500,19.5400,19.5300,19.5200,19.5700,19.5900,19.6000,19.6100,19.6200,24,44,1,1,16,17,21,42,5,28
SZ,002384,2017-01-03 09:43:54,19.5600,2,46944.0000,24,S,19.5500,19.5400,19.5300,19.5200,19.5100,19.5600,19.5700,19.5800,19.5900,19.6000,44,1,1,16,35,27,40,2,21,42
SZ,002384,2017-01-03 09:43:57,19.5600,1,19560.0000,10,B,19.5500,19.5400,19.5300,19.5200,19.5100,19.5600,19.5700,19.5800,19.5900,19.6000,44,1,1,16,35,17,40,2,21,15
SZ,002384,2017-01-03 09:44:00,19.5500,4,86020.0000,44,S,19.5400,19.5300,19.5200,19.5100,19.5000,19.5500,19.5600,19.5700,19.5800,19.6000,1,1,16,35,64,62,34,40,2,15
SZ,002384,2017-01-03 09:44:03,19.5300,2,3907.0000,2,S,19.5200,19.5100,19.5000,19.4900,19.4500,19.5300,19.5400,19.5500,19.5600,19.5700,16,35,64,19,23,3,15,102,36,40
SZ,002384,2017-01-03 09:44:09,19.5200,4,62533.0000,32,S,19.5200,19.5100,19.5000,19.4900,19.4500,19.5500,19.5600,19.5700,19.6000,19.6100,14,35,64,19,23,90,25,27,15,29
SZ,002384,2017-01-03 09:44:12,19.5200,6,27333.0000,14,S,19.5200,19.5100,19.5000,19.4900,19.4500,19.5500,19.5600,19.5700,19.6000,19.6100,5,35,64,19,23,90,23,27,15,29
SZ,002384,2017-01-03 09:44:15,19.5200,4,19525.0000,10,S,19.5100,19.5000,19.4900,19.4500,19.4400,19.5500,19.5600,19.5700,19.6000,19.6100,35,64,19,23,10,90,23,27,15,29
SZ,002384,2017-01-03 09:44:18,19.5200,2,19520.0000,10,S,19.5200,19.5100,19.5000,19.4900,19.4500,19.5500,19.5600,19.5700,19.6000,19.6100,65,45,64,19,23,90,23,27,15,29
SZ,002384,2017-01-03 09:44:21,19.5300,2,15624.0000,8,B,19.5300,19.5200,19.5100,19.5000,19.4900,19.5500,19.5600,19.5700,19.6000,19.6100,92,65,45,64,19,90,23,27,15,29
SZ,002384,2017-01-03 09:44:24,19.5300,1,9765.0000,5,S,19.5300,19.5200,19.5100,19.5000,19.4900,19.5500,19.5600,19.5700,19.6000,19.6100,95,65,45,64,19,90,23,25,15,29
SZ,002384,2017-01-03 09:44:27,19.5300,1,9765.0000,5,S,19.5300,19.5200,19.5100,19.5000,19.4900,19.5500,19.5600,19.5700,19.6000,19.6100,90,65,35,65,19,90,23,25,404,29
SZ,002384,2017-01-03 09:44:30,19.5300,2,5861.0000,3,S,19.5300,19.5200,19.5100,19.5000,19.4900,19.5500,19.5600,19.5700,19.6000,19.6100,88,65,39,65,19,89,23,25,404,29
SZ,002384,2017-01-03 09:44:33,19.5500,2,17593.0000,9,B,19.5300,19.5200,19.5100,19.5000,19.4900,19.5500,19.5600,19.5700,19.6000,19.6100,87,65,39,85,19,81,23,25,404,29
SZ,002384,2017-01-03 09:44:36,19.5300,1,3906.0000,2,S,19.5400,19.5300,19.5200,19.5100,19.5000,19.5500,19.5600,19.5700,19.6000,19.6100,12,105,65,39,85,101,23,25,404,20
SZ,002384,2017-01-03 09:44:45,19.5300,5,46894.0000,24,S,19.5300,19.5200,19.5100,19.5000,19.4900,19.5400,19.5500,19.5600,19.5700,19.6000,104,65,39,85,29,11,106,23,25,404
SZ,002384,2017-01-03 09:44:51,19.5300,2,48827.0000,25,S,19.5300,19.5200,19.5100,19.5000,19.4900,19.5400,19.5500,19.5600,19.5700,19.6000,101,70,39,85,29,14,106,23,25,404
SZ,002384,2017-01-03 09:44:54,19.5400,3,27356.0000,14,B,19.5400,19.5300,19.5200,19.5100,19.5000,19.5500,19.5600,19.5700,19.6000,19.6100,1,109,70,42,85,106,23,25,404,20
SZ,002384,2017-01-03 09:44:57,19.5300,9,234371.0000,120,S,19.5200,19.5100,19.5000,19.4900,19.4700,19.5300,19.5500,19.5600,19.5700,19.6000,70,42,85,29,2,269,106,23,25,404
SZ,002384,2017-01-03 09:45:00,19.5300,1,3906.0000,2,B,19.5200,19.5100,19.5000,19.4900,19.4700,19.5300,19.5500,19.5600,19.5700,19.6000,25,42,85,29,2,284,106,23,25,404
SZ,002384,2017-01-03 09:45:03,19.5300,2,56637.0000,29,B,19.5200,19.5100,19.5000,19.4900,19.4700,19.5300,19.5500,19.5600,19.5700,19.6000,40,42,85,29,2,255,65,23,25,404
SZ,002384,2017-01-03 09:45:06,19.5200,3,78080.0000,40,S,19.5100,19.5000,19.4900,19.4700,19.4500,19.5200,19.5300,19.5500,19.5600,19.5700,42,85,29,2,27,9,255,65,23,25
SZ,002384,2017-01-03 09:45:09,19.5200,1,3904.0000,2,B,19.5100,19.5000,19.4900,19.4700,19.4500,19.5200,19.5300,19.5500,19.5600,19.5700,52,65,29,2,27,7,449,65,23,25
SZ,002384,2017-01-03 09:45:12,19.5200,1,9760.0000,5,B,19.5100,19.5000,19.4900,19.4700,19.4500,19.5200,19.5300,19.5500,19.5600,19.5700,52,68,29,2,27,25,449,65,23,25
SZ,002384,2017-01-03 09:45:15,19.5200,2,29280.0000,15,B,19.5100,19.5000,19.4900,19.4700,19.4500,19.5200,19.5300,19.5500,19.5600,19.5700,52,68,29,2,27,10,447,65,23,25
SZ,002384,2017-01-03 09:45:18,19.5200,1,19520.0000,10,B,19.5200,19.5100,19.5000,19.4900,19.4700,19.5300,19.5500,19.5600,19.5700,19.6000,10,52,68,29,4,453,65,23,25,404
SZ,002384,2017-01-03 09:45:21,19.5100,3,31226.0000,16,S,19.5100,19.5000,19.4900,19.4700,19.4500,19.5200,19.5300,19.5500,19.5600,19.5700,56,68,29,4,27,9,453,65,23,25
SZ,002384,2017-01-03 09:45:27,19.5100,9,66337.0000,34,S,19.5100,19.5000,19.4900,19.4700,19.4500,19.5200,19.5300,19.5400,19.5500,19.5600,26,88,29,4,27,10,438,200,65,23
SZ,002384,2017-01-03 09:45:30,19.5100,6,54628.0000,28,S,19.5000,19.4900,19.4700,19.4500,19.4400,19.5100,19.5200,19.5300,19.5400,19.5500,88,29,4,27,10,1,10,438,200,25
SZ,002384,2017-01-03 09:45:33,19.5100,1,1951.0000,1,B,19.5000,19.4900,19.4700,19.4500,19.4400,19.5100,19.5200,19.5300,19.5400,19.5500,88,29,4,27,10,3,10,438,200,25
SZ,002384,2017-01-03 09:45:36,19.5000,1,25350.0000,13,S,19.5000,19.4900,19.4700,19.4500,19.4400,19.5100,19.5200,19.5300,19.5400,19.5500,75,29,4,27,10,45,10,438,200,28
SZ,002384,2017-01-03 09:45:39,19.5000,2,44850.0000,23,S,19.5000,19.4900,19.4700,19.4500,19.4400,19.5100,19.5200,19.5300,19.5400,19.5500,52,29,104,27,10,45,10,438,200,28
SZ,002384,2017-01-03 09:45:42,19.5100,1,1951.0000,1,B,19.5000,19.4900,19.4700,19.4500,19.4400,19.5100,19.5200,19.5300,19.5500,19.5600,62,29,104,27,10,33,8,438,28,23
SZ,002384,2017-01-03 09:45:45,19.5000,7,58500.0000,30,S,19.5000,19.4900,19.4700,19.4500,19.4400,19.5100,19.5200,19.5300,19.5500,19.5600,32,29,104,27,10,32,19,438,28,23
SZ,002384,2017-01-03 09:45:48,19.4900,10,245681.0000,126,S,19.4700,19.4500,19.4400,19.4300,19.4200,19.4800,19.5000,19.5100,19.5200,19.5300,104,27,10,9,5,171,231,22,19,438
SZ,002384,2017-01-03 09:45:51,19.4800,2,107140.0000,55,B,19.4700,19.4500,19.4400,19.4300,19.4200,19.4800,19.4900,19.5000,19.5100,19.5200,114,27,10,9,5,116,41,233,46,19
SZ,002384,2017-01-03 09:45:54,19.4800,1,19480.0000,10,B,19.4700,19.4500,19.4400,19.4300,19.4200,19.4800,19.4900,19.5000,19.5100,19.5200,114,27,10,9,5,106,41,233,37,19
SZ,002384,2017-01-03 09:45:57,19.4700,5,19470.0000,10,S,19.4700,19.4500,19.4400,19.4300,19.4200,19.4800,19.4900,19.5000,19.5100,19.5200,104,27,10,9,5,106,41,233,37,19
SZ,002384,2017-01-03 09:46:00,19.4700,2,93456.0000,48,S,19.4800,19.4700,19.4500,19.4400,19.4300,19.4900,19.5000,19.5100,19.5200,19.5300,20,56,27,10,9,41,233,37,19,447
SZ,002384,2017-01-03 09:46:03,19.4800,1,19480.0000,10,S,19.4800,19.4700,19.4500,19.4400,19.4300,19.4900,19.5000,19.5100,19.5200,19.5300,10,56,23,10,9,41,243,15,19,447
SZ,002384,2017-01-03 09:46:06,19.4900,1,40929.0000,21,B,19.4800,19.4700,19.4500,19.4400,19.4300,19.4900,19.5000,19.5100,19.5200,19.5300,20,56,23,10,9,20,243,15,19,447
SZ,002384,2017-01-03 09:46:09,19.4800,3,29220.0000,15,S,19.4800,19.4700,19.4500,19.4400,19.4300,19.4900,19.5000,19.5100,19.5200,19.5300,17,76,23,10,9,20,243,15,19,447
SZ,002384,2017-01-03 09:46:12,19.4800,5,68185.0000,35,S,19.4700,19.4500,19.4400,19.4300,19.4200,19.4800,19.4900,19.5000,19.5100,19.5200,76,23,10,9,5,27,18,243,15,19
SZ,002384,2017-01-03 09:46:15,19.4700,20,785592.0000,403,S,19.4500,19.4400,19.4300,19.4200,19.4100,19.4600,19.5300,19.5500,19.5600,19.5700,23,10,9,5,40,123,447,28,23,8
SZ,002384,2017-01-03 09:46:18,19.4600,7,198492.0000,102,B,19.4500,19.4400,19.4300,19.4200,19.4100,19.4600,19.4700,19.5300,19.5500,19.5600,23,10,9,5,40,21,20,447,28,23
SZ,002384,2017-01-03 09:46:21,19.4600,2,79768.0000,41,B,19.4600,19.4500,19.4400,19.4300,19.4200,19.4700,19.5300,19.5500,19.5600,19.5700,49,3,10,9,5,20,447,28,23,8
SZ,002384,2017-01-03 09:46:24,19.4700,1,38940.0000,20,B,19.4700,19.4600,19.4500,19.4400,19.4300,19.5300,19.5500,19.5600,19.5700,19.6000,80,76,3,10,9,447,28,23,8,389
SZ,002384,2017-01-03 09:46:30,19.4700,2,42832.0000,22,S,19.4800,19.4700,19.4600,19.4500,19.4400,19.5300,19.5500,19.5600,19.5700,19.6000,100,158,79,13,10,447,28,23,8,389
SZ,002384,2017-01-03 09:46:36,19.4800,1,19480.0000,10,S,19.4800,19.4700,19.4600,19.4500,19.4400,19.5300,19.5500,19.5600,19.5700,19.6000,92,82,54,13,10,447,28,23,8,389
SZ,002384,2017-01-03 09:46:39,19.4800,1,17532.0000,9,S,19.4900,19.4800,19.4700,19.4600,19.4500,19.5200,19.5300,19.5500,19.5600,19.5700,31,83,87,54,13,15,447,38,23,8
SZ,002384,2017-01-03 09:46:42,19.4900,2,19496.0000,10,S,19.4900,19.4800,19.4700,19.4600,19.4500,19.5000,19.5200,19.5300,19.5500,19.5600,58,93,107,5,13,30,13,447,38,23
SZ,002384,2017-01-03 09:46:45,19.5000,1,5852.0000,3,B,19.4900,19.4800,19.4700,19.4600,19.4500,19.5000,19.5200,19.5300,19.5500,19.5600,67,94,107,5,13,27,41,447,38,23
SZ,002384,2017-01-03 09:46:48,19.5000,1,3900.0000,2,B,19.4900,19.4800,19.4700,19.4600,19.4500,19.5000,19.5200,19.5300,19.5500,19.5600,67,114,107,5,13,25,41,447,38,23
SZ,002384,2017-01-03 09:46:54,19.5200,8,189298.0000,97,B,19.5200,19.4900,19.4800,19.4700,19.4600,19.5300,19.5500,19.5600,19.5700,19.5800,546,78,33,107,5,447,43,23,8,5
SZ,002384,2017-01-03 09:46:57,19.5200,1,9760.0000,5,S,19.5200,19.5000,19.4900,19.4800,19.4700,19.5300,19.5500,19.5600,19.5700,19.5800,541,59,78,33,107,447,43,23,8,5
SZ,002384,2017-01-03 09:47:00,19.5300,8,814402.0000,417,B,19.5200,19.5000,19.4900,19.4800,19.4700,19.5300,19.5500,19.5600,19.5700,19.5800,541,59,63,34,107,30,43,23,8,5
SZ,002384,2017-01-03 09:47:03,19.5300,3,58588.0000,30,B,19.5300,19.5200,19.5000,19.4900,19.4800,19.5500,19.5600,19.5700,19.5800,19.6000,298,541,59,63,34,43,23,8,5,389
SZ,002384,2017-01-03 09:47:06,19.5500,3,54740.0000,28,B,19.5300,19.5200,19.5100,19.5000,19.4900,19.5500,19.5600,19.5700,19.5800,19.6000,337,541,9,63,63,15,23,8,5,389
SZ,002384,2017-01-03 09:47:12,19.5300,5,382906.0000,196,S,19.5400,19.5300,19.5200,19.5100,19.5000,19.5500,19.5600,19.5700,19.5800,19.6000,3,111,541,9,63,15,23,8,5,389
SZ,002384,2017-01-03 09:47:15,19.5300,2,21486.0000,11,S,19.5300,19.5200,19.5100,19.5000,19.4900,19.5500,19.5600,19.5700,19.5800,19.6000,103,541,9,60,63,15,23,8,5,389
SZ,002384,2017-01-03 09:47:18,19.5500,3,29324.0000,15,B,19.5500,19.5300,19.5200,19.5100,19.5000,19.5600,19.5700,19.5800,19.6000,19.6100,42,103,581,9,60,23,8,5,389,30
SZ,002384,2017-01-03 09:47:21,19.5500,1,19552.0000,10,S,19.5500,19.5400,19.5300,19.5200,19.5100,19.5600,19.5700,19.5800,19.6000,19.6100,98,26,96,541,9,23,8,5,389,30
SZ,002384,2017-01-03 09:47:27,19.5300,10,394724.0000,202,S,19.5500,19.5300,19.5200,19.5000,19.4900,19.5600,19.5700,19.5800,19.6000,19.6100,2,17,541,73,63,23,8,5,391,30
SZ,002384,2017-01-03 09:47:30,19.5600,2,23472.0000,12,B,19.5500,19.5300,19.5200,19.5000,19.4900,19.5600,19.5700,19.5800,19.6000,19.6100,22,17,3,73,63,11,8,5,391,30
SZ,002384,2017-01-03 09:47:33,19.5600,3,43012.0000,22,B,19.5500,19.5300,19.5200,19.5000,19.4900,19.5600,19.5700,19.5800,19.6000,19.6100,1,17,3,73,54,10,8,5,391,30
SZ,002384,2017-01-03 09:47:36,19.5600,3,19560.0000,10,B,19.5600,19.5500,19.5300,19.5200,19.5000,19.5700,19.5800,19.5900,19.6000,19.6100,14,1,17,3,73,8,5,42,391,30
SZ,002384,2017-01-03 09:47:39,19.5700,2,15656.0000,8,B,19.5700,19.5600,19.5500,19.5300,19.5200,19.5800,19.5900,19.6000,19.6100,19.6300,532,14,10,37,3,5,42,391,30,46
SZ,002384,2017-01-03 09:47:45,19.6000,4,97960.0000,50,B,19.5700,19.5600,19.5500,19.5300,19.5200,19.6000,19.6100,19.6300,19.6500,19.6600,602,18,10,37,3,361,30,46,95,5
SZ,002384,2017-01-03 09:47:54,19.5700,6,279866.0000,143,S,19.5700,19.5600,19.5500,19.5300,19.5200,19.5800,19.6000,19.6100,19.6300,19.6500,474,14,10,37,3,5,359,32,46,95
SZ,002384,2017-01-03 09:48:03,19.5700,1,15656.0000,8,S,19.5700,19.5600,19.5500,19.5300,19.5200,19.5800,19.5900,19.6000,19.6100,19.6300,418,14,13,44,3,5,30,359,32,46
SZ,002384,2017-01-03 09:48:06,19.5700,1,39140.0000,20,S,19.5700,19.5600,19.5500,19.5300,19.5200,19.5800,19.5900,19.6000,19.6100,19.6300,398,14,13,44,3,5,30,359,32,46
SZ,002384,2017-01-03 09:48:09,19.5800,2,15664.0000,8,B,19.5800,19.5700,19.5600,19.5500,19.5300,19.5900,19.6000,19.6100,19.6300,19.6500,2,417,14,13,44,30,359,32,46,67
SZ,002384,2017-01-03 09:48:18,19.5700,4,230928.0000,118,S,19.5700,19.5600,19.5500,19.5300,19.5200,19.5800,19.5900,19.6000,19.6100,19.6300,301,14,16,44,3,2,30,387,32,46
SZ,002384,2017-01-03 09:48:21,19.5900,4,64646.0000,33,B,19.5900,19.5800,19.5700,19.5600,19.5500,19.6000,19.6100,19.6300,19.6500,19.6600,17,30,301,14,16,387,32,46,67,7
SZ,002384,2017-01-03 09:48:24,19.5800,4,60714.0000,31,S,19.5800,19.5700,19.5600,19.5500,19.5300,19.5900,19.6000,19.6100,19.6300,19.6500,16,321,14,67,44,75,397,32,46,67
SZ,002384,2017-01-03 09:48:30,19.5900,2,58760.0000,30,B,19.5800,19.5700,19.5600,19.5500,19.5300,19.5900,19.6000,19.6100,19.6300,19.6500,6,321,14,58,44,55,397,32,46,67
SZ,002384,2017-01-03 09:48:39,19.5900,4,35252.0000,18,B,19.5800,19.5700,19.5600,19.5500,19.5300,19.5900,19.6000,19.6100,19.6300,19.6500,19,321,14,58,44,61,397,32,46,67
SZ,002384,2017-01-03 09:48:42,19.5800,1,9790.0000,5,S,19.5800,19.5700,19.5600,19.5500,19.5300,19.5900,19.6000,19.6100,19.6300,19.6500,14,321,14,58,44,64,397,32,46,67
SZ,002384,2017-01-03 09:48:45,19.5900,1,3918.0000,2,B,19.5800,19.5700,19.5600,19.5500,19.5300,19.5900,19.6000,19.6100,19.6300,19.6500,14,321,14,58,44,62,397,32,46,67
SZ,002384,2017-01-03 09:48:48,19.5800,4,33286.0000,17,S,19.5700,19.5600,19.5500,19.5300,19.5200,19.5800,19.5900,19.6000,19.6100,19.6300,321,14,58,44,6,1,62,397,32,46
SZ,002384,2017-01-03 09:48:57,19.5700,1,45012.0000,23,S,19.5700,19.5600,19.5500,19.5300,19.5200,19.5800,19.5900,19.6000,19.6100,19.6300,298,14,58,44,6,63,72,427,32,46
SZ,002384,2017-01-03 09:49:00,19.5800,1,1956.0000,1,B,19.5700,19.5600,19.5500,19.5300,19.5200,19.5800,19.5900,19.6000,19.6100,19.6300,298,14,58,44,6,62,72,431,32,46
SZ,002384,2017-01-03 09:49:03,19.5800,5,504910.0000,258,B,19.5700,19.5600,19.5500,19.5300,19.5200,19.5800,19.5900,19.6000,19.6100,19.6300,43,14,58,44,6,59,72,431,32,46
SZ,002384,2017-01-03 09:49:06,19.5700,5,84150.0000,43,S,19.5600,19.5500,19.5300,19.5200,19.5000,19.5700,19.5800,19.5900,19.6000,19.6100,14,58,44,6,105,100,59,72,431,32
SZ,002384,2017-01-03 09:49:09,19.5600,1,3912.0000,2,S,19.5600,19.5500,19.5300,19.5200,19.5000,19.5700,19.5800,19.5900,19.6000,19.6100,12,58,44,6,105,145,69,72,431,30
SZ,002384,2017-01-03 09:49:12,19.5600,1,5868.0000,3,S,19.5600,19.5500,19.5300,19.5200,19.5000,19.5700,19.5800,19.5900,19.6000,19.6100,9,58,44,6,105,145,69,72,431,30
SZ,002384,2017-01-03 09:49:21,19.5600,1,3912.0000,2,S,19.5600,19.5500,19.5300,19.5200,19.5000,19.5700,19.5800,19.5900,19.6000,19.6100,7,7,44,6,115,150,69,58,431,30
SZ,002384,2017-01-03 09:49:24,19.5600,4,13692.0000,7,S,19.5500,19.5300,19.5200,19.5000,19.4900,19.5700,19.5800,19.5900,19.6000,19.6100,7,44,6,115,54,150,69,58,431,30
SZ,002384,2017-01-03 09:49:30,19.5500,2,5848.0000,3,S,19.5500,19.5300,19.5200,19.5000,19.4900,19.5600,19.5700,19.5800,19.5900,19.6000,4,44,6,115,54,63,150,69,55,431
SZ,002384,2017-01-03 09:49:36,19.5500,3,9792.0000,5,S,19.5300,19.5200,19.5000,19.4900,19.4800,19.5500,19.5600,19.5700,19.5800,19.5900,44,6,115,54,37,11,63,150,69,55
SZ,002384,2017-01-03 09:49:42,19.5600,6,99720.0000,51,B,19.5400,19.5300,19.5200,19.5000,19.4900,19.5500,19.5600,19.5700,19.5800,19.5900,71,44,21,117,54,2,47,150,69,55
SZ,002384,2017-01-03 09:49:45,19.5400,1,56668.0000,29,S,19.5400,19.5300,19.5200,19.5000,19.4900,19.5500,19.5600,19.5700,19.5800,19.5900,42,44,21,117,54,2,47,150,65,55
SZ,002384,2017-01-03 09:49:51,19.5400,1,1952.0000,1,S,19.5400,19.5300,19.5200,19.5000,19.4900,19.5500,19.5600,19.5700,19.5800,19.5900,41,44,18,117,54,18,59,150,65,55
SZ,002384,2017-01-03 09:49:54,19.5400,2,50804.0000,26,S,19.5400,19.5300,19.5200,19.5000,19.4900,19.5500,19.5600,19.5700,19.5800,19.5900,15,44,18,117,54,18,59,150,65,55
SZ,002384,2017-01-03 09:49:57,19.5400,1,7816.0000,4,S,19.5400,19.5300,19.5200,19.5000,19.4900,19.5500,19.5600,19.5700,19.5800,19.5900,11,44,18,117,54,18,59,150,65,55
SZ,002384,2017-01-03 09:50:03,19.5500,2,19552.0000,10,B,19.5400,19.5300,19.5200,19.5000,19.4900,19.5500,19.5600,19.5700,19.5800,19.5900,11,44,18,117,54,8,59,143,65,55
SZ,002384,2017-01-03 09:50:06,19.5500,4,31268.0000,16,B,19.5400,19.5300,19.5200,19.5000,19.4900,19.5500,19.5600,19.5700,19.5800,19.5900,1,44,18,117,54,2,59,143,65,55
SZ,002384,2017-01-03 09:50:09,19.5500,1,3912.0000,2,B,19.5400,19.5300,19.5200,19.5000,19.4900,19.5600,19.5700,19.5800,19.5900,19.6000,1,44,18,117,54,59,143,65,55,432
SZ,002384,2017-01-03 09:50:18,19.5600,1,5868.0000,3,B,19.5500,19.5400,19.5300,19.5200,19.5000,19.5600,19.5700,19.5800,19.5900,19.6000,2,2,37,28,127,56,143,65,55,73
SZ,002384,2017-01-03 09:50:21,19.5600,1,3912.0000,2,B,19.5500,19.5400,19.5300,19.5200,19.5000,19.5600,19.5700,19.5800,19.5900,19.6000,2,2,37,28,127,54,46,65,55,73
SZ,002384,2017-01-03 09:50:27,19.5500,1,3908.0000,2,S,19.5400,19.5300,19.5200,19.5000,19.4900,19.5600,19.5700,19.5800,19.5900,19.6000,2,41,28,127,54,54,46,65,55,73
SZ,002384,2017-01-03 09:50:30,19.5400,2,3908.0000,2,S,19.5300,19.5200,19.5000,19.4900,19.4800,19.5500,19.5600,19.5700,19.5800,19.5900,41,28,127,54,37,359,54,46,65,55
SZ,002384,2017-01-03 09:50:39,19.5300,3,42968.0000,22,S,19.5300,19.5200,19.5000,19.4900,19.4800,19.5400,19.5500,19.5600,19.5700,19.5800,19,28,127,54,37,2,359,64,46,65
SZ,002384,2017-01-03 09:50:51,19.5300,1,11716.0000,6,S,19.5300,19.5200,19.5000,19.4900,19.4800,19.5400,19.5500,19.5600,19.5700,19.5800,18,28,127,54,37,2,359,64,46,55
SZ,002384,2017-01-03 09:51:00,19.5300,4,52732.0000,27,S,19.5300,19.5200,19.5000,19.4900,19.4800,19.5400,19.5500,19.5600,19.5700,19.5800,41,28,147,54,37,22,359,64,3,55
SZ,002384,2017-01-03 09:51:03,19.5300,1,3906.0000,2,S,19.5300,19.5200,19.5000,19.4900,19.4800,19.5400,19.5500,19.5600,19.5700,19.5800,39,28,147,54,37,22,359,64,3,55
SZ,002384,2017-01-03 09:51:12,19.5300,2,25390.0000,13,S,19.5300,19.5200,19.5100,19.5000,19.4900,19.5400,19.5500,19.5600,19.5700,19.5800,26,28,10,147,54,68,359,61,3,55
SZ,002384,2017-01-03 09:51:15,19.5300,1,29294.0000,15,S,19.5300,19.5200,19.5100,19.5000,19.4900,19.5400,19.5500,19.5600,19.5700,19.5800,11,28,10,147,54,82,359,61,3,55
SZ,002384,2017-01-03 09:51:18,19.5300,1,13670.0000,7,S,19.5300,19.5200,19.5100,19.5000,19.4900,19.5400,19.5500,19.5600,19.5700,19.5800,4,28,10,147,54,82,359,61,3,55
SZ,002384,2017-01-03 09:51:21,19.5300,2,19414.0000,10,S,19.5200,19.5100,19.5000,19.4900,19.4800,19.5300,19.5400,19.5500,19.5600,19.5700,28,10,147,54,37,1,88,360,61,3
SZ,002384,2017-01-03 09:51:30,19.5100,7,97638.0000,50,S,19.5100,19.5000,19.4900,19.4800,19.4700,19.5200,19.5300,19.5400,19.5500,19.5600,18,147,54,37,102,20,6,69,360,61
SZ,002384,2017-01-03 09:51:39,19.5100,2,23412.0000,12,S,19.5100,19.5000,19.4900,19.4800,19.4700,19.5200,19.5300,19.5400,19.5500,19.5600,6,160,54,37,102,71,6,69,360,61
SZ,002384,2017-01-03 09:51:48,19.5200,1,1952.0000,1,B,19.5100,19.5000,19.4900,19.4800,19.4700,19.5200,19.5300,19.5400,19.5500,19.5600,6,165,54,37,102,70,8,69,360,61
SZ,002384,2017-01-03 09:51:51,19.5100,1,1950.0000,1,S,19.5100,19.5000,19.4900,19.4800,19.4700,19.5200,19.5300,19.5400,19.5500,19.5600,5,165,54,37,102,70,8,69,360,61
SZ,002384,2017-01-03 09:51:54,19.5200,1,3904.0000,2,B,19.5100,19.5000,19.4900,19.4800,19.4700,19.5200,19.5300,19.5400,19.5500,19.5600,5,165,54,37,102,68,8,69,360,61
SZ,002384,2017-01-03 09:51:57,19.5100,1,3902.0000,2,S,19.5100,19.5000,19.4900,19.4800,19.4700,19.5200,19.5300,19.5400,19.5500,19.5600,3,156,54,37,102,68,8,69,360,61
SZ,002384,2017-01-03 09:52:00,19.5200,4,62464.0000,32,B,19.5100,19.5000,19.4900,19.4800,19.4700,19.5200,19.5300,19.5400,19.5500,19.5600,25,156,54,37,102,36,8,69,360,61
SZ,002384,2017-01-03 09:52:03,19.5200,3,13660.0000,7,B,19.5100,19.5000,19.4900,19.4800,19.4700,19.5200,19.5300,19.5400,19.5500,19.5600,20,156,54,37,102,34,8,69,360,61
SZ,002384,2017-01-03 09:52:09,19.5100,4,76098.0000,39,S,19.5000,19.4900,19.4800,19.4700,19.4600,19.5100,19.5200,19.5300,19.5400,19.5500,166,54,37,102,4,13,25,8,69,360
SZ,002384,2017-01-03 09:52:12,19.5100,1,9754.0000,5,B,19.5000,19.4900,19.4800,19.4700,19.4600,19.5100,19.5200,19.5300,19.5400,19.5500,156,54,37,102,4,20,25,8,72,360
SZ,002384,2017-01-03 09:52:15,19.5100,1,5854.0000,3,B,19.5000,19.4900,19.4800,19.4700,19.4600,19.5100,19.5200,19.5300,19.5400,19.5500,156,54,37,102,4,61,28,8,72,360
SZ,002384,2017-01-03 09:52:18,19.5000,1,1950.0000,1,S,19.5000,19.4900,19.4800,19.4700,19.4600,19.5100,19.5200,19.5300,19.5400,19.5500,155,54,37,102,4,61,28,8,72,360
SZ,002384,2017-01-03 09:52:21,19.5000,1,29250.0000,15,S,19.5000,19.4900,19.4800,19.4700,19.4600,19.5100,19.5200,19.5300,19.5400,19.5500,240,54,37,102,4,61,28,8,72,360
SZ,002384,2017-01-03 09:52:24,19.5000,1,19500.0000,10,S,19.5000,19.4900,19.4800,19.4700,19.4600,19.5100,19.5200,19.5300,19.5400,19.5500,230,54,37,102,4,61,28,8,72,360
SZ,002384,2017-01-03 09:52:27,19.5100,2,9754.0000,5,B,19.5000,19.4900,19.4800,19.4700,19.4600,19.5100,19.5200,19.5300,19.5400,19.5500,230,54,37,102,4,56,28,14,58,360
SZ,002384,2017-01-03 09:52:33,19.5000,1,5852.0000,3,S,19.5000,19.4900,19.4800,19.4700,19.4600,19.5100,19.5200,19.5300,19.5400,19.5500,237,54,37,102,20,56,28,14,58,360
SZ,002384,2017-01-03 09:52:42,19.5000,1,1948.0000,1,S,19.5000,19.4900,19.4800,19.4700,19.4600,19.5100,19.5200,19.5300,19.5400,19.5500,249,54,37,102,20,56,28,14,58,360
SZ,002384,2017-01-03 09:52:45,19.5000,1,33152.0000,17,S,19.5000,19.4900,19.4800,19.4700,19.4600,19.5100,19.5200,19.5300,19.5400,19.5500,242,54,37,102,20,56,28,14,58,360
SZ,002384,2017-01-03 09:52:48,19.5000,12,390000.0000,200,S,19.5000,19.4900,19.4800,19.4700,19.4600,19.5100,19.5200,19.5300,19.5400,19.5500,42,54,37,102,20,56,28,14,58,360
SZ,002384,2017-01-03 09:52:51,19.5100,2,19508.0000,10,B,19.5000,19.4900,19.4800,19.4700,19.4600,19.5100,19.5200,19.5300,19.5400,19.5500,43,54,37,102,20,46,28,14,58,360
SZ,002384,2017-01-03 09:52:57,19.5000,1,3900.0000,2,S,19.5000,19.4900,19.4800,19.4700,19.4600,19.5100,19.5200,19.5300,19.5400,19.5500,46,59,49,102,20,46,28,14,58,360
SZ,002384,2017-01-03 09:53:03,19.5100,2,19512.0000,10,B,19.5000,19.4900,19.4800,19.4700,19.4600,19.5100,19.5200,19.5300,19.5400,19.5500,56,59,49,102,20,36,28,14,58,360
SZ,002384,2017-01-03 09:53:06,19.5100,1,48774.0000,25,B,19.5000,19.4900,19.4800,19.4700,19.4600,19.5100,19.5200,19.5300,19.5400,19.5500,56,59,49,102,20,11,28,14,58,360
SZ,002384,2017-01-03 09:53:09,19.5100,3,27310.0000,14,B,19.5100,19.5000,19.4900,19.4800,19.4700,19.5200,19.5300,19.5400,19.5500,19.5600,9,53,59,49,102,28,14,58,360,61
SZ,002384,2017-01-03 09:53:12,19.5000,4,40960.0000,21,S,19.5000,19.4900,19.4800,19.4700,19.4600,19.5200,19.5300,19.5400,19.5500,19.5600,41,59,49,102,20,28,14,58,360,61
SZ,002384,2017-01-03 09:53:21,19.5100,1,5852.0000,3,B,19.5000,19.4900,19.4800,19.4700,19.4600,19.5100,19.5200,19.5300,19.5400,19.5500,41,59,49,102,20,2,28,14,58,360
SZ,002384,2017-01-03 09:53:24,19.5100,1,3904.0000,2,B,19.5100,19.5000,19.4900,19.4800,19.4700,19.5200,19.5300,19.5400,19.5500,19.5600,11,41,59,49,102,28,14,58,360,61
SZ,002384,2017-01-03 09:53:27,19.5000,8,101410.0000,52,S,19.4900,19.4800,19.4700,19.4600,19.4500,19.5000,19.5200,19.5300,19.5400,19.5500,59,89,102,20,85,48,28,14,58,360
SZ,002384,2017-01-03 09:53:30,19.5000,4,89700.0000,46,B,19.4900,19.4800,19.4700,19.4600,19.4500,19.5000,19.5200,19.5300,19.5400,19.5500,59,89,102,20,85,8,28,14,58,360
SZ,002384,2017-01-03 09:53:33,19.5000,2,15600.0000,8,B,19.5000,19.4900,19.4800,19.4700,19.4600,19.5200,19.5300,19.5400,19.5500,19.5600,2,59,89,102,20,28,14,58,360,61
SZ,002384,2017-01-03 09:53:36,19.5100,1,5854.0000,3,B,19.5100,19.5000,19.4900,19.4800,19.4700,19.5200,19.5300,19.5400,19.5500,19.5600,32,7,59,89,102,28,14,58,360,61
SZ,002384,2017-01-03 09:53:42,19.5100,1,1950.0000,1,S,19.5100,19.5000,19.4900,19.4800,19.4700,19.5200,19.5300,19.5400,19.5500,19.5600,31,7,59,89,102,28,14,58,360,61
SZ,002384,2017-01-03 09:53:45,19.5000,4,134582.0000,69,S,19.5000,19.4900,19.4800,19.4700,19.4600,19.5100,19.5200,19.5300,19.5400,19.5500,5,59,89,102,20,5,28,14,58,360
SZ,002384,2017-01-03 09:53:51,19.5100,1,9754.0000,5,B,19.5100,19.5000,19.4900,19.4800,19.4700,19.5200,19.5300,19.5400,19.5500,19.5600,20,6,59,89,102,31,14,58,360,61
SZ,002384,2017-01-03 09:53:54,19.5000,4,50720.0000,26,S,19.4900,19.4800,19.4700,19.4600,19.4500,19.5000,19.5200,19.5300,19.5400,19.5500,59,89,102,20,85,24,31,14,58,360
SZ,002384,2017-01-03 09:54:00,19.4900,1,3898.0000,2,S,19.4900,19.4800,19.4700,19.4600,19.4500,19.5000,19.5200,19.5300,19.5400,19.5500,57,94,102,20,85,24,31,14,58,360
SZ,002384,2017-01-03 09:54:09,19.4900,1,7796.0000,4,S,19.4900,19.4800,19.4700,19.4600,19.4500,19.5000,19.5200,19.5300,19.5400,19.5500,60,106,102,20,85,29,31,14,58,360
SZ,002384,2017-01-03 09:54:12,19.4900,5,105284.0000,54,S,19.4900,19.4800,19.4700,19.4600,19.4500,19.5200,19.5300,19.5400,19.5500,19.5600,44,101,102,20,105,31,14,58,362,61
SZ,002384,2017-01-03 09:54:15,19.4900,1,3898.0000,2,S,19.4900,19.4800,19.4700,19.4600,19.4500,19.5200,19.5300,19.5400,19.5500,19.5600,42,101,102,20,105,31,14,58,362,31
SZ,002384,2017-01-03 09:54:18,19.4800,8,116922.0000,60,S,19.4800,19.4700,19.4600,19.4500,19.4400,19.5200,19.5300,19.5400,19.5500,19.5600,83,102,20,105,10,31,14,58,362,31
SZ,002384,2017-01-03 09:54:27,19.5000,1,7800.0000,4,S,19.5000,19.4900,19.4800,19.4700,19.4600,19.5100,19.5200,19.5300,19.5400,19.5500,1,30,83,102,18,30,31,14,58,362
SZ,002384,2017-01-03 09:54:33,19.4900,2,19492.0000,10,S,19.4900,19.4800,19.4700,19.4600,19.4500,19.5100,19.5200,19.5300,19.5400,19.5500,21,83,102,28,115,30,31,14,58,362
SZ,002384,2017-01-03 09:54:39,19.5000,1,1948.0000,1,B,19.4900,19.4800,19.4700,19.4600,19.4500,19.5000,19.5100,19.5200,19.5300,19.5400,29,100,102,37,120,29,30,31,14,58
SZ,002384,2017-01-03 09:54:42,19.4900,2,56522.0000,29,S,19.4800,19.4700,19.4600,19.4500,19.4400,19.4900,19.5000,19.5100,19.5200,19.5300,100,102,37,125,10,271,29,30,31,14
SZ,002384,2017-01-03 09:54:45,19.4900,2,23386.0000,12,B,19.4800,19.4700,19.4600,19.4500,19.4400,19.4900,19.5000,19.5100,19.5200,19.5300,103,102,50,125,10,261,43,30,31,12
SZ,002384,2017-01-03 09:55:00,19.4800,1,7792.0000,4,S,19.4800,19.4700,19.4600,19.4500,19.4400,19.4900,19.5000,19.5200,19.5300,19.5400,103,102,57,135,10,264,49,36,12,58
SZ,002384,2017-01-03 09:55:03,19.4800,7,60388.0000,31,S,19.4800,19.4700,19.4600,19.4500,19.4400,19.4900,19.5000,19.5200,19.5300,19.5400,72,102,57,115,10,264,49,35,12,58
SZ,002384,2017-01-03 09:55:06,19.4900,1,87704.0000,45,B,19.4800,19.4700,19.4600,19.4500,19.4400,19.4900,19.5000,19.5200,19.5300,19.5400,72,102,57,115,10,219,49,35,12,58
SZ,002384,2017-01-03 09:55:09,19.4900,1,387852.0000,199,B,19.4800,19.4700,19.4600,19.4500,19.4400,19.4900,19.5000,19.5200,19.5300,19.5400,77,102,58,115,10,20,49,35,12,58
SZ,002384,2017-01-03 09:55:12,19.4900,2,21434.0000,11,B,19.4800,19.4700,19.4600,19.4500,19.4400,19.4900,19.5000,19.5200,19.5300,19.5400,76,102,58,115,10,14,49,35,12,58
SZ,002384,2017-01-03 09:55:18,19.4800,1,19480.0000,10,S,19.4800,19.4700,19.4600,19.4500,19.4400,19.4900,19.5000,19.5200,19.5300,19.5400,66,102,58,115,10,14,49,35,12,58
SZ,002384,2017-01-03 09:55:21,19.4900,1,15592.0000,8,B,19.4800,19.4700,19.4600,19.4500,19.4400,19.4900,19.5000,19.5200,19.5300,19.5400,66,102,58,115,10,6,49,35,12,58
SZ,002384,2017-01-03 09:55:30,19.4900,7,109094.0000,56,B,19.4800,19.4700,19.4600,19.4500,19.4400,19.4900,19.5000,19.5200,19.5300,19.5400,15,102,58,115,10,1,49,35,12,58
SZ,002384,2017-01-03 09:55:33,19.4900,3,15592.0000,8,B,19.4900,19.4800,19.4700,19.4600,19.4500,19.5000,19.5200,19.5300,19.5400,19.5500,4,15,102,58,115,49,35,12,58,362
SZ,002384,2017-01-03 09:55:36,19.5000,4,27284.0000,14,B,19.4900,19.4800,19.4700,19.4600,19.4500,19.5000,19.5200,19.5300,19.5400,19.5500,5,10,102,58,115,44,35,12,58,362
SZ,002384,2017-01-03 09:55:45,19.4900,1,9746.0000,5,S,19.4800,19.4700,19.4600,19.4500,19.4400,19.5000,19.5100,19.5200,19.5300,19.5400,16,102,58,115,10,44,2,35,12,63
SZ,002384,2017-01-03 09:55:48,19.4800,6,40914.0000,21,S,19.4700,19.4600,19.4500,19.4400,19.4300,19.4800,19.5000,19.5100,19.5200,19.5300,102,58,115,10,19,32,35,2,35,12
SZ,002384,2017-01-03 09:55:51,19.4800,1,62336.0000,32,B,19.4800,19.4700,19.4600,19.4500,19.4400,19.5000,19.5100,19.5200,19.5300,19.5400,28,102,58,115,10,35,2,35,12,63
SZ,002384,2017-01-03 09:55:54,19.4800,1,19480.0000,10,S,19.4800,19.4700,19.4600,19.4500,19.4400,19.5000,19.5100,19.5200,19.5300,19.5400,18,102,68,135,10,35,2,35,12,63
SZ,002384,2017-01-03 09:56:00,19.4800,3,54544.0000,28,S,19.4700,19.4600,19.4500,19.4400,19.4300,19.4800,19.5000,19.5100,19.5200,19.5300,102,59,140,10,19,13,37,2,35,12
SZ,002384,2017-01-03 09:56:09,19.4700,2,120714.0000,62,S,19.4700,19.4600,19.4500,19.4400,19.4300,19.4800,19.5000,19.5100,19.5200,19.5300,40,59,138,10,19,17,37,2,35,12
SZ,002384,2017-01-03 09:56:12,19.4800,2,21428.0000,11,B,19.4700,19.4600,19.4500,19.4400,19.4300,19.4800,19.5000,19.5100,19.5200,19.5300,40,59,138,10,19,36,30,2,35,12
SZ,002384,2017-01-03 09:56:18,19.4800,2,7792.0000,4,B,19.4700,19.4600,19.4500,19.4400,19.4300,19.4800,19.5000,19.5100,19.5200,19.5300,40,68,138,10,19,32,30,2,35,12
SZ,002384,2017-01-03 09:56:21,19.4800,4,101296.0000,52,B,19.4800,19.4700,19.4600,19.4500,19.4400,19.5000,19.5100,19.5200,19.5300,19.5400,3,40,68,138,10,30,2,35,12,20
SZ,002384,2017-01-03 09:56:24,19.4800,1,5844.0000,3,S,19.4700,19.4600,19.4500,19.4400,19.4300,19.5000,19.5100,19.5200,19.5300,19.5400,40,68,138,13,19,30,2,35,12,20
SZ,002384,2017-01-03 09:56:30,19.4800,1,1948.0000,1,B,19.4700,19.4600,19.4500,19.4400,19.4300,19.4800,19.4900,19.5000,19.5100,19.5200,50,68,138,13,19,29,10,30,2,35
SZ,002384,2017-01-03 09:56:39,19.4700,1,38940.0000,20,S,19.4700,19.4600,19.4500,19.4400,19.4300,19.4800,19.4900,19.5000,19.5100,19.5200,32,68,138,13,19,30,10,40,2,35
SZ,002384,2017-01-03 09:56:42,19.4700,1,1946.0000,1,S,19.4700,19.4600,19.4500,19.4400,19.4300,19.4800,19.4900,19.5000,19.5100,19.5200,31,68,138,13,19,30,10,40,2,35
SZ,002384,2017-01-03 09:56:45,19.4700,2,11684.0000,6,S,19.4700,19.4600,19.4500,19.4400,19.4300,19.4800,19.4900,19.5000,19.5100,19.5200,25,68,138,13,19,30,10,40,2,35
SZ,002384,2017-01-03 09:56:51,19.4700,3,36992.0000,19,S,19.4700,19.4600,19.4500,19.4400,19.4300,19.4800,19.4900,19.5000,19.5100,19.5200,6,68,140,13,19,30,12,40,2,11
SZ,002384,2017-01-03 09:56:54,19.4700,2,11682.0000,6,S,19.4600,19.4500,19.4400,19.4300,19.4200,19.4700,19.4800,19.4900,19.5000,19.5100,68,142,13,19,5,34,30,12,40,2
SZ,002384,2017-01-03 09:57:00,19.4600,2,23362.0000,12,S,19.4600,19.4500,19.4400,19.4300,19.4200,19.4700,19.4800,19.4900,19.5000,19.5200,71,142,13,19,5,24,30,12,40,11
SZ,002384,2017-01-03 09:57:03,19.4600,5,81732.0000,42,S,19.4600,19.4500,19.4400,19.4300,19.4200,19.4700,19.4800,19.4900,19.5000,19.5200,29,142,13,19,5,29,33,12,40,11
SZ,002384,2017-01-03 09:57:06,19.4700,2,19470.0000,10,B,19.4600,19.4500,19.4400,19.4300,19.4200,19.4700,19.4800,19.4900,19.5000,19.5200,29,142,13,19,5,19,33,12,40,11
SZ,002384,2017-01-03 09:57:15,19.4500,21,317066.0000,163,S,19.4400,19.4300,19.4200,19.4000,19.3800,19.4500,19.4700,19.4800,19.4900,19.5000,13,19,5,93,58,87,39,33,12,41
SZ,002384,2017-01-03 09:57:18,19.4500,2,169216.0000,87,B,19.4600,19.4400,19.4300,19.4200,19.4100,19.4700,19.4800,19.4900,19.5000,19.5200,13,13,19,5,3,39,33,12,41,11
SZ,002384,2017-01-03 09:57:21,19.4600,1,11676.0000,6,S,19.4600,19.4400,19.4300,19.4200,19.4100,19.4700,19.4800,19.4900,19.5000,19.5200,7,13,19,5,3,39,33,12,41,11
SZ,002384,2017-01-03 09:57:24,19.4400,2,19452.0000,10,S,19.4500,19.4400,19.4300,19.4200,19.4100,19.4600,19.4700,19.4800,19.4900,19.5000,10,10,19,5,3,20,39,33,12,41
SZ,002384,2017-01-03 09:57:27,19.4500,2,25286.0000,13,S,19.4500,19.4400,19.4300,19.4200,19.4100,19.4600,19.4700,19.4800,19.4900,19.5000,6,10,19,5,3,27,39,33,12,41
SZ,002384,2017-01-03 09:57:30,19.4500,2,11670.0000,6,S,19.4400,19.4300,19.4200,19.4100,19.4000,19.4600,19.4700,19.4800,19.4900,19.5000,10,19,5,3,99,27,39,33,12,53
SZ,002384,2017-01-03 09:57:39,19.4400,2,25272.0000,13,S,19.4300,19.4200,19.4100,19.4000,19.3800,19.4400,19.4600,19.4700,19.4800,19.4900,19,10,3,99,58,7,15,39,33,12
SZ,002384,2017-01-03 09:57:51,19.4300,3,13600.0000,7,S,19.4300,19.4200,19.4100,19.4000,19.3800,19.4400,19.4600,19.4700,19.4800,19.4900,12,10,137,99,58,8,15,34,33,12
SZ,002384,2017-01-03 09:57:54,19.4300,4,23316.0000,12,S,19.4200,19.4100,19.4000,19.3800,19.3700,19.4300,19.4400,19.4600,19.4700,19.4800,10,137,99,58,50,7,8,13,34,33
SZ,002384,2017-01-03 09:57:57,19.4200,3,29132.0000,15,S,19.4100,19.4000,19.3800,19.3700,19.3600,19.4200,19.4300,19.4400,19.4600,19.4700,137,99,58,50,50,1,12,8,13,34
SZ,002384,2017-01-03 09:58:00,19.4200,1,1940.0000,1,B,19.4200,19.4100,19.4000,19.3800,19.3700,19.4300,19.4400,19.4600,19.4700,19.4800,9,137,99,58,50,12,8,13,34,33
SZ,002384,2017-01-03 09:58:03,19.4100,4,27184.0000,14,S,19.4200,19.4100,19.4000,19.3800,19.3700,19.4300,19.4400,19.4600,19.4700,19.4800,10,132,99,58,50,12,8,13,34,33
SZ,002384,2017-01-03 09:58:06,19.4300,6,77660.0000,40,B,19.4100,19.4000,19.3800,19.3700,19.3600,19.4300,19.4400,19.4600,19.4700,19.4800,107,99,58,56,50,18,8,13,34,33
SZ,002384,2017-01-03 09:58:12,19.4100,3,77640.0000,40,S,19.4100,19.4000,19.3800,19.3700,19.3600,19.4200,19.4300,19.4400,19.4600,19.4700,78,98,58,56,50,150,26,8,13,34
SZ,002384,2017-01-03 09:58:15,19.4200,3,104864.0000,54,B,19.4100,19.4000,19.3800,19.3700,19.3600,19.4200,19.4300,19.4400,19.4600,19.4700,74,98,58,56,50,108,26,8,13,34
SZ,002384,2017-01-03 09:58:18,19.4100,7,133950.0000,69,S,19.4100,19.4000,19.3800,19.3700,19.3600,19.4200,19.4300,19.4400,19.4600,19.4700,40,98,58,56,50,86,109,8,56,34
SZ,002384,2017-01-03 09:58:24,19.4100,7,97060.0000,50,S,19.4000,19.3800,19.3700,19.3600,19.3500,19.4100,19.4200,19.4300,19.4400,19.4600,98,58,56,50,88,79,76,104,8,56
SZ,002384,2017-01-03 09:58:27,19.4000,3,7762.0000,4,S,19.4000,19.3800,19.3700,19.3600,19.3500,19.4100,19.4200,19.4300,19.4400,19.4600,101,58,56,50,98,76,76,104,8,56
SZ,002384,2017-01-03 09:58:30,19.4100,2,32992.0000,17,B,19.4000,19.3800,19.3700,19.3600,19.3500,19.4100,19.4200,19.4300,19.4400,19.4600,110,58,56,50,98,66,76,104,7,56
SZ,002384,2017-01-03 09:58:33,19.4000,9,87300.0000,45,S,19.4000,19.3800,19.3700,19.3600,19.3500,19.4100,19.4200,19.4300,19.4400,19.4600,75,58,56,50,98,66,76,104,7,56
SZ,002384,2017-01-03 09:58:36,19.4100,2,13586.0000,7,B,19.4000,19.3800,19.3700,19.3600,19.3500,19.4100,19.4200,19.4300,19.4400,19.4600,75,58,56,50,98,104,76,104,7,56
SZ,002384,2017-01-03 09:58:39,19.4000,4,21340.0000,11,S,19.4000,19.3900,19.3800,19.3700,19.3600,19.4100,19.4200,19.4300,19.4400,19.4600,64,20,58,50,50,104,76,104,7,56
SZ,002384,2017-01-03 09:58:42,19.4100,4,73732.0000,38,B,19.4000,19.3900,19.3800,19.3700,19.3600,19.4100,19.4200,19.4300,19.4400,19.4600,38,20,58,50,50,92,76,104,7,56
SZ,002384,2017-01-03 09:58:48,19.4000,3,13582.0000,7,S,19.4000,19.3900,19.3800,19.3700,19.3600,19.4100,19.4200,19.4300,19.4600,19.4700,40,20,63,50,20,100,68,104,56,34
SZ,002384,2017-01-03 09:58:51,19.4000,10,79540.0000,41,S,19.3900,19.3800,19.3700,19.3600,19.3500,19.4000,19.4100,19.4200,19.4300,19.4500,20,63,50,20,106,4,114,68,104,2
SZ,002384,2017-01-03 09:58:54,19.4000,3,19400.0000,10,B,19.3900,19.3800,19.3700,19.3600,19.3500,19.4000,19.4100,19.4200,19.4300,19.4500,20,63,50,20,106,94,114,68,98,2
SZ,002384,2017-01-03 09:58:57,19.4000,1,3880.0000,2,B,19.3900,19.3800,19.3700,19.3600,19.3500,19.4000,19.4100,19.4200,19.4300,19.4500,20,63,50,20,106,97,114,68,98,2
SZ,002384,2017-01-03 09:59:00,19.3900,3,149372.0000,77,S,19.3900,19.3800,19.3700,19.3600,19.3500,19.4000,19.4100,19.4200,19.4300,19.4500,13,63,50,20,106,28,114,68,98,2
SZ,002384,2017-01-03 09:59:03,19.4000,3,40736.0000,21,B,19.3900,19.3800,19.3700,19.3600,19.3500,19.4000,19.4100,19.4200,19.4300,19.4500,7,63,50,20,106,19,114,68,98,2
SZ,002384,2017-01-03 09:59:09,19.3900,1,13572.0000,7,S,19.3800,19.3700,19.3600,19.3500,19.3400,19.3900,19.4000,19.4100,19.4200,19.4300,63,50,20,106,13,18,19,114,68,98
SZ,002384,2017-01-03 09:59:12,19.3900,1,7756.0000,4,B,19.3800,19.3700,19.3600,19.3500,19.3400,19.3900,19.4000,19.4100,19.4200,19.4300,63,50,20,116,13,64,24,119,68,98
SZ,002384,2017-01-03 09:59:15,19.3900,1,21328.0000,11,B,19.3800,19.3700,19.3600,19.3500,19.3400,19.3900,19.4000,19.4100,19.4200,19.4300,69,50,20,116,13,103,24,114,68,98
SZ,002384,2017-01-03 09:59:18,19.3900,2,29086.0000,15,B,19.3800,19.3700,19.3600,19.3500,19.3400,19.3900,19.4000,19.4100,19.4200,19.4300,79,50,33,116,13,88,24,114,68,98
SZ,002384,2017-01-03 09:59:27,19.3800,3,32956.0000,17,S,19.3800,19.3700,19.3600,19.3500,19.3400,19.3900,19.4000,19.4100,19.4200,19.4300,72,50,44,126,13,178,35,114,68,98
SZ,002384,2017-01-03 09:59:30,19.3900,1,3878.0000,2,B,19.3800,19.3700,19.3600,19.3500,19.3400,19.3900,19.4000,19.4100,19.4200,19.4300,122,50,49,126,13,176,35,114,68,98
SZ,002384,2017-01-03 09:59:33,19.3800,2,44594.0000,23,S,19.3800,19.3700,19.3600,19.3500,19.3400,19.3900,19.4000,19.4100,19.4200,19.4300,119,50,36,126,13,156,35,114,68,98
SZ,002384,2017-01-03 09:59:36,19.3900,2,38780.0000,20,B,19.3800,19.3700,19.3600,19.3500,19.3400,19.3900,19.4000,19.4100,19.4200,19.4300,122,50,36,126,13,136,17,114,68,98
SZ,002384,2017-01-03 09:59:39,19.3800,5,27132.0000,14,S,19.3800,19.3700,19.3600,19.3500,19.3400,19.3900,19.4000,19.4100,19.4200,19.4300,108,50,36,116,13,136,17,114,68,98
SZ,002384,2017-01-03 09:59:42,19.3800,1,9690.0000,5,S,19.3800,19.3700,19.3600,19.3500,19.3400,19.3900,19.4000,19.4100,19.4200,19.4300,103,50,36,116,13,136,17,114,68,98
SZ,002384,2017-01-03 09:59:45,19.3800,7,207466.0000,107,S,19.3800,19.3700,19.3600,19.3500,19.3400,19.3900,19.4000,19.4100,19.4200,19.4300,96,50,36,150,13,36,17,114,68,96
SZ,002384,2017-01-03 09:59:48,19.3900,3,38780.0000,20,B,19.3800,19.3700,19.3600,19.3500,19.3400,19.3900,19.4000,19.4100,19.4200,19.4300,99,50,36,150,13,16,17,114,71,96
SZ,002384,2017-01-03 09:59:51,19.3800,2,19380.0000,10,S,19.3800,19.3700,19.3600,19.3500,19.3400,19.3900,19.4000,19.4100,19.4200,19.4300,89,50,36,150,13,16,19,114,71,96
SZ,002384,2017-01-03 09:59:57,19.3800,4,29074.0000,15,S,19.3800,19.3700,19.3600,19.3500,19.3400,19.4000,19.4100,19.4200,19.4300,19.4500,91,50,36,128,13,29,109,71,96,2
SZ,002384,2017-01-03 10:00:00,19.4000,2,13580.0000,7,B,19.3900,19.3800,19.3700,19.3600,19.3500,19.4000,19.4100,19.4200,19.4300,19.4500,13,93,50,36,128,22,109,71,96,2
SZ,002384,2017-01-03 10:00:03,19.3900,3,13574.0000,7,S,19.3900,19.3800,19.3700,19.3600,19.3500,19.4000,19.4100,19.4200,19.4300,19.4500,14,93,50,36,140,22,109,71,96,2
SZ,002384,2017-01-03 10:00:09,19.4000,4,52380.0000,27,B,19.4000,19.3900,19.3800,19.3700,19.3600,19.4100,19.4200,19.4300,19.4500,19.4600,63,18,109,50,86,109,71,96,2,172
SZ,002384,2017-01-03 10:00:15,19.4000,2,25220.0000,13,S,19.4000,19.3900,19.3800,19.3700,19.3600,19.4100,19.4200,19.4300,19.4500,19.4600,56,18,97,60,86,109,71,96,2,172
SZ,002384,2017-01-03 10:00:18,19.4100,1,23292.0000,12,B,19.4000,19.3900,19.3800,19.3700,19.3600,19.4100,19.4200,19.4300,19.4500,19.4600,72,20,97,60,86,97,71,96,2,172
SZ,002384,2017-01-03 10:00:21,19.4100,6,229014.0000,118,B,19.4000,19.3900,19.3800,19.3700,19.3600,19.4100,19.4200,19.4300,19.4500,19.4600,49,20,97,60,86,2,71,96,2,172
SZ,002384,2017-01-03 10:00:24,19.4100,2,7764.0000,4,B,19.4100,19.4000,19.3900,19.3800,19.3700,19.4200,19.4300,19.4500,19.4600,19.4700,6,47,24,99,60,71,96,2,172,34
SZ,002384,2017-01-03 10:00:27,19.4000,6,102824.0000,53,S,19.3900,19.3800,19.3700,19.3600,19.3500,19.4000,19.4200,19.4300,19.4500,19.4600,24,99,60,86,140,13,71,96,2,172
SZ,002384,2017-01-03 10:00:30,19.4100,5,31044.0000,16,B,19.3900,19.3800,19.3700,19.3600,19.3500,19.4000,19.4200,19.4300,19.4500,19.4600,24,97,80,86,140,27,71,96,22,188
SZ,002384,2017-01-03 10:00:33,19.4000,3,40740.0000,21,B,19.3900,19.3800,19.3700,19.3600,19.3500,19.4000,19.4200,19.4300,19.4500,19.4600,16,97,80,86,140,6,71,96,22,188
SZ,002384,2017-01-03 10:00:36,19.4000,3,11640.0000,6,B,19.4000,19.3900,19.3800,19.3700,19.3600,19.4200,19.4300,19.4500,19.4600,19.4700,7,16,97,80,86,71,96,22,188,34
SZ,002384,2017-01-03 10:00:45,19.4200,1,13594.0000,7,B,19.4100,19.4000,19.3900,19.3800,19.3700,19.4200,19.4300,19.4500,19.4600,19.4700,8,132,46,112,80,64,96,22,188,34
SZ,002384,2017-01-03 10:00:48,19.4200,2,99042.0000,51,B,19.4100,19.4000,19.3900,19.3800,19.3700,19.4200,19.4300,19.4500,19.4600,19.4700,8,137,46,112,80,21,96,22,188,34
SZ,002384,2017-01-03 10:00:57,19.4200,2,17472.0000,9,B,19.4100,19.4000,19.3900,19.3800,19.3700,19.4200,19.4300,19.4500,19.4600,19.4700,2,119,32,102,80,19,96,22,188,34
SZ,002384,2017-01-03 10:01:00,19.4100,4,11648.0000,6,S,19.4100,19.4000,19.3900,19.3800,19.3700,19.4200,19.4300,19.4500,19.4600,19.4700,3,119,32,99,80,17,96,22,188,34
SZ,002384,2017-01-03 10:01:03,19.4200,4,27188.0000,14,B,19.4100,19.4000,19.3900,19.3800,19.3700,19.4200,19.4300,19.4500,19.4600,19.4700,3,119,32,99,80,3,13,22,188,34
SZ,002384,2017-01-03 10:01:06,19.4200,1,5824.0000,3,B,19.4200,19.4100,19.4000,19.3900,19.3800,19.4300,19.4500,19.4600,19.4700,19.4800,268,3,119,32,99,13,22,188,34,32
SZ,002384,2017-01-03 10:01:12,19.4300,3,33028.0000,17,B,19.4300,19.4200,19.4100,19.4000,19.3900,19.4500,19.4600,19.4700,19.4800,19.4900,87,264,24,119,32,22,188,20,3,2
SZ,002384,2017-01-03 10:01:15,19.4300,1,3886.0000,2,S,19.4300,19.4200,19.4100,19.4000,19.3900,19.4500,19.4600,19.4700,19.4800,19.4900,90,270,33,119,32,22,188,20,3,2
SZ,002384,2017-01-03 10:01:18,19.4300,2,9714.0000,5,S,19.4200,19.4100,19.4000,19.3900,19.3800,19.4300,19.4500,19.4600,19.4700,19.4800,270,33,119,32,98,5,22,188,20,3
SZ,002384,2017-01-03 10:01:21,19.4300,1,9716.0000,5,B,19.4300,19.4200,19.4100,19.4000,19.3900,19.4500,19.4600,19.4700,19.4800,19.4900,23,280,33,119,32,22,188,20,3,2
SZ,002384,2017-01-03 10:01:24,19.4300,2,15544.0000,8,S,19.4300,19.4200,19.4100,19.4000,19.3900,19.4500,19.4600,19.4700,19.4800,19.4900,20,280,33,119,32,22,188,20,3,2
SZ,002384,2017-01-03 10:01:27,19.4300,7,81606.0000,42,S,19.4200,19.4100,19.4000,19.3900,19.3800,19.4300,19.4500,19.4600,19.4700,19.4800,280,33,119,32,98,3,22,188,20,3
SZ,002384,2017-01-03 10:01:33,19.4300,1,1942.0000,1,B,19.4200,19.4100,19.4000,19.3900,19.3800,19.4300,19.4500,19.4600,19.4700,19.4800,283,33,129,32,99,11,22,188,20,3
SZ,002384,2017-01-03 10:01:39,19.4200,5,58300.0000,30,S,19.4200,19.4100,19.4000,19.3900,19.3800,19.4500,19.4600,19.4700,19.4800,19.4900,276,33,129,29,99,13,188,20,3,2
SZ,002384,2017-01-03 10:01:48,19.4500,3,15552.0000,8,B,19.4200,19.4100,19.4000,19.3900,19.3800,19.4500,19.4600,19.4700,19.4800,19.4900,275,33,197,24,99,93,188,20,3,2
SZ,002384,2017-01-03 10:01:57,19.4500,2,19450.0000,10,B,19.4200,19.4100,19.4000,19.3900,19.3800,19.4500,19.4600,19.4700,19.4800,19.4900,303,33,197,24,96,83,138,20,3,2
SZ,002384,2017-01-03 10:02:00,19.4200,2,38842.0000,20,S,19.4200,19.4100,19.4000,19.3900,19.3800,19.4500,19.4600,19.4700,19.4800,19.4900,316,33,197,34,96,83,138,20,3,2
SZ,002384,2017-01-03 10:02:06,19.4500,1,19452.0000,10,B,19.4300,19.4200,19.4100,19.4000,19.3900,19.4500,19.4600,19.4700,19.4800,19.4900,6,316,37,197,34,73,138,20,3,15
SZ,002384,2017-01-03 10:02:12,19.4500,2,91414.0000,47,B,19.4300,19.4200,19.4100,19.4000,19.3900,19.4500,19.4600,19.4700,19.4800,19.4900,6,316,36,197,34,26,138,20,3,15
SZ,002384,2017-01-03 10:02:15,19.4300,1,3886.0000,2,S,19.4300,19.4200,19.4100,19.4000,19.3900,19.4500,19.4600,19.4700,19.4800,19.4900,7,316,36,197,34,26,138,20,3,15
SZ,002384,2017-01-03 10:02:18,19.4500,1,15560.0000,8,B,19.4300,19.4200,19.4100,19.4000,19.3900,19.4500,19.4600,19.4700,19.4800,19.4900,14,316,21,197,34,18,138,20,3,15
SZ,002384,2017-01-03 10:02:24,19.4300,4,38860.0000,20,S,19.4300,19.4200,19.4100,19.4000,19.3900,19.4500,19.4600,19.4700,19.4800,19.4900,14,316,30,195,34,20,138,20,3,15
SZ,002384,2017-01-03 10:02:27,19.4200,2,46622.0000,24,S,19.4200,19.4100,19.4000,19.3900,19.3800,19.4500,19.4600,19.4700,19.4800,19.4900,306,30,190,34,116,20,138,20,3,15
SZ,002384,2017-01-03 10:02:33,19.4200,1,7768.0000,4,S,19.4200,19.4100,19.4000,19.3900,19.3800,19.4500,19.4600,19.4700,19.4800,19.4900,302,30,190,34,116,20,138,20,3,15
SZ,002384,2017-01-03 10:02:45,19.4200,2,97114.0000,50,S,19.4200,19.4100,19.4000,19.3900,19.3800,19.4500,19.4600,19.4700,19.4800,19.4900,331,27,200,34,117,20,138,20,3,15
SZ,002384,2017-01-03 10:02:54,19.4200,1,15536.0000,8,S,19.4200,19.4100,19.4000,19.3900,19.3800,19.4500,19.4600,19.4700,19.4800,19.4900,323,27,200,34,117,20,138,20,3,15
SZ,002384,2017-01-03 10:03:03,19.4300,4,25284.0000,13,S,19.4300,19.4200,19.4100,19.4000,19.3900,19.4500,19.4600,19.4700,19.4800,19.4900,11,323,27,200,34,8,138,20,3,15
SZ,002384,2017-01-03 10:03:06,19.4500,1,9724.0000,5,B,19.4300,19.4200,19.4100,19.4000,19.3900,19.4500,19.4600,19.4700,19.4800,19.4900,11,323,27,200,34,1,138,22,3,15
SZ,002384,2017-01-03 10:03:15,19.4300,2,21374.0000,11,S,19.4200,19.4100,19.4000,19.3900,19.3800,19.4300,19.4500,19.4600,19.4700,19.4800,335,27,200,34,115,67,104,138,27,3
SZ,002384,2017-01-03 10:03:18,19.4200,13,650570.0000,335,S,19.4100,19.4000,19.3900,19.3800,19.3700,19.4200,19.4300,19.4500,19.4600,19.4700,38,200,34,115,80,24,67,104,138,27
SZ,002384,2017-01-03 10:03:27,19.4200,1,38840.0000,20,B,19.4100,19.4000,19.3900,19.3800,19.3700,19.4200,19.4300,19.4500,19.4600,19.4700,38,200,34,115,80,4,76,104,138,27
SZ,002384,2017-01-03 10:03:36,19.4200,3,13592.0000,7,B,19.4200,19.4100,19.4000,19.3900,19.3800,19.4300,19.4500,19.4600,19.4700,19.4800,4,47,200,34,115,76,107,122,27,3
SZ,002384,2017-01-03 10:03:42,19.4100,2,9708.0000,5,S,19.4200,19.4100,19.4000,19.3900,19.3800,19.4300,19.4500,19.4600,19.4700,19.4800,30,46,210,34,115,76,127,122,27,3
SZ,002384,2017-01-03 10:03:45,19.4200,2,50502.0000,26,S,19.4200,19.4100,19.4000,19.3900,19.3800,19.4300,19.4400,19.4500,19.4600,19.4700,14,46,210,39,115,66,2,127,122,27
SZ,002384,2017-01-03 10:03:48,19.4300,1,3886.0000,2,B,19.4200,19.4100,19.4000,19.3900,19.3800,19.4300,19.4400,19.4500,19.4600,19.4700,14,46,210,39,115,64,2,127,122,27
SZ,002384,2017-01-03 10:03:51,19.4200,1,27188.0000,14,S,19.4100,19.4000,19.3900,19.3800,19.3700,19.4200,19.4300,19.4400,19.4500,19.4600,46,210,39,115,80,34,64,2,127,122
SZ,002384,2017-01-03 10:03:54,19.4100,4,38820.0000,20,S,19.4100,19.4000,19.3900,19.3800,19.3700,19.4200,19.4300,19.4400,19.4500,19.4600,26,210,39,115,80,34,64,2,127,122
SZ,002384,2017-01-03 10:03:57,19.4200,1,1942.0000,1,B,19.4100,19.4000,19.3900,19.3800,19.3700,19.4200,19.4300,19.4400,19.4500,19.4600,26,210,39,115,80,33,64,2,127,122
SZ,002384,2017-01-03 10:04:00,19.4200,3,23294.0000,12,B,19.4100,19.4000,19.3900,19.3800,19.3700,19.4200,19.4300,19.4400,19.4500,19.4600,16,210,39,114,80,31,64,2,127,122
SZ,002384,2017-01-03 10:04:06,19.4200,1,3884.0000,2,B,19.4100,19.4000,19.3900,19.3800,19.3700,19.4200,19.4300,19.4400,19.4500,19.4600,16,210,39,114,80,29,64,2,127,122
SZ,002384,2017-01-03 10:04:09,19.4100,2,15528.0000,8,S,19.4100,19.4000,19.3900,19.3800,19.3700,19.4200,19.4300,19.4400,19.4500,19.4600,18,220,39,114,80,29,64,2,127,122
SZ,002384,2017-01-03 10:04:12,19.4200,1,17478.0000,9,B,19.4100,19.4000,19.3900,19.3800,19.3700,19.4200,19.4300,19.4400,19.4500,19.4600,18,220,39,114,80,20,64,2,127,122
SZ,002384,2017-01-03 10:04:15,19.4200,1,15536.0000,8,B,19.4100,19.4000,19.3900,19.3800,19.3700,19.4200,19.4300,19.4400,19.4500,19.4600,18,220,39,114,80,12,64,8,127,122
SZ,002384,2017-01-03 10:04:18,19.4100,1,9706.0000,5,S,19.4100,19.4000,19.3900,19.3800,19.3700,19.4200,19.4300,19.4400,19.4500,19.4600,13,220,39,114,80,12,64,8,127,122
SZ,002384,2017-01-03 10:04:21,19.4200,1,23304.0000,12,B,19.4100,19.4000,19.3900,19.3800,19.3700,19.4300,19.4400,19.4500,19.4600,19.4700,13,220,39,114,80,64,8,127,122,27
SZ,002384,2017-01-03 10:04:24,19.4100,2,25232.0000,13,S,19.4000,19.3900,19.3800,19.3700,19.3600,19.4100,19.4300,19.4400,19.4500,19.4600,220,39,114,80,545,17,64,8,127,122
SZ,002384,2017-01-03 10:04:33,19.4000,5,227064.0000,117,S,19.4000,19.3900,19.3800,19.3700,19.3600,19.4300,19.4400,19.4500,19.4600,19.4700,153,39,114,80,545,64,8,127,122,27
SZ,002384,2017-01-03 10:04:39,19.4000,2,38804.0000,20,S,19.4000,19.3900,19.3800,19.3700,19.3600,19.4200,19.4300,19.4400,19.4500,19.4600,138,39,114,80,545,100,64,8,127,122
SZ,002384,2017-01-03 10:04:48,19.4000,2,40750.0000,21,S,19.4000,19.3900,19.3800,19.3700,19.3600,19.4200,19.4300,19.4400,19.4500,19.4600,127,39,120,80,545,100,64,8,127,122
SZ,002384,2017-01-03 10:04:51,19.4000,3,58200.0000,30,S,19.4000,19.3900,19.3800,19.3700,19.3600,19.4200,19.4300,19.4400,19.4500,19.4600,107,39,120,80,545,100,64,8,127,122
SZ,002384,2017-01-03 10:04:54,19.4000,3,112520.0000,58,S,19.4000,19.3900,19.3800,19.3700,19.3600,19.4100,19.4200,19.4300,19.4400,19.4500,49,39,120,80,545,5,100,64,8,127
SZ,002384,2017-01-03 10:05:09,19.4000,6,97000.0000,50,S,19.4000,19.3900,19.3800,19.3700,19.3600,19.4100,19.4300,19.4400,19.4500,19.4600,11,34,120,139,547,5,64,8,127,122
SZ,002384,2017-01-03 10:05:12,19.4000,2,5820.0000,3,S,19.4000,19.3900,19.3800,19.3700,19.3600,19.4100,19.4300,19.4400,19.4500,19.4600,23,46,123,139,547,5,64,8,127,122
SZ,002384,2017-01-03 10:05:18,19.4000,5,64030.0000,33,S,19.3900,19.3800,19.3700,19.3600,19.3500,19.4000,19.4300,19.4400,19.4500,19.4600,55,123,139,547,150,22,9,8,127,122
SZ,002384,2017-01-03 10:05:21,19.4000,1,7760.0000,4,B,19.3900,19.3800,19.3700,19.3600,19.3500,19.4000,19.4100,19.4300,19.4400,19.4500,55,123,139,547,150,28,2,9,6,127
SZ,002384,2017-01-03 10:05:27,19.3900,2,15516.0000,8,S,19.3900,19.3800,19.3700,19.3600,19.3500,19.4000,19.4100,19.4300,19.4400,19.4500,50,123,139,547,150,35,2,9,6,127
SZ,002384,2017-01-03 10:05:33,19.3900,5,19388.0000,10,S,19.3900,19.3800,19.3700,19.3600,19.3500,19.4000,19.4100,19.4300,19.4400,19.4500,40,129,139,547,150,35,2,9,6,127
SZ,002384,2017-01-03 10:05:36,19.3900,7,77560.0000,40,S,19.3800,19.3700,19.3600,19.3500,19.3400,19.3900,19.4000,19.4100,19.4300,19.4400,129,139,547,150,21,34,35,2,9,6
SZ,002384,2017-01-03 10:05:45,19.3900,3,42648.0000,22,B,19.3800,19.3700,19.3600,19.3500,19.3400,19.3900,19.4000,19.4100,19.4300,19.4400,119,139,549,150,21,77,28,2,9,10
SZ,002384,2017-01-03 10:05:48,19.3900,2,50416.0000,26,B,19.3800,19.3700,19.3600,19.3500,19.3400,19.3900,19.4000,19.4100,19.4300,19.4400,119,139,549,150,21,65,28,2,9,10
SZ,002384,2017-01-03 10:05:54,19.3800,13,240312.0000,124,S,19.3700,19.3600,19.3500,19.3400,19.3300,19.3800,19.3900,19.4000,19.4100,19.4300,139,549,150,21,135,26,78,28,2,11
SZ,002384,2017-01-03 10:05:57,19.3800,1,3876.0000,2,B,19.3700,19.3600,19.3500,19.3400,19.3300,19.3800,19.3900,19.4000,19.4100,19.4300,139,549,150,21,135,24,78,28,2,11
SZ,002384,2017-01-03 10:06:00,19.3800,2,25192.0000,13,B,19.3700,19.3600,19.3500,19.3400,19.3300,19.3800,19.3900,19.4000,19.4100,19.4300,139,549,150,21,135,12,78,28,2,11
SZ,002384,2017-01-03 10:06:03,19.3800,4,31004.0000,16,B,19.3700,19.3600,19.3500,19.3400,19.3300,19.3800,19.3900,19.4000,19.4100,19.4300,134,549,150,21,135,1,73,28,2,11
SZ,002384,2017-01-03 10:06:09,19.3800,1,1938.0000,1,B,19.3800,19.3700,19.3600,19.3500,19.3400,19.3900,19.4000,19.4100,19.4300,19.4400,7,134,549,170,21,22,28,2,11,10
SZ,002384,2017-01-03 10:06:12,19.3700,3,17440.0000,9,S,19.3800,19.3700,19.3600,19.3500,19.3400,19.3900,19.4000,19.4100,19.4300,19.4400,2,132,549,170,21,22,28,2,11,10
SZ,002384,2017-01-03 10:06:15,19.3700,3,7750.0000,4,S,19.3700,19.3600,19.3500,19.3400,19.3300,19.3900,19.4000,19.4100,19.4300,19.4400,138,549,170,21,135,22,28,2,11,10
SZ,002384,2017-01-03 10:06:24,19.3800,2,13568.0000,7,S,19.3700,19.3600,19.3500,19.3400,19.3300,19.3800,19.3900,19.4000,19.4100,19.4300,138,549,170,21,135,49,14,28,2,9
SZ,002384,2017-01-03 10:06:27,19.3700,2,61984.0000,32,S,19.3700,19.3600,19.3500,19.3400,19.3300,19.3800,19.3900,19.4000,19.4100,19.4300,111,549,170,21,135,49,14,28,2,9
SZ,002384,2017-01-03 10:06:30,19.3800,1,27132.0000,14,B,19.3700,19.3600,19.3500,19.3400,19.3300,19.3800,19.3900,19.4000,19.4100,19.4300,126,549,170,21,135,35,14,28,2,9
SZ,002384,2017-01-03 10:06:33,19.3700,3,25180.0000,13,S,19.3700,19.3600,19.3500,19.3400,19.3300,19.3800,19.3900,19.4000,19.4100,19.4300,113,539,170,21,135,35,14,28,2,9
SZ,002384,2017-01-03 10:06:39,19.3700,4,46504.0000,24,S,19.3700,19.3600,19.3500,19.3400,19.3300,19.3800,19.3900,19.4000,19.4100,19.4300,107,539,170,21,135,19,14,28,2,9
SZ,002384,2017-01-03 10:06:42,19.3800,1,25194.0000,13,B,19.3700,19.3600,19.3500,19.3400,19.3300,19.3800,19.3900,19.4000,19.4100,19.4300,118,539,170,21,135,6,14,28,2,9
SZ,002384,2017-01-03 10:06:45,19.3700,1,9686.0000,5,S,19.3700,19.3600,19.3500,19.3400,19.3300,19.3800,19.3900,19.4000,19.4100,19.4300,122,539,170,21,135,6,14,28,2,9
SZ,002384,2017-01-03 10:06:48,19.3800,1,11628.0000,6,B,19.3800,19.3700,19.3600,19.3500,19.3400,19.3900,19.4000,19.4100,19.4300,19.4400,10,127,539,170,21,14,28,2,9,10
SZ,002384,2017-01-03 10:06:51,19.3700,4,48434.0000,25,S,19.3700,19.3600,19.3500,19.3400,19.3300,19.3900,19.4000,19.4100,19.4300,19.4400,112,539,170,21,135,14,28,2,9,10
SZ,002384,2017-01-03 10:06:54,19.3800,2,23246.0000,12,B,19.3800,19.3700,19.3600,19.3500,19.3400,19.3900,19.4000,19.4100,19.4300,19.4400,28,102,539,170,21,14,28,2,9,10
SZ,002384,2017-01-03 10:07:00,19.3700,4,85260.0000,44,S,19.3700,19.3600,19.3500,19.3400,19.3300,19.3900,19.4000,19.4100,19.4300,19.4400,104,539,170,21,135,14,28,2,9,10
SZ,002384,2017-01-03 10:07:03,19.3700,15,207276.0000,107,S,19.3700,19.3600,19.3500,19.3400,19.3300,19.3900,19.4000,19.4100,19.4300,19.4400,12,539,170,21,135,5,28,2,9,10
SZ,002384,2017-01-03 10:07:06,19.3700,1,5812.0000,3,S,19.3700,19.3600,19.3500,19.3400,19.3300,19.3900,19.4000,19.4100,19.4300,19.4400,9,539,170,21,135,5,28,2,9,10
SZ,002384,2017-01-03 10:07:18,19.3600,11,871228.0000,450,S,19.3600,19.3500,19.3400,19.3300,19.3200,19.3900,19.4000,19.4100,19.4300,19.4400,111,162,21,135,16,5,28,2,9,10
SZ,002384,2017-01-03 10:07:27,19.3900,1,1940.0000,1,B,19.3800,19.3700,19.3600,19.3500,19.3400,19.3900,19.4000,19.4100,19.4300,19.4400,5,10,116,164,21,4,82,2,9,6
SZ,002384,2017-01-03 10:07:30,19.3800,1,9688.0000,5,S,19.3700,19.3600,19.3500,19.3400,19.3300,19.3900,19.4000,19.4100,19.4300,19.4400,20,116,152,21,135,4,82,2,24,6
SZ,002384,2017-01-03 10:07:33,19.3900,5,61984.0000,32,B,19.3900,19.3700,19.3600,19.3500,19.3400,19.4000,19.4100,19.4300,19.4400,19.4500,6,4,111,152,21,82,2,24,6,130
SZ,002384,2017-01-03 10:07:42,19.3600,3,38744.0000,20,S,19.3700,19.3600,19.3500,19.3400,19.3300,19.4000,19.4100,19.4300,19.4400,19.4500,65,101,152,21,123,82,4,24,6,130
SZ,002384,2017-01-03 10:07:48,19.4000,1,1940.0000,1,B,19.3700,19.3600,19.3500,19.3400,19.3300,19.4000,19.4100,19.4300,19.4400,19.4500,70,144,152,21,123,81,4,24,6,130
SZ,002384,2017-01-03 10:07:54,19.3700,2,19368.0000,10,S,19.3800,19.3700,19.3600,19.3500,19.3400,19.3900,19.4000,19.4100,19.4300,19.4400,1,80,144,152,21,2,81,4,24,6
SZ,002384,2017-01-03 10:08:00,19.3700,2,38742.0000,20,S,19.3700,19.3600,19.3500,19.3400,19.3300,19.3900,19.4000,19.4100,19.4300,19.4400,61,194,153,21,123,2,81,4,24,6
SZ,002384,2017-01-03 10:08:03,19.3700,1,7748.0000,4,S,19.3700,19.3600,19.3500,19.3400,19.3300,19.3800,19.3900,19.4000,19.4100,19.4300,62,199,157,21,123,10,2,81,4,24
SZ,002384,2017-01-03 10:08:09,19.3800,1,3876.0000,2,B,19.3700,19.3600,19.3500,19.3400,19.3300,19.3800,19.3900,19.4000,19.4100,19.4300,123,204,167,21,123,8,2,81,4,24
SZ,002384,2017-01-03 10:08:12,19.3800,2,19380.0000,10,B,19.3700,19.3600,19.3500,19.3400,19.3300,19.3800,19.3900,19.4000,19.4100,19.4300,124,204,167,21,123,8,2,81,4,24
SZ,002384,2017-01-03 10:08:15,19.3800,1,15504.0000,8,B,19.3800,19.3700,19.3600,19.3500,19.3400,19.3900,19.4000,19.4100,19.4300,19.4400,94,124,204,172,21,2,81,4,24,6
SZ,002384,2017-01-03 10:08:21,19.3800,1,3876.0000,2,S,19.3800,19.3700,19.3600,19.3500,19.3400,19.3900,19.4000,19.4100,19.4300,19.4400,97,127,204,172,21,2,81,4,24,6
SZ,002384,2017-01-03 10:08:24,19.3900,2,13574.0000,7,B,19.3900,19.3800,19.3700,19.3600,19.3500,19.4000,19.4100,19.4300,19.4400,19.4500,5,121,127,206,172,81,4,24,6,130
SZ,002384,2017-01-03 10:08:36,19.3900,1,9694.0000,5,S,19.3900,19.3800,19.3700,19.3600,19.3500,19.4000,19.4100,19.4300,19.4400,19.4500,16,196,100,206,172,81,4,24,6,130
SZ,002384,2017-01-03 10:08:39,19.3900,6,58184.0000,30,S,19.3800,19.3700,19.3600,19.3500,19.3400,19.3900,19.4000,19.4100,19.4300,19.4400,201,101,206,202,21,2,67,4,24,6
SZ,002384,2017-01-03 10:08:42,19.3900,5,112506.0000,58,B,19.3800,19.3700,19.3600,19.3500,19.3400,19.3900,19.4000,19.4100,19.4300,19.4400,229,101,206,202,21,39,24,4,24,6
SZ,002384,2017-01-03 10:08:45,19.4000,2,122180.0000,63,B,19.4000,19.3900,19.3800,19.3700,19.3600,19.4100,19.4300,19.4400,19.4500,19.4600,57,2,229,101,203,4,24,6,130,122
SZ,002384,2017-01-03 10:08:51,19.4000,3,31040.0000,16,S,19.4000,19.3900,19.3800,19.3700,19.3600,19.4300,19.4400,19.4500,19.4600,19.4700,4,23,224,101,203,24,34,130,122,25
SZ,002384,2017-01-03 10:08:54,19.4000,1,3880.0000,2,S,19.4000,19.3900,19.3800,19.3700,19.3600,19.4300,19.4400,19.4500,19.4600,19.4700,2,19,224,107,203,24,34,130,122,25
SZ,002384,2017-01-03 10:08:57,19.4000,1,1940.0000,1,S,19.4100,19.4000,19.3900,19.3800,19.3700,19.4300,19.4400,19.4500,19.4600,19.4700,5,1,104,224,107,24,34,130,122,25
SZ,002384,2017-01-03 10:09:00,19.4300,1,7772.0000,4,B,19.4100,19.4000,19.3900,19.3800,19.3700,19.4300,19.4400,19.4500,19.4600,19.4700,11,1,104,224,107,20,34,130,122,25
SZ,002384,2017-01-03 10:09:12,19.4300,2,38860.0000,20,B,19.4300,19.4100,19.4000,19.3900,19.3800,19.4400,19.4500,19.4600,19.4700,19.4800,12,6,80,102,224,34,130,122,25,3
SZ,002384,2017-01-03 10:09:21,19.4400,1,9720.0000,5,B,19.4300,19.4100,19.4000,19.3900,19.3800,19.4400,19.4500,19.4600,19.4700,19.4800,13,6,80,102,224,29,130,122,25,3
SZ,002384,2017-01-03 10:09:24,19.4300,1,9696.0000,5,S,19.4300,19.4100,19.4000,19.3900,19.3800,19.4400,19.4500,19.4600,19.4700,19.4800,10,6,80,102,224,29,130,122,25,3
SZ,002384,2017-01-03 10:09:27,19.4400,2,56376.0000,29,B,19.4400,19.4300,19.4100,19.4000,19.3900,19.4500,19.4600,19.4700,19.4800,19.4900,7,10,18,10,102,130,122,25,3,15
SZ,002384,2017-01-03 10:09:30,19.4500,2,13616.0000,7,B,19.4400,19.4300,19.4100,19.4000,19.3900,19.4500,19.4600,19.4700,19.4800,19.4900,30,10,28,10,51,123,122,25,3,15
SZ,002384,2017-01-03 10:09:36,19.4400,4,11666.0000,6,S,19.4400,19.4300,19.4100,19.4000,19.3900,19.4500,19.4600,19.4700,19.4800,19.4900,27,10,28,10,51,120,122,25,3,15
SZ,002384,2017-01-03 10:09:42,19.4500,1,44734.0000,23,B,19.4400,19.4300,19.4100,19.4000,19.3900,19.4500,19.4600,19.4700,19.4800,19.4900,97,10,28,15,51,97,122,25,3,15
SZ,002384,2017-01-03 10:09:45,19.4500,4,188666.0000,97,B,19.4500,19.4400,19.4300,19.4100,19.4000,19.4600,19.4700,19.4800,19.4900,19.5000,153,105,10,26,15,122,25,3,15,23
SZ,002384,2017-01-03 10:09:57,19.4600,2,237412.0000,122,B,19.4600,19.4500,19.4400,19.4300,19.4100,19.4700,19.4800,19.4900,19.5000,19.5200,1,203,36,6,26,25,3,15,23,8
SZ,002384,2017-01-03 10:10:06,19.4700,2,48674.0000,25,B,19.4600,19.4500,19.4400,19.4300,19.4100,19.4800,19.4900,19.5000,19.5200,19.5300,22,208,36,6,10,3,15,23,8,1
SZ,002384,2017-01-03 10:10:09,19.4600,6,46724.0000,24,S,19.4600,19.4500,19.4400,19.4300,19.4100,19.4900,19.5000,19.5200,19.5300,19.5400,38,208,36,6,10,14,23,8,1,4
SZ,002384,2017-01-03 10:10:15,19.4900,1,1950.0000,1,B,19.4700,19.4600,19.4500,19.4400,19.4300,19.4900,19.5000,19.5200,19.5300,19.5400,1,38,208,36,6,13,23,8,1,4
SZ,002384,2017-01-03 10:10:18,19.4900,1,9746.0000,5,B,19.4700,19.4600,19.4500,19.4400,19.4300,19.4900,19.5000,19.5200,19.5300,19.5400,1,38,208,36,6,8,23,8,1,4
SZ,002384,2017-01-03 10:10:21,19.5000,5,60440.0000,31,B,19.5000,19.4800,19.4700,19.4600,19.4500,19.5200,19.5300,19.5400,19.5500,19.5600,9,200,1,39,215,8,1,4,2,22
SZ,002384,2017-01-03 10:10:42,19.5400,4,11720.0000,6,B,19.5200,19.5000,19.4900,19.4800,19.4700,19.5400,19.5500,19.5600,19.5700,19.5800,10,9,25,200,1,2,74,22,3,47
SZ,002384,2017-01-03 10:10:54,19.5400,1,1952.0000,1,B,19.5200,19.5000,19.4900,19.4800,19.4700,19.5400,19.5500,19.5600,19.5700,19.5800,10,9,25,200,1,48,74,22,69,47
SZ,002384,2017-01-03 10:10:57,19.5000,5,146272.0000,75,S,19.4900,19.4800,19.4700,19.4600,19.4500,19.5000,19.5300,19.5400,19.5500,19.5600,25,200,1,3,175,41,10,48,74,22
SZ,002384,2017-01-03 10:11:03,19.5000,1,31200.0000,16,B,19.4900,19.4800,19.4700,19.4600,19.4500,19.5000,19.5300,19.5400,19.5500,19.5600,25,200,1,3,175,25,10,54,74,22
SZ,002384,2017-01-03 10:11:06,19.5000,2,35096.0000,18,B,19.4900,19.4800,19.4700,19.4600,19.4500,19.5000,19.5300,19.5400,19.5500,19.5600,25,200,1,3,175,14,10,49,74,22
SZ,002384,2017-01-03 10:11:21,19.4900,1,3900.0000,2,S,19.4900,19.4800,19.4700,19.4600,19.4500,19.5000,19.5300,19.5400,19.5500,19.5600,23,200,1,3,177,21,10,49,74,22
SZ,002384,2017-01-03 10:11:24,19.4900,2,37036.0000,19,S,19.4900,19.4800,19.4700,19.4600,19.4500,19.5000,19.5300,19.5400,19.5500,19.5600,9,200,1,3,177,21,10,49,74,22
SZ,002384,2017-01-03 10:11:27,19.5000,5,40952.0000,21,B,19.5000,19.4900,19.4800,19.4700,19.4600,19.5300,19.5400,19.5500,19.5600,19.5700,21,9,200,1,3,10,49,74,22,69
SZ,002384,2017-01-03 10:11:30,19.5000,1,5848.0000,3,S,19.5000,19.4900,19.4800,19.4700,19.4600,19.5300,19.5400,19.5500,19.5600,19.5700,18,9,200,1,3,24,49,74,22,69
SZ,002384,2017-01-03 10:11:36,19.5000,1,3900.0000,2,S,19.5000,19.4900,19.4800,19.4700,19.4600,19.5300,19.5400,19.5500,19.5600,19.5700,30,9,200,1,3,24,49,74,22,69
SZ,002384,2017-01-03 10:11:39,19.5000,3,21452.0000,11,S,19.5100,19.5000,19.4900,19.4800,19.4700,19.5300,19.5400,19.5500,19.5600,19.5700,2,21,9,200,1,24,60,74,22,69
SZ,002384,2017-01-03 10:11:51,19.5000,2,19496.0000,10,S,19.5000,19.4900,19.4800,19.4700,19.4600,19.5300,19.5400,19.5500,19.5600,19.5700,11,9,200,6,3,24,82,102,22,69
SZ,002384,2017-01-03 10:11:54,19.5000,3,21452.0000,11,S,19.4900,19.4800,19.4700,19.4600,19.4500,19.5200,19.5300,19.5400,19.5500,19.5600,9,200,6,3,177,77,24,82,102,22
SZ,002384,2017-01-03 10:12:09,19.5000,3,60400.0000,31,B,19.4800,19.4700,19.4600,19.4500,19.4400,19.5000,19.5100,19.5200,19.5300,19.5400,179,6,3,177,24,9,26,177,25,82
SZ,002384,2017-01-03 10:12:12,19.4800,1,3896.0000,2,S,19.4800,19.4700,19.4600,19.4500,19.4400,19.5000,19.5100,19.5200,19.5300,19.5400,177,6,3,177,24,9,39,177,25,76
SZ,002384,2017-01-03 10:12:24,19.4800,1,194800.0000,100,S,19.4800,19.4700,19.4600,19.4500,19.4400,19.4900,19.5000,19.5100,19.5200,19.5300,77,5,17,177,23,2,19,44,77,25
SZ,002384,2017-01-03 10:12:27,19.4800,1,3896.0000,2,S,19.4800,19.4700,19.4600,19.4500,19.4400,19.4900,19.5000,19.5100,19.5200,19.5300,75,5,17,177,23,2,19,44,77,25
SZ,002384,2017-01-03 10:12:39,19.4800,3,151944.0000,78,S,19.4700,19.4600,19.4500,19.4400,19.4300,19.4800,19.5000,19.5100,19.5200,19.5300,5,17,177,23,6,64,21,39,77,25
SZ,002384,2017-01-03 10:12:45,19.4500,13,414352.0000,213,S,19.4400,19.4300,19.4100,19.4000,19.3900,19.4500,19.4800,19.5000,19.5100,19.5200,23,6,10,56,35,6,120,21,39,77
SZ,002384,2017-01-03 10:12:51,19.4800,3,60372.0000,31,B,19.4400,19.4300,19.4200,19.4100,19.4000,19.4700,19.4800,19.5000,19.5100,19.5200,23,6,12,10,56,4,95,21,39,77
SZ,002384,2017-01-03 10:12:54,19.4400,1,44712.0000,23,S,19.4300,19.4200,19.4100,19.4000,19.3900,19.4400,19.4700,19.4800,19.5000,19.5100,6,12,10,56,35,147,4,95,21,39
SZ,002384,2017-01-03 10:13:00,19.4400,1,9720.0000,5,B,19.4300,19.4200,19.4100,19.4000,19.3900,19.4400,19.4700,19.4800,19.5000,19.5100,6,12,10,76,35,142,14,95,21,39
SZ,002384,2017-01-03 10:13:03,19.4000,12,203756.0000,105,S,19.3900,19.3800,19.3700,19.3600,19.3500,19.4000,19.4400,19.4700,19.4800,19.5000,35,181,92,200,178,46,141,10,95,11
SZ,002384,2017-01-03 10:13:06,19.3900,1,11632.0000,6,S,19.3900,19.3800,19.3700,19.3600,19.3500,19.4000,19.4400,19.4700,19.4800,19.5000,29,181,92,200,178,46,141,10,25,11
SZ,002384,2017-01-03 10:13:09,19.4000,1,89240.0000,46,S,19.4000,19.3900,19.3800,19.3700,19.3600,19.4400,19.4700,19.4800,19.5000,19.5100,14,39,181,92,200,141,10,25,11,39
SZ,002384,2017-01-03 10:13:18,19.3900,6,135792.0000,70,S,19.3900,19.3800,19.3700,19.3600,19.3500,19.4100,19.4400,19.4700,19.5000,19.5100,30,181,92,200,178,7,141,10,11,26
SZ,002384,2017-01-03 10:13:27,19.4000,1,7760.0000,4,S,19.4000,19.3900,19.3800,19.3700,19.3600,19.4100,19.4400,19.4700,19.5000,19.5100,24,30,181,97,200,7,137,10,11,32
SZ,002384,2017-01-03 10:13:30,19.4100,2,29104.0000,15,B,19.4000,19.3900,19.3800,19.3700,19.3600,19.4100,19.4400,19.4700,19.5000,19.5100,14,30,181,97,200,2,137,10,11,32
SZ,002384,2017-01-03 10:13:33,19.4000,5,50440.0000,26,S,19.3900,19.3800,19.3700,19.3600,19.3500,19.4000,19.4100,19.4400,19.4700,19.5000,35,191,97,200,178,1,2,137,10,11
SZ,002384,2017-01-03 10:13:39,19.4000,1,1940.0000,1,B,19.3900,19.3800,19.3700,19.3600,19.3500,19.4000,19.4100,19.4400,19.4700,19.5000,42,191,102,200,178,3,2,137,10,11
SZ,002384,2017-01-03 10:13:45,19.4000,2,9700.0000,5,B,19.3900,19.3800,19.3700,19.3600,19.3500,19.4000,19.4100,19.4400,19.4700,19.5000,43,195,105,200,178,2,2,137,10,77
SZ,002384,2017-01-03 10:13:48,19.4000,1,3880.0000,2,B,19.4000,19.3900,19.3800,19.3700,19.3600,19.4100,19.4400,19.4700,19.5000,19.5100,10,48,195,116,200,2,137,10,77,32
SZ,002384,2017-01-03 10:14:06,19.4100,1,3884.0000,2,B,19.4100,19.4000,19.3900,19.3800,19.3700,19.4400,19.5000,19.5100,19.5300,19.5400,28,434,119,545,127,137,80,32,27,54
SZ,002384,2017-01-03 10:14:09,19.4400,2,42708.0000,22,B,19.4100,19.4000,19.3900,19.3800,19.3700,19.4400,19.5000,19.5100,19.5300,19.5400,38,434,119,545,116,135,80,32,27,54
SZ,002384,2017-01-03 10:14:21,19.4400,2,11660.0000,6,B,19.4300,19.4100,19.4000,19.3900,19.3800,19.4400,19.5000,19.5100,19.5300,19.5400,29,143,404,94,546,130,82,32,27,54
SZ,002384,2017-01-03 10:14:27,19.4400,1,9720.0000,5,B,19.4300,19.4100,19.4000,19.3900,19.3800,19.4400,19.5000,19.5100,19.5300,19.5400,29,612,430,79,546,125,82,32,27,54
SZ,002384,2017-01-03 10:14:33,19.4400,1,29160.0000,15,B,19.4300,19.4100,19.4000,19.3900,19.3800,19.4400,19.4900,19.5000,19.5100,19.5300,53,562,400,79,546,110,200,82,32,27
SZ,002384,2017-01-03 10:14:36,19.4400,5,223560.0000,115,B,19.4400,19.4300,19.4200,19.4100,19.4000,19.4900,19.5000,19.5100,19.5300,19.5400,80,53,5,562,400,200,82,32,27,54
SZ,002384,2017-01-03 10:14:51,19.4400,6,235236.0000,121,S,19.4300,19.4200,19.4100,19.4000,19.3900,19.4400,19.4700,19.4800,19.4900,19.5000,24,5,507,405,79,82,97,82,200,82
SZ,002384,2017-01-03 10:14:54,19.4400,4,136080.0000,70,B,19.4300,19.4200,19.4100,19.4000,19.3900,19.4400,19.4700,19.4800,19.4900,19.5000,24,10,507,405,79,12,97,82,200,82
SZ,002384,2017-01-03 10:15:00,19.4400,1,19440.0000,10,B,19.4300,19.4200,19.4100,19.4000,19.3900,19.4400,19.4700,19.4800,19.4900,19.5000,24,10,507,464,79,2,97,82,200,82
SZ,002384,2017-01-03 10:15:09,19.4400,1,3888.0000,2,B,19.4300,19.4200,19.4100,19.4000,19.3900,19.4700,19.4800,19.4900,19.5000,19.5100,25,10,438,464,79,97,82,200,82,32
