市场代码,证券代码,时间,最新价,成交笔数,成交额,成交量,方向,买一价,买二价,买三价,买四价,买五价,卖一价,卖二价,卖三价,卖四价,卖五价,买一量,买二量,买三量,买四量,买五量,卖一量,卖二量,卖三量,卖四量,卖五量
SZ,002338,2017-01-03 09:25:03,48.2000,11,139780.0000,29,B,48.0300,48.0100,48.0000,47.9500,47.8000,48.2000,48.2800,48.3600,48.3800,48.3900,1,10,30,3,7,36,18,11,2,6
SZ,002338,2017-01-03 09:30:03,48.0300,17,490407.0000,102,S,48.0200,48.0100,48.0000,47.9500,47.8100,48.0300,48.1800,48.2000,48.2700,48.2800,17,13,30,3,1,6,1,40,3,18
SZ,002338,2017-01-03 09:30:12,48.0300,1,28818.0000,6,B,48.0400,48.0300,48.0200,48.0100,48.0000,48.1800,48.2000,48.2700,48.2800,48.3600,23,4,19,13,31,1,40,3,18,11
SZ,002338,2017-01-03 09:30:24,48.1800,1,4818.0000,1,B,48.0500,48.0400,48.0300,48.0200,48.0100,48.1900,48.2000,48.2700,48.2800,48.3600,2,23,23,19,13,12,40,7,18,11
SZ,002338,2017-01-03 09:30:36,48.1900,1,57828.0000,12,B,48.1900,48.1000,48.0500,48.0400,48.0300,48.2000,48.2700,48.2800,48.3600,48.3800,75,3,2,23,17,40,7,18,11,2
SZ,002338,2017-01-03 09:30:39,48.1900,1,9638.0000,2,S,48.1900,48.1000,48.0500,48.0400,48.0300,48.2000,48.2700,48.2800,48.3600,48.3800,73,3,2,23,17,40,7,18,11,2
SZ,002338,2017-01-03 09:30:42,48.2000,1,9640.0000,2,B,48.1900,48.1800,48.1000,48.0500,48.0400,48.2000,48.2700,48.2800,48.3600,48.3800,73,2,3,2,23,38,7,18,11,2
SZ,002338,2017-01-03 09:30:48,48.2000,1,19280.0000,4,B,48.1900,48.1800,48.0500,48.0300,48.0200,48.2000,48.2700,48.2800,48.3600,48.3900,73,2,2,22,19,34,7,18,11,9
SZ,002338,2017-01-03 09:30:51,48.1900,1,48190.0000,10,S,48.1900,48.1800,48.0500,48.0300,48.0200,48.2000,48.2700,48.2800,48.3600,48.3900,63,2,12,22,19,34,7,18,11,9
SZ,002338,2017-01-03 09:30:54,48.1900,2,53012.0000,11,S,48.1900,48.1800,48.0500,48.0300,48.0200,48.2000,48.2700,48.2800,48.3600,48.3900,55,2,17,22,19,31,7,18,11,9
SZ,002338,2017-01-03 09:30:57,48.2000,2,38560.0000,8,B,48.1900,48.1800,48.0500,48.0300,48.0200,48.2000,48.2700,48.2800,48.3600,48.3900,55,2,18,22,9,23,7,18,11,9
SZ,002338,2017-01-03 09:31:03,48.2000,1,19280.0000,4,B,48.1900,48.1800,48.0500,48.0300,48.0200,48.2000,48.2700,48.2800,48.3600,48.3900,55,2,18,22,9,19,7,18,11,9
SZ,002338,2017-01-03 09:31:06,48.1900,1,28914.0000,6,S,48.1900,48.1800,48.0500,48.0300,48.0200,48.2000,48.2700,48.2800,48.3600,48.3900,49,2,18,22,9,19,7,18,11,9
SZ,002338,2017-01-03 09:31:09,48.2000,3,67480.0000,14,B,48.1900,48.1800,48.0500,48.0300,48.0200,48.2000,48.2700,48.2800,48.3600,48.3900,65,2,18,22,9,5,7,18,11,9
SZ,002338,2017-01-03 09:31:15,48.2000,2,38560.0000,8,B,48.2000,48.1900,48.1800,48.0600,48.0500,48.2700,48.2800,48.3600,48.3900,48.4000,2,65,2,3,18,10,18,11,9,1
SZ,002338,2017-01-03 09:31:24,48.2000,4,91580.0000,19,S,48.2000,48.1900,48.1800,48.0600,48.0500,48.2300,48.2700,48.2800,48.3600,48.3900,35,49,2,3,18,5,10,18,11,9
SZ,002338,2017-01-03 09:31:36,48.2100,2,24106.0000,5,S,48.2100,48.2000,48.1900,48.1800,48.0700,48.2300,48.2700,48.2800,48.3600,48.3900,8,45,49,2,3,5,10,18,11,9
SZ,002338,2017-01-03 09:31:39,48.2100,1,14463.0000,3,S,48.2100,48.2000,48.1900,48.1800,48.0700,48.2300,48.2700,48.2800,48.3600,48.3900,5,58,49,2,3,5,10,18,11,9
SZ,002338,2017-01-03 09:31:45,48.2100,1,9642.0000,2,S,48.2100,48.2000,48.1900,48.0600,48.0500,48.2300,48.2700,48.2800,48.3600,48.3900,19,42,49,20,8,5,10,18,11,9
SZ,002338,2017-01-03 09:31:48,48.2100,1,9642.0000,2,S,48.2100,48.2000,48.1900,48.0600,48.0500,48.2300,48.2700,48.2800,48.3600,48.3900,17,42,49,20,8,5,10,18,11,9
SZ,002338,2017-01-03 09:31:51,48.2300,2,24115.0000,5,B,48.2300,48.2100,48.2000,48.1900,48.1800,48.2700,48.2800,48.3600,48.3900,48.4000,6,17,42,49,1,10,18,11,9,4
SZ,002338,2017-01-03 09:31:54,48.2300,1,4823.0000,1,S,48.2300,48.2100,48.2000,48.1900,48.1800,48.2500,48.2700,48.2800,48.3600,48.3900,5,17,23,49,1,1,10,18,11,9
SZ,002338,2017-01-03 09:32:06,48.2300,1,9646.0000,2,S,48.2300,48.2100,48.2000,48.1900,48.1800,48.2500,48.2700,48.2800,48.3600,48.3900,19,1,23,49,1,1,10,18,11,9
SZ,002338,2017-01-03 09:32:09,48.2700,2,9652.0000,2,B,48.2300,48.2100,48.2000,48.1900,48.1800,48.2700,48.2800,48.3600,48.3900,48.4000,19,1,23,49,1,9,18,11,9,4
SZ,002338,2017-01-03 09:32:12,48.2300,2,91637.0000,19,S,48.2100,48.2000,48.1900,48.1800,48.0600,48.2300,48.2700,48.2800,48.3600,48.3900,1,23,49,1,3,24,9,18,11,9
SZ,002338,2017-01-03 09:32:18,48.2300,1,14469.0000,3,B,48.2100,48.2000,48.1900,48.1800,48.0600,48.2300,48.2700,48.2800,48.3600,48.3900,1,23,49,1,3,23,9,18,11,9
SZ,002338,2017-01-03 09:32:21,48.2300,3,112135.0000,23,B,48.2300,48.2100,48.2000,48.1900,48.1800,48.2700,48.2800,48.3600,48.3900,48.4000,2,3,23,49,1,9,18,11,9,4
SZ,002338,2017-01-03 09:32:24,48.2300,1,4823.0000,1,S,48.2300,48.2100,48.2000,48.1900,48.1800,48.2700,48.2800,48.3600,48.3900,48.4000,2,21,23,49,1,9,18,11,9,4
SZ,002338,2017-01-03 09:32:27,48.2100,5,67499.0000,14,S,48.2100,48.2000,48.1900,48.1800,48.0600,48.2700,48.2800,48.3600,48.3900,48.4000,10,23,49,1,3,9,18,11,9,4
SZ,002338,2017-01-03 09:32:36,48.2500,1,19300.0000,4,S,48.2500,48.2300,48.2100,48.2000,48.1900,48.2700,48.2800,48.3600,48.3900,48.4000,16,18,26,23,49,6,18,11,9,4
SZ,002338,2017-01-03 09:32:45,48.2700,4,33789.0000,7,B,48.2500,48.2300,48.2100,48.2000,48.1900,48.2800,48.3600,48.3900,48.4000,48.4400,30,8,10,23,49,18,11,9,4,80
SZ,002338,2017-01-03 09:32:48,48.2800,1,82076.0000,17,B,48.2500,48.2300,48.2100,48.2000,48.1900,48.2800,48.3600,48.3900,48.4000,48.4400,30,8,10,23,49,1,11,9,4,80
SZ,002338,2017-01-03 09:32:54,48.2500,3,53105.0000,11,S,48.2500,48.2300,48.2100,48.2000,48.1900,48.3600,48.3900,48.4000,48.4400,48.5000,19,8,10,23,49,11,9,4,80,5
SZ,002338,2017-01-03 09:32:57,48.2500,1,33775.0000,7,S,48.2500,48.2300,48.2100,48.2000,48.1900,48.3600,48.3900,48.4000,48.4400,48.5000,24,8,10,23,49,11,9,4,80,5
SZ,002338,2017-01-03 09:33:03,48.3600,2,24180.0000,5,B,48.2800,48.2500,48.2300,48.2100,48.2000,48.3600,48.3900,48.4000,48.4400,48.5000,11,24,8,10,23,6,9,4,80,5
SZ,002338,2017-01-03 09:33:06,48.2800,1,24140.0000,5,S,48.2800,48.2500,48.2300,48.2100,48.2000,48.3600,48.3900,48.4000,48.4400,48.5000,6,34,8,10,23,6,9,4,80,5
SZ,002338,2017-01-03 09:33:15,48.2800,1,14484.0000,3,S,48.2800,48.2500,48.2300,48.2100,48.2000,48.3600,48.3900,48.4000,48.4400,48.5000,8,18,2,9,23,6,9,4,80,5
SZ,002338,2017-01-03 09:33:27,48.3300,1,4833.0000,1,S,48.2900,48.2800,48.2500,48.2300,48.2100,48.3600,48.3900,48.4000,48.4400,48.5000,1,54,8,2,9,6,9,4,80,5
SZ,002338,2017-01-03 09:33:33,48.3600,1,9672.0000,2,B,48.3300,48.3000,48.2900,48.2800,48.2500,48.3600,48.3900,48.4000,48.4400,48.5000,7,1,1,42,8,4,9,4,80,5
SZ,002338,2017-01-03 09:33:36,48.3600,1,4836.0000,1,B,48.3300,48.3000,48.2900,48.2800,48.2500,48.3600,48.3900,48.4000,48.4400,48.5000,7,2,1,42,8,3,9,4,80,5
SZ,002338,2017-01-03 09:33:39,48.3600,1,9672.0000,2,B,48.3300,48.3000,48.2900,48.2800,48.2500,48.3600,48.3900,48.4000,48.4400,48.5000,7,2,1,42,8,1,9,4,80,5
SZ,002338,2017-01-03 09:33:42,48.3600,1,4836.0000,1,B,48.3600,48.3300,48.3000,48.2900,48.2800,48.3900,48.4000,48.4400,48.5000,48.5500,5,7,2,1,32,19,4,80,5,2
SZ,002338,2017-01-03 09:33:45,48.3300,4,116055.0000,24,S,48.3000,48.2900,48.2800,48.2500,48.2300,48.3200,48.3900,48.4000,48.4400,48.5000,2,1,32,8,2,9,19,4,80,5
SZ,002338,2017-01-03 09:33:54,48.2800,10,212477.0000,44,S,48.2500,48.2300,48.2100,48.2000,48.1900,48.2800,48.3000,48.3900,48.4000,48.4400,8,2,9,23,49,5,2,19,4,80
SZ,002338,2017-01-03 09:33:57,48.2800,1,19312.0000,4,B,48.2500,48.2300,48.2100,48.2000,48.1900,48.2800,48.3000,48.3900,48.4000,48.4400,8,2,9,23,49,1,2,19,4,80
SZ,002338,2017-01-03 09:34:06,48.2100,3,62709.0000,13,S,48.2100,48.2000,48.1900,48.1600,48.0600,48.2800,48.3000,48.3500,48.3900,48.4000,6,23,49,50,3,1,2,4,19,4
SZ,002338,2017-01-03 09:34:15,48.2200,4,24123.0000,5,S,48.2200,48.2100,48.2000,48.1900,48.1600,48.2800,48.3000,48.3500,48.3900,48.4000,5,6,23,49,50,10,2,4,19,4
SZ,002338,2017-01-03 09:34:21,48.2800,1,28968.0000,6,B,48.2300,48.2200,48.2100,48.2000,48.1900,48.2800,48.3000,48.3500,48.3900,48.4000,6,5,6,28,49,13,2,4,19,4
SZ,002338,2017-01-03 09:34:24,48.2300,1,9646.0000,2,S,48.2400,48.2300,48.2200,48.2100,48.2000,48.2800,48.3000,48.3500,48.3900,48.4000,4,4,5,6,28,13,2,4,19,4
SZ,002338,2017-01-03 09:34:27,48.2800,2,24140.0000,5,B,48.2400,48.2300,48.2200,48.2100,48.2000,48.2800,48.3000,48.3500,48.3900,48.4000,4,4,5,6,28,8,2,4,19,4
SZ,002338,2017-01-03 09:34:36,48.2400,1,9648.0000,2,S,48.2400,48.2300,48.2200,48.2100,48.2000,48.2800,48.3500,48.3900,48.4000,48.5000,2,4,5,6,28,8,4,19,4,90
SZ,002338,2017-01-03 09:34:39,48.3500,3,57964.0000,12,B,48.3600,48.2400,48.2300,48.2200,48.2100,48.3900,48.4000,48.5000,48.5500,48.5800,8,2,4,5,6,19,4,90,4,73
SZ,002338,2017-01-03 09:34:45,48.3600,1,24180.0000,5,S,48.3600,48.2800,48.2400,48.2300,48.2200,48.3700,48.3800,48.3900,48.4000,48.5000,3,2,2,4,5,10,20,19,4,90
SZ,002338,2017-01-03 09:34:54,48.2400,5,43472.0000,9,S,48.2300,48.2200,48.2100,48.2000,48.1900,48.2400,48.3600,48.3700,48.3800,48.3900,4,5,7,33,49,2,1,10,20,19
SZ,002338,2017-01-03 09:35:00,48.3700,3,62854.0000,13,B,48.3700,48.2300,48.2200,48.2100,48.2000,48.3800,48.3900,48.4000,48.5000,48.5500,7,4,5,7,33,20,19,4,90,4
SZ,002338,2017-01-03 09:35:06,48.3700,1,9674.0000,2,S,48.3700,48.2300,48.2200,48.2100,48.2000,48.3800,48.3900,48.4000,48.5000,48.5500,5,4,5,7,33,20,19,4,90,4
SZ,002338,2017-01-03 09:35:12,48.3700,1,14511.0000,3,S,48.3700,48.2300,48.2200,48.2100,48.2000,48.3800,48.3900,48.4000,48.5000,48.5500,2,4,5,7,59,20,19,4,90,4
SZ,002338,2017-01-03 09:35:15,48.2300,2,19320.0000,4,S,48.2300,48.2200,48.2100,48.2000,48.1900,48.3800,48.3900,48.4000,48.5000,48.5500,2,5,7,59,49,20,19,4,90,4
SZ,002338,2017-01-03 09:35:24,48.2300,4,33789.0000,7,S,48.2200,48.2100,48.2000,48.1900,48.1600,48.2300,48.3800,48.3900,48.4000,48.4900,7,7,59,49,50,26,18,9,1,2
SZ,002338,2017-01-03 09:35:27,48.2300,1,125398.0000,26,B,48.2400,48.2200,48.2100,48.2000,48.1900,48.3800,48.3900,48.4000,48.4900,48.5000,9,7,7,59,49,18,9,1,2,90
SZ,002338,2017-01-03 09:35:36,48.2200,2,48238.0000,10,S,48.2500,48.2300,48.2200,48.2100,48.2000,48.3800,48.3900,48.4000,48.4900,48.5000,1,1,6,7,59,18,9,1,2,90
SZ,002338,2017-01-03 09:35:45,48.2500,2,9650.0000,2,S,48.2500,48.2400,48.2300,48.2200,48.2100,48.3700,48.3800,48.3900,48.4000,48.4900,8,2,12,6,8,6,18,9,1,2
SZ,002338,2017-01-03 09:35:54,48.3700,2,29000.0000,6,B,48.2500,48.2400,48.2300,48.2200,48.2100,48.3700,48.3800,48.3900,48.4000,48.4900,8,2,12,6,8,2,18,9,1,2
SZ,002338,2017-01-03 09:36:06,48.2600,1,14478.0000,3,S,48.2700,48.2600,48.2500,48.2400,48.2300,48.3700,48.3800,48.3900,48.4000,48.4900,2,32,8,2,11,26,18,9,1,2
SZ,002338,2017-01-03 09:36:18,48.3600,2,48360.0000,10,B,48.2800,48.2700,48.2600,48.2500,48.2400,48.3700,48.3800,48.3900,48.4000,48.4900,1,2,32,8,2,26,18,9,1,2
SZ,002338,2017-01-03 09:36:24,48.3700,1,4837.0000,1,B,48.2800,48.2700,48.2600,48.2500,48.2400,48.3700,48.3800,48.3900,48.4000,48.4900,1,12,32,8,2,25,18,9,1,2
SZ,002338,2017-01-03 09:36:36,48.2700,3,19309.0000,4,S,48.2700,48.2600,48.2500,48.2300,48.2200,48.3700,48.3800,48.3900,48.4000,48.4900,9,32,8,13,6,34,18,9,1,2
SZ,002338,2017-01-03 09:36:45,48.3000,1,4830.0000,1,B,48.3000,48.2700,48.2600,48.2500,48.2300,48.3700,48.3800,48.3900,48.4000,48.4900,4,5,32,8,13,44,18,9,1,2
SZ,002338,2017-01-03 09:36:48,48.2600,6,197887.0000,41,S,48.2500,48.2300,48.2200,48.2100,48.2000,48.2600,48.3700,48.3800,48.3900,48.4000,8,13,6,14,59,7,44,18,9,1
SZ,002338,2017-01-03 09:36:57,48.2600,1,33782.0000,7,B,48.2500,48.2300,48.2200,48.2100,48.2000,48.3700,48.3800,48.3900,48.4000,48.4900,8,13,6,14,59,34,18,9,1,2
SZ,002338,2017-01-03 09:37:06,48.2300,3,62718.0000,13,S,48.2800,48.2300,48.2200,48.2100,48.2000,48.3700,48.3800,48.3900,48.4000,48.4900,4,9,6,14,59,34,18,9,1,2
SZ,002338,2017-01-03 09:37:15,48.2800,1,19312.0000,4,S,48.2800,48.2300,48.2200,48.2100,48.2000,48.3500,48.3600,48.3700,48.3800,48.3900,1,9,6,14,59,19,18,44,18,9
SZ,002338,2017-01-03 09:37:21,48.2800,1,4828.0000,1,S,48.2500,48.2300,48.2200,48.2100,48.2000,48.2800,48.3500,48.3600,48.3700,48.3800,9,9,6,114,59,1,19,18,34,18
SZ,002338,2017-01-03 09:37:24,48.2500,1,4825.0000,1,S,48.2500,48.2300,48.2200,48.2100,48.2000,48.2800,48.3500,48.3600,48.3700,48.3900,8,9,6,114,59,2,19,18,34,9
SZ,002338,2017-01-03 09:37:36,48.2600,3,14482.0000,3,S,48.2600,48.2500,48.2300,48.2200,48.2100,48.3500,48.3600,48.3700,48.3900,48.4000,4,8,9,6,114,29,18,34,9,1
SZ,002338,2017-01-03 09:37:45,48.2700,1,4827.0000,1,S,48.2600,48.2500,48.2300,48.2200,48.2100,48.3400,48.3500,48.3600,48.3700,48.3900,4,8,9,7,114,25,29,18,34,9
SZ,002338,2017-01-03 09:37:57,48.2600,2,28956.0000,6,S,48.2600,48.2500,48.2300,48.2200,48.2100,48.3000,48.3400,48.3500,48.3600,48.3700,8,8,10,7,114,18,25,29,18,22
SZ,002338,2017-01-03 09:38:00,48.2600,1,38608.0000,8,S,48.2500,48.2300,48.2200,48.2100,48.2000,48.2600,48.3000,48.3400,48.3500,48.3700,8,10,7,114,59,4,18,25,29,22
SZ,002338,2017-01-03 09:38:06,48.2600,2,38604.0000,8,B,48.2600,48.2500,48.2300,48.2200,48.2100,48.3000,48.3400,48.3500,48.3700,48.3900,46,4,10,7,114,18,25,29,22,9
SZ,002338,2017-01-03 09:38:15,48.2700,1,9654.0000,2,S,48.2700,48.2600,48.2500,48.2300,48.2200,48.3000,48.3300,48.3400,48.3500,48.3700,8,46,4,10,7,18,23,25,10,22
SZ,002338,2017-01-03 09:38:18,48.3400,3,318949.0000,66,B,48.2700,48.2600,48.2500,48.2300,48.2200,48.3500,48.3700,48.3900,48.4000,48.4900,8,46,4,10,7,10,22,9,1,2
SZ,002338,2017-01-03 09:38:27,48.2600,2,91702.0000,19,S,48.3000,48.2800,48.2600,48.2500,48.2300,48.3500,48.3700,48.3900,48.4000,48.4900,4,1,35,4,10,10,22,9,1,2
SZ,002338,2017-01-03 09:38:33,48.3700,4,125742.0000,26,B,48.3000,48.2800,48.2600,48.2500,48.2300,48.3700,48.3900,48.4000,48.4900,48.5000,4,1,35,4,10,6,9,1,2,90
SZ,002338,2017-01-03 09:38:36,48.2800,4,72526.0000,15,S,48.2600,48.2500,48.2300,48.2200,48.2100,48.3900,48.4000,48.4900,48.5000,48.5500,35,4,10,5,116,5,1,2,90,4
SZ,002338,2017-01-03 09:38:45,48.3500,2,58024.0000,12,S,48.3500,48.2600,48.2500,48.2300,48.2200,48.3900,48.4000,48.4900,48.5000,48.5500,3,35,4,10,5,5,1,2,90,4
SZ,002338,2017-01-03 09:38:57,48.3500,1,14505.0000,3,S,48.3000,48.2600,48.2500,48.2300,48.2200,48.3900,48.4000,48.4900,48.5000,48.5500,8,37,4,10,7,5,1,2,90,4
SZ,002338,2017-01-03 09:39:06,48.3000,1,4830.0000,1,S,48.3100,48.3000,48.2800,48.2600,48.2500,48.3900,48.4000,48.4800,48.4900,48.5000,1,7,5,37,4,5,1,52,2,90
SZ,002338,2017-01-03 09:39:24,48.3100,3,14495.0000,3,S,48.3000,48.2800,48.2600,48.2500,48.2300,48.3100,48.3900,48.4000,48.4800,48.4900,13,5,37,4,10,9,5,1,50,2
SZ,002338,2017-01-03 09:39:36,48.3000,1,4830.0000,1,S,48.3000,48.2800,48.2600,48.2500,48.2300,48.3100,48.3600,48.3900,48.4000,48.4800,12,7,37,4,10,9,15,5,1,50
SZ,002338,2017-01-03 09:39:39,48.3100,1,43479.0000,9,B,48.3100,48.3000,48.2800,48.2600,48.2500,48.3600,48.3900,48.4000,48.4800,48.4900,11,12,7,37,4,15,5,1,50,2
SZ,002338,2017-01-03 09:39:42,48.3100,1,48310.0000,10,S,48.3100,48.3000,48.2800,48.2600,48.2500,48.3500,48.3600,48.3900,48.4000,48.4800,1,12,7,37,4,5,15,5,1,50
SZ,002338,2017-01-03 09:39:57,48.3500,4,38653.0000,8,B,48.3000,48.2800,48.2600,48.2500,48.2300,48.3500,48.3600,48.3900,48.4000,48.4700,8,7,2,4,10,5,15,5,1,2
SZ,002338,2017-01-03 09:40:06,48.3000,1,9660.0000,2,S,48.3000,48.2800,48.2600,48.2500,48.2300,48.3500,48.3600,48.3900,48.4000,48.4700,6,7,2,4,10,8,15,5,1,2
SZ,002338,2017-01-03 09:40:15,48.3000,1,4830.0000,1,S,48.3000,48.2800,48.2600,48.2500,48.2300,48.3500,48.3600,48.3900,48.4000,48.4700,8,7,2,4,9,8,15,5,1,2
SZ,002338,2017-01-03 09:40:21,48.3500,1,4835.0000,1,B,48.3000,48.2800,48.2600,48.2500,48.2300,48.3500,48.3600,48.3900,48.4000,48.4700,8,7,12,4,9,7,15,5,1,2
SZ,002338,2017-01-03 09:40:24,48.3500,1,4835.0000,1,B,48.3000,48.2800,48.2600,48.2500,48.2300,48.3500,48.3600,48.3900,48.4000,48.4700,8,7,12,4,9,6,15,5,1,2
SZ,002338,2017-01-03 09:40:33,48.3500,1,4835.0000,1,B,48.3100,48.3000,48.2800,48.2600,48.2500,48.3500,48.3600,48.3900,48.4000,48.4700,2,9,7,12,4,5,15,5,1,2
SZ,002338,2017-01-03 09:40:36,48.3600,3,29011.0000,6,B,48.3100,48.3000,48.2800,48.2600,48.2500,48.3600,48.3900,48.4000,48.4700,48.4800,2,9,7,12,4,14,5,1,2,50
SZ,002338,2017-01-03 09:40:45,48.3500,2,53185.0000,11,S,48.3500,48.3100,48.3000,48.2800,48.2600,48.3600,48.3900,48.4000,48.4700,48.4800,7,2,9,7,12,14,5,1,2,50
SZ,002338,2017-01-03 09:40:51,48.3600,1,67704.0000,14,B,48.3600,48.3500,48.3100,48.3000,48.2800,48.3900,48.4000,48.4700,48.4800,48.4900,3,7,2,9,7,5,1,2,50,2
SZ,002338,2017-01-03 09:40:57,48.3500,4,38683.0000,8,S,48.3600,48.3500,48.3100,48.3000,48.2800,48.3900,48.4000,48.4700,48.4800,48.4900,2,2,1,9,7,5,1,2,50,2
SZ,002338,2017-01-03 09:41:06,48.3600,2,14509.0000,3,S,48.3500,48.3100,48.3000,48.2800,48.2600,48.3900,48.4000,48.4700,48.4800,48.4900,2,1,9,7,12,5,1,2,50,2
SZ,002338,2017-01-03 09:41:15,48.4700,4,33882.0000,7,B,48.3600,48.3500,48.3100,48.3000,48.2800,48.4700,48.4800,48.4900,48.5000,48.5500,1,2,1,14,7,1,50,2,85,4
SZ,002338,2017-01-03 09:41:27,48.3900,1,9678.0000,2,S,48.3900,48.3600,48.3500,48.3100,48.3000,48.4700,48.4800,48.4900,48.5000,48.5500,1,1,2,3,14,49,50,2,85,4
SZ,002338,2017-01-03 09:41:36,48.3900,1,4839.0000,1,S,48.3900,48.3600,48.3500,48.3100,48.3000,48.4700,48.4800,48.4900,48.5000,48.5500,2,1,2,3,14,49,50,2,85,4
SZ,002338,2017-01-03 09:41:39,48.4700,2,24235.0000,5,B,48.3900,48.3800,48.3600,48.3500,48.3100,48.4700,48.4800,48.4900,48.5000,48.5500,2,6,1,2,3,44,50,2,85,4
SZ,002338,2017-01-03 09:41:42,48.4700,3,87236.0000,18,B,48.3900,48.3800,48.3500,48.3100,48.3000,48.4700,48.4800,48.4900,48.5000,48.5500,2,6,2,3,14,36,50,2,85,4
SZ,002338,2017-01-03 09:41:54,48.4700,3,43609.0000,9,B,48.4000,48.3900,48.3800,48.3500,48.3100,48.4600,48.4700,48.4800,48.4900,48.5000,1,2,8,2,3,5,29,50,2,85
SZ,002338,2017-01-03 09:41:57,48.3800,4,33873.0000,7,S,48.4000,48.3800,48.3500,48.3100,48.3000,48.4600,48.4700,48.4800,48.4900,48.5000,5,5,2,3,14,5,29,50,2,85
SZ,002338,2017-01-03 09:42:06,48.4000,1,19360.0000,4,S,48.4000,48.3900,48.3800,48.3500,48.3100,48.4600,48.4700,48.4800,48.4900,48.5000,1,2,5,2,28,10,29,50,17,85
SZ,002338,2017-01-03 09:42:15,48.4000,1,4840.0000,1,S,48.3900,48.3800,48.3500,48.3200,48.3100,48.4600,48.4700,48.4800,48.4900,48.5000,2,5,2,2,28,10,29,50,17,85
SZ,002338,2017-01-03 09:42:18,48.4600,1,9692.0000,2,B,48.3900,48.3800,48.3500,48.3200,48.3100,48.4600,48.4700,48.4800,48.4900,48.5000,2,5,2,2,28,8,29,50,17,85
SZ,002338,2017-01-03 09:42:21,48.4600,1,14538.0000,3,B,48.3900,48.3800,48.3500,48.3200,48.3100,48.4600,48.4700,48.4800,48.4900,48.5000,2,5,2,2,28,25,29,50,17,85
SZ,002338,2017-01-03 09:42:24,48.3900,2,14517.0000,3,S,48.3800,48.3500,48.3200,48.3100,48.3000,48.3900,48.4600,48.4700,48.4800,48.4900,5,2,2,28,14,3,25,29,50,17
SZ,002338,2017-01-03 09:42:27,48.3900,3,19355.0000,4,B,48.3800,48.3500,48.3200,48.3100,48.3000,48.4600,48.4700,48.4800,48.4900,48.5000,4,2,2,28,14,25,29,50,17,85
SZ,002338,2017-01-03 09:42:36,48.3800,3,14517.0000,3,S,48.4000,48.3800,48.3500,48.3200,48.3100,48.4500,48.4600,48.4700,48.4800,48.4900,1,3,2,15,28,2,25,29,50,17
SZ,002338,2017-01-03 09:42:39,48.4500,4,101763.0000,21,B,48.4000,48.3900,48.3800,48.3500,48.3200,48.4500,48.4600,48.4700,48.4800,48.4900,1,1,3,2,15,1,7,29,50,17
SZ,002338,2017-01-03 09:42:45,48.4500,2,9690.0000,2,B,48.4500,48.4000,48.3900,48.3800,48.3500,48.4600,48.4700,48.4800,48.4900,48.5000,18,1,1,3,2,7,29,50,17,85
SZ,002338,2017-01-03 09:42:54,48.4600,6,140513.0000,29,B,48.4100,48.3900,48.3800,48.3500,48.3200,48.4600,48.4700,48.4800,48.4900,48.5000,1,1,3,2,35,8,29,50,17,85
SZ,002338,2017-01-03 09:42:57,48.3900,3,14519.0000,3,S,48.3800,48.3500,48.3200,48.3100,48.3000,48.3900,48.4600,48.4700,48.4800,48.4900,3,2,35,27,13,48,8,29,50,17
SZ,002338,2017-01-03 09:43:06,48.3300,4,38683.0000,8,S,48.3200,48.3100,48.3000,48.2800,48.2600,48.3300,48.4600,48.4700,48.4800,48.4900,35,27,13,7,12,1,8,29,50,17
SZ,002338,2017-01-03 09:43:09,48.3300,1,4833.0000,1,B,48.3900,48.3200,48.3100,48.3000,48.2800,48.4600,48.4700,48.4800,48.4900,48.5000,4,35,27,13,7,8,29,50,17,85
SZ,002338,2017-01-03 09:43:15,48.3900,1,9678.0000,2,S,48.3900,48.3800,48.3200,48.3100,48.3000,48.4600,48.4700,48.4800,48.4900,48.5000,3,5,35,27,13,8,29,50,17,5
SZ,002338,2017-01-03 09:43:27,48.4000,1,4840.0000,1,S,48.3900,48.3800,48.3300,48.3200,48.3100,48.4500,48.4600,48.4700,48.4800,48.4900,48,5,12,35,27,3,8,29,50,17
SZ,002338,2017-01-03 09:43:33,48.4500,1,9690.0000,2,B,48.4000,48.3900,48.3800,48.3400,48.3300,48.4500,48.4600,48.4700,48.4800,48.4900,9,61,5,6,12,91,88,29,50,17
SZ,002338,2017-01-03 09:43:36,48.4000,1,4840.0000,1,S,48.4000,48.3900,48.3800,48.3400,48.3300,48.4500,48.4600,48.4700,48.4800,48.4900,9,61,5,6,12,91,88,29,50,17
SZ,002338,2017-01-03 09:43:48,48.4200,1,4842.0000,1,S,48.4000,48.3900,48.3800,48.3400,48.3300,48.4300,48.4500,48.4600,48.4700,48.4800,9,75,5,6,12,19,94,88,29,50
SZ,002338,2017-01-03 09:43:51,48.4300,1,33901.0000,7,B,48.4000,48.3900,48.3800,48.3400,48.3300,48.4300,48.4500,48.4600,48.4700,48.4800,9,75,5,6,12,12,94,88,29,50
SZ,002338,2017-01-03 09:43:54,48.4300,1,29058.0000,6,B,48.4000,48.3900,48.3800,48.3400,48.3300,48.4300,48.4500,48.4600,48.4700,48.4800,10,75,5,6,12,6,98,88,29,50
SZ,002338,2017-01-03 09:43:57,48.4000,1,14520.0000,3,S,48.4000,48.3900,48.3800,48.3400,48.3300,48.4300,48.4400,48.4500,48.4600,48.4800,7,75,5,6,12,6,2,98,88,50
SZ,002338,2017-01-03 09:44:00,48.4400,2,38746.0000,8,B,48.4400,48.4000,48.3900,48.3800,48.3400,48.4500,48.4600,48.4800,48.4900,48.5000,2,7,61,5,6,98,88,50,15,5
SZ,002338,2017-01-03 09:44:06,48.4500,3,19378.0000,4,B,48.4400,48.4000,48.3900,48.3800,48.3400,48.4500,48.4600,48.4800,48.4900,48.5000,1,9,61,5,6,96,88,50,15,5
SZ,002338,2017-01-03 09:44:09,48.4400,2,72674.0000,15,S,48.4000,48.3900,48.3800,48.3400,48.3300,48.4400,48.4500,48.4600,48.4800,48.4900,9,61,5,6,12,5,82,88,50,15
SZ,002338,2017-01-03 09:44:12,48.4500,3,96890.0000,20,B,48.4300,48.4000,48.3900,48.3800,48.3400,48.4500,48.4600,48.4800,48.4900,48.5000,5,9,61,5,6,72,88,50,15,5
SZ,002338,2017-01-03 09:44:18,48.4300,1,14529.0000,3,S,48.4300,48.4000,48.3900,48.3800,48.3400,48.4500,48.4600,48.4800,48.4900,48.5000,2,9,61,5,6,72,88,50,15,5
SZ,002338,2017-01-03 09:44:27,48.4000,6,77471.0000,16,S,48.4000,48.3900,48.3800,48.3400,48.3300,48.4500,48.4600,48.4800,48.4900,48.5000,40,61,5,6,12,67,88,50,15,5
SZ,002338,2017-01-03 09:44:36,48.4000,1,24200.0000,5,S,48.4000,48.3900,48.3800,48.3400,48.3300,48.4500,48.4600,48.4800,48.4900,48.5000,35,59,5,6,12,67,88,50,15,5
SZ,002338,2017-01-03 09:44:48,48.4300,2,92015.0000,19,B,48.4000,48.3900,48.3800,48.3400,48.3300,48.4300,48.4500,48.4600,48.4800,48.4900,35,59,5,6,12,37,67,88,50,15
SZ,002338,2017-01-03 09:44:57,48.4000,2,33886.0000,7,S,48.4000,48.3900,48.3800,48.3400,48.3300,48.4300,48.4500,48.4600,48.4800,48.4900,33,59,5,6,12,35,67,88,50,15
SZ,002338,2017-01-03 09:45:06,48.4000,2,9681.0000,2,S,48.4100,48.4000,48.3900,48.3800,48.3400,48.4200,48.4300,48.4500,48.4600,48.4900,20,34,59,5,6,26,36,67,88,15
SZ,002338,2017-01-03 09:45:09,48.4200,2,20530.0000,4,B,48.4100,48.4000,48.3900,48.3800,48.3400,48.4200,48.4300,48.4500,48.4600,48.4900,19,34,59,5,6,22,36,67,88,15
SZ,002338,2017-01-03 09:45:12,48.4500,5,527931.0000,109,B,48.4100,48.4000,48.3900,48.3800,48.3400,48.4500,48.4600,48.4900,48.5000,48.5500,10,34,59,5,6,25,88,15,5,4
SZ,002338,2017-01-03 09:45:18,48.4500,2,14532.0000,3,B,48.4200,48.4100,48.4000,48.3900,48.3800,48.4500,48.4600,48.4900,48.5000,48.5500,21,10,34,59,5,6,88,15,5,4
SZ,002338,2017-01-03 09:45:27,48.4000,4,154933.0000,32,S,48.4300,48.4200,48.4000,48.3900,48.3800,48.4500,48.4600,48.4900,48.5000,48.5500,1,7,33,59,5,6,88,15,5,4
SZ,002338,2017-01-03 09:45:36,48.4000,3,43577.0000,9,S,48.4000,48.3900,48.3800,48.3400,48.3300,48.4500,48.4600,48.4900,48.5000,48.5500,32,59,5,6,12,6,88,15,5,4
SZ,002338,2017-01-03 09:45:39,48.4000,1,9680.0000,2,S,48.4000,48.3900,48.3800,48.3400,48.3300,48.4500,48.4600,48.4900,48.5000,48.5500,30,59,5,6,12,6,88,15,5,4
SZ,002338,2017-01-03 09:45:42,48.4500,2,19380.0000,4,B,48.4000,48.3900,48.3800,48.3400,48.3300,48.4500,48.4600,48.4900,48.5000,48.5500,30,59,5,6,12,2,88,15,5,4
SZ,002338,2017-01-03 09:45:45,48.4500,1,9690.0000,2,B,48.4500,48.4100,48.4000,48.3900,48.3800,48.4600,48.4900,48.5000,48.5500,48.6000,48,1,35,59,5,88,15,5,4,8
SZ,002338,2017-01-03 09:45:48,48.4500,1,14535.0000,3,S,48.4500,48.4100,48.4000,48.3900,48.3800,48.4600,48.4900,48.5000,48.5500,48.6000,61,1,40,59,5,88,15,5,4,8
SZ,002338,2017-01-03 09:45:51,48.4500,1,24225.0000,5,S,48.4500,48.4100,48.4000,48.3900,48.3800,48.4600,48.4900,48.5000,48.5500,48.6000,56,1,40,59,5,88,15,5,4,8
SZ,002338,2017-01-03 09:45:57,48.4600,3,450141.0000,93,B,48.4600,48.4500,48.4100,48.4000,48.3900,48.4900,48.5000,48.5500,48.6000,48.6400,11,52,1,40,59,15,5,4,8,9
SZ,002338,2017-01-03 09:46:00,48.4900,1,72735.0000,15,B,48.4600,48.4500,48.4100,48.4000,48.3900,48.5000,48.5500,48.6000,48.6400,48.6600,11,52,1,40,59,5,4,8,9,1
SZ,002338,2017-01-03 09:46:03,48.5000,1,19400.0000,4,B,48.4700,48.4600,48.4500,48.4100,48.4000,48.5000,48.5500,48.6000,48.6400,48.6600,1,61,52,1,40,1,4,8,9,1
SZ,002338,2017-01-03 09:46:06,48.4600,3,125997.0000,26,S,48.4600,48.4500,48.4100,48.4000,48.3900,48.5000,48.5500,48.6000,48.6400,48.6600,36,52,1,35,59,1,4,8,9,1
SZ,002338,2017-01-03 09:46:15,48.5000,1,4850.0000,1,B,48.5000,48.4800,48.4700,48.4600,48.4500,48.5500,48.6000,48.6400,48.6600,48.6800,15,1,3,36,52,2,8,9,1,12
SZ,002338,2017-01-03 09:46:18,48.5500,2,72760.0000,15,B,48.5500,48.5000,48.4800,48.4700,48.4600,48.6000,48.6400,48.6600,48.6800,48.7000,4,3,1,3,36,8,9,1,12,2
SZ,002338,2017-01-03 09:46:27,48.5500,1,19420.0000,4,S,48.5600,48.5400,48.5000,48.4600,48.4500,48.6000,48.6400,48.6600,48.6800,48.7000,1,10,5,36,52,8,9,1,12,2
SZ,002338,2017-01-03 09:46:33,48.6000,1,4860.0000,1,B,48.5600,48.5500,48.5000,48.4600,48.4500,48.6000,48.6400,48.6700,48.6800,48.7000,1,85,5,36,52,7,9,5,12,2
SZ,002338,2017-01-03 09:46:36,48.5600,2,9712.0000,2,S,48.5600,48.5500,48.5000,48.4600,48.4500,48.6000,48.6400,48.6700,48.6800,48.7000,2,85,5,36,52,7,9,5,3,2
SZ,002338,2017-01-03 09:46:48,48.6000,1,9720.0000,2,B,48.5600,48.5500,48.5000,48.4800,48.4600,48.6000,48.6400,48.6700,48.6800,48.7000,7,85,3,2,36,5,9,15,3,2
SZ,002338,2017-01-03 09:46:54,48.5600,4,48561.0000,10,S,48.5500,48.5000,48.4800,48.4600,48.4500,48.5600,48.6000,48.6400,48.6700,48.6800,85,3,2,36,36,2,5,9,25,3
SZ,002338,2017-01-03 09:46:57,48.5600,2,14567.0000,3,B,48.5700,48.5500,48.5000,48.4800,48.4600,48.6000,48.6400,48.6600,48.6700,48.6800,1,84,3,2,36,5,9,1,25,3
SZ,002338,2017-01-03 09:47:00,48.6000,2,24300.0000,5,B,48.6000,48.5700,48.5500,48.5000,48.4800,48.6400,48.6600,48.6700,48.6800,48.7000,1,1,84,3,2,9,1,25,3,2
SZ,002338,2017-01-03 09:47:06,48.5500,3,19427.0000,4,S,48.5500,48.5000,48.4800,48.4600,48.4500,48.6400,48.6600,48.6700,48.6800,48.7000,94,3,2,36,36,9,21,27,3,4
SZ,002338,2017-01-03 09:47:09,48.5500,3,169955.0000,35,S,48.6100,48.5500,48.5000,48.4800,48.4600,48.6400,48.6600,48.6700,48.6800,48.7000,1,74,3,2,36,9,31,32,3,4
SZ,002338,2017-01-03 09:47:12,48.6400,1,14592.0000,3,B,48.6100,48.5500,48.5000,48.4800,48.4600,48.6400,48.6600,48.6700,48.6800,48.7000,1,74,3,2,36,6,31,32,3,4
SZ,002338,2017-01-03 09:47:15,48.6100,1,4861.0000,1,S,48.6000,48.5700,48.5500,48.5000,48.4800,48.6400,48.6600,48.6700,48.6800,48.7000,27,30,74,3,2,6,31,32,3,4
SZ,002338,2017-01-03 09:47:18,48.6000,1,9720.0000,2,S,48.6000,48.5700,48.5500,48.5000,48.4800,48.6400,48.6600,48.6700,48.6800,48.7000,25,80,74,3,2,6,31,32,3,4
SZ,002338,2017-01-03 09:47:24,48.6400,1,4864.0000,1,B,48.6000,48.5700,48.5500,48.5000,48.4800,48.6400,48.6600,48.6700,48.6800,48.7000,25,80,56,3,2,5,31,32,3,4
SZ,002338,2017-01-03 09:47:27,48.6000,5,106980.0000,22,S,48.6000,48.5700,48.5500,48.5000,48.4800,48.6600,48.6700,48.6800,48.7000,48.8800,18,80,56,3,2,31,32,3,4,4
SZ,002338,2017-01-03 09:47:36,48.6400,3,38913.0000,8,S,48.6400,48.6100,48.6000,48.5700,48.5500,48.6600,48.6700,48.6800,48.7000,48.8800,10,67,18,80,56,36,27,3,4,4
SZ,002338,2017-01-03 09:47:48,48.6400,1,9728.0000,2,S,48.6400,48.6100,48.6000,48.5700,48.5500,48.6500,48.6600,48.6700,48.6800,48.7000,8,67,18,80,96,29,31,25,3,4
SZ,002338,2017-01-03 09:47:51,48.6400,5,126482.0000,26,S,48.6100,48.6000,48.5700,48.5500,48.5000,48.6400,48.6500,48.6600,48.6700,48.6800,67,18,80,96,3,62,9,36,25,3
SZ,002338,2017-01-03 09:47:57,48.6400,2,102141.0000,21,B,48.6100,48.6000,48.5700,48.5500,48.5000,48.6400,48.6500,48.6600,48.6700,48.6800,66,18,80,96,3,43,4,36,25,3
SZ,002338,2017-01-03 09:48:06,48.6100,2,209023.0000,43,S,48.6100,48.6000,48.5700,48.5500,48.5000,48.6300,48.6400,48.6500,48.6600,48.6700,23,18,80,96,3,5,11,4,36,25
SZ,002338,2017-01-03 09:48:12,48.6200,9,257833.0000,53,S,48.6200,48.6100,48.6000,48.5700,48.5500,48.6300,48.6600,48.6700,48.6800,48.7000,7,40,18,80,96,1,2,25,3,4
SZ,002338,2017-01-03 09:48:18,48.5700,9,573386.0000,118,S,48.5700,48.5500,48.5000,48.4800,48.4600,48.6300,48.6500,48.6600,48.6700,48.6800,30,96,3,2,36,3,5,2,25,3
SZ,002338,2017-01-03 09:48:27,48.5500,2,233100.0000,48,S,48.5500,48.5000,48.4800,48.4600,48.4500,48.6200,48.6300,48.6500,48.6600,48.6700,78,3,2,36,37,15,5,5,2,20
SZ,002338,2017-01-03 09:48:36,48.6200,4,97240.0000,20,B,48.5500,48.5000,48.4800,48.4600,48.4500,48.6300,48.6500,48.6600,48.6700,48.6800,78,3,2,36,37,5,5,12,20,3
SZ,002338,2017-01-03 09:48:39,48.5500,1,14565.0000,3,S,48.5500,48.5000,48.4800,48.4600,48.4500,48.6300,48.6500,48.6600,48.6700,48.6800,75,3,2,36,37,5,5,12,20,3
SZ,002338,2017-01-03 09:48:42,48.5500,1,4855.0000,1,S,48.5500,48.5000,48.4800,48.4600,48.4500,48.5700,48.6300,48.6500,48.6600,48.6700,74,43,2,36,37,2,5,5,12,20
SZ,002338,2017-01-03 09:48:45,48.5500,1,97100.0000,20,S,48.5500,48.5000,48.4800,48.4600,48.4500,48.5700,48.6300,48.6500,48.6600,48.6700,54,43,2,36,37,2,5,5,12,20
SZ,002338,2017-01-03 09:48:48,48.7000,14,243300.0000,50,B,48.5500,48.5000,48.4800,48.4600,48.4500,48.6600,48.7000,48.7900,48.8800,48.9000,54,43,2,36,37,4,1,5,5,2
SZ,002338,2017-01-03 09:48:51,48.5500,1,9710.0000,2,S,48.5700,48.5500,48.5000,48.4800,48.4600,48.6300,48.6600,48.7000,48.7900,48.8800,4,110,43,2,36,5,4,1,5,5
SZ,002338,2017-01-03 09:48:57,48.5500,4,97108.0000,20,S,48.5800,48.5600,48.5500,48.5000,48.4800,48.6300,48.6500,48.6600,48.7000,48.7900,1,7,94,43,2,5,5,4,1,5
SZ,002338,2017-01-03 09:49:06,48.5800,2,29148.0000,6,S,48.5800,48.5600,48.5500,48.5000,48.4800,48.6300,48.6500,48.6600,48.7000,48.7900,2,7,94,43,2,5,5,4,1,5
SZ,002338,2017-01-03 09:49:12,48.6500,2,48640.0000,10,B,48.5800,48.5600,48.5500,48.5000,48.4800,48.6600,48.7000,48.7900,48.8800,48.9000,2,8,94,43,2,4,1,5,5,2
SZ,002338,2017-01-03 09:49:15,48.5600,3,19435.0000,4,S,48.5600,48.5500,48.5000,48.4800,48.4600,48.6600,48.7000,48.7900,48.8800,48.9000,7,94,43,2,36,4,1,5,5,2
SZ,002338,2017-01-03 09:49:18,48.6600,1,19464.0000,4,B,48.6600,48.5700,48.5600,48.5500,48.5000,48.6800,48.7000,48.7900,48.8800,48.9000,1,30,8,94,43,1,1,5,5,2
SZ,002338,2017-01-03 09:49:21,48.6600,1,4866.0000,1,S,48.5700,48.5600,48.5500,48.5000,48.4800,48.6500,48.6800,48.7000,48.7900,48.8800,33,8,94,43,2,4,1,1,5,5
SZ,002338,2017-01-03 09:49:27,48.5800,1,14574.0000,3,S,48.5800,48.5700,48.5600,48.5500,48.5000,48.6500,48.6800,48.7000,48.7900,48.8800,17,33,8,94,43,4,1,1,5,5
SZ,002338,2017-01-03 09:49:30,48.7000,3,29198.0000,6,B,48.7000,48.5800,48.5700,48.5600,48.5500,48.7900,48.8800,48.9000,48.9600,48.9700,4,18,33,8,94,5,5,2,2,23
SZ,002338,2017-01-03 09:49:33,48.7000,1,19480.0000,4,S,48.5800,48.5700,48.5600,48.5500,48.5000,48.6000,48.6900,48.7900,48.8800,48.9000,18,33,8,94,43,12,5,5,5,2
SZ,002338,2017-01-03 09:49:36,48.5800,2,53458.0000,11,S,48.5800,48.5700,48.5600,48.5500,48.5000,48.6000,48.6500,48.6900,48.7900,48.8800,30,33,8,94,43,2,1,5,5,5
SZ,002338,2017-01-03 09:49:39,48.6000,1,9720.0000,2,B,48.6000,48.5900,48.5800,48.5700,48.5600,48.6500,48.6900,48.7900,48.8800,48.9000,6,1,30,30,8,1,5,5,5,7
SZ,002338,2017-01-03 09:49:45,48.6000,3,34030.0000,7,S,48.6000,48.5900,48.5800,48.5700,48.5600,48.6900,48.7900,48.8800,48.9000,48.9700,11,1,30,30,8,5,5,5,7,23
SZ,002338,2017-01-03 09:49:48,48.6000,3,24327.0000,5,S,48.6000,48.5900,48.5800,48.5700,48.5600,48.6900,48.7900,48.8800,48.9000,48.9700,10,1,30,30,8,2,5,5,7,23
SZ,002338,2017-01-03 09:49:57,48.6200,1,14586.0000,3,S,48.6000,48.5800,48.5700,48.5600,48.5500,48.6500,48.6900,48.7900,48.8700,48.8800,10,30,30,8,94,5,2,5,2,5
SZ,002338,2017-01-03 09:50:00,48.6500,1,9730.0000,2,B,48.6100,48.6000,48.5800,48.5700,48.5600,48.6500,48.6900,48.7900,48.8700,48.8800,1,10,30,30,8,3,2,5,7,5
SZ,002338,2017-01-03 09:50:03,48.6100,1,4861.0000,1,S,48.6000,48.5800,48.5700,48.5600,48.5500,48.6500,48.6900,48.7900,48.8700,48.8800,10,30,30,8,94,3,2,5,7,5
SZ,002338,2017-01-03 09:50:06,48.6500,2,24315.0000,5,B,48.6500,48.6000,48.5800,48.5700,48.5600,48.6900,48.7900,48.8700,48.8800,48.9000,29,8,30,30,8,2,5,7,5,7
SZ,002338,2017-01-03 09:50:09,48.6500,1,24325.0000,5,S,48.6500,48.6000,48.5800,48.5700,48.5600,48.6900,48.7900,48.8700,48.8800,48.9000,24,8,30,38,8,2,5,7,5,7
SZ,002338,2017-01-03 09:50:15,48.6500,1,14595.0000,3,S,48.6500,48.6000,48.5800,48.5700,48.5600,48.6900,48.7900,48.8700,48.8800,48.9000,21,8,30,38,7,2,5,7,5,7
SZ,002338,2017-01-03 09:50:24,48.6900,1,9738.0000,2,B,48.6600,48.6500,48.6000,48.5800,48.5700,48.7900,48.8700,48.8800,48.9000,48.9500,1,21,8,30,38,5,5,5,7,5
SZ,002338,2017-01-03 09:50:27,48.6500,3,48651.0000,10,S,48.6500,48.6000,48.5800,48.5700,48.5600,48.7900,48.8700,48.8800,48.9000,48.9500,12,8,30,38,7,5,5,5,7,5
SZ,002338,2017-01-03 09:50:33,48.6500,1,14595.0000,3,S,48.6500,48.6000,48.5800,48.5700,48.5600,48.7900,48.8000,48.8700,48.8800,48.9000,9,8,30,38,7,5,1,5,5,7
SZ,002338,2017-01-03 09:50:36,48.6500,6,111852.0000,23,B,48.5800,48.5700,48.5600,48.5500,48.5000,48.6500,48.7900,48.8000,48.8700,48.8800,16,38,7,94,43,3,5,1,5,5
SZ,002338,2017-01-03 09:50:42,48.6500,1,4865.0000,1,B,48.5800,48.5700,48.5600,48.5500,48.5000,48.6500,48.7900,48.8000,48.8700,48.8800,16,38,7,94,43,2,5,1,5,5
SZ,002338,2017-01-03 09:50:45,48.5800,1,34006.0000,7,S,48.5800,48.5700,48.5600,48.5500,48.5000,48.6500,48.7900,48.8000,48.8700,48.8800,9,38,7,94,43,2,5,1,5,5
SZ,002338,2017-01-03 09:50:51,48.6500,1,9730.0000,2,B,48.6800,48.6000,48.5800,48.5700,48.5600,48.7900,48.8000,48.8700,48.8800,48.9000,8,10,34,38,7,5,1,5,5,7
SZ,002338,2017-01-03 09:50:57,48.6800,1,14604.0000,3,S,48.6800,48.6000,48.5800,48.5700,48.5600,48.7900,48.8000,48.8700,48.8800,48.9000,5,10,34,38,7,5,1,5,5,7
SZ,002338,2017-01-03 09:51:00,48.6800,1,24340.0000,5,S,48.6000,48.5800,48.5700,48.5600,48.5500,48.6800,48.7900,48.8000,48.8700,48.8800,10,29,38,7,94,13,5,1,5,5
SZ,002338,2017-01-03 09:51:03,48.6800,1,24340.0000,5,B,48.6000,48.5800,48.5700,48.5600,48.5500,48.6800,48.7900,48.8000,48.8700,48.8800,10,29,38,7,94,8,5,1,5,5
SZ,002338,2017-01-03 09:51:06,48.6000,2,9721.0000,2,S,48.6000,48.5800,48.5700,48.5600,48.5500,48.6800,48.7900,48.8000,48.8700,48.8800,9,29,38,7,94,8,5,1,5,5
SZ,002338,2017-01-03 09:51:15,48.6000,3,29160.0000,6,S,48.6000,48.5800,48.5700,48.5600,48.5500,48.6800,48.7900,48.8000,48.8700,48.8800,8,29,38,7,94,18,5,1,5,5
SZ,002338,2017-01-03 09:51:27,48.6500,1,9730.0000,2,S,48.6500,48.6000,48.5800,48.5700,48.5600,48.6800,48.7900,48.8000,48.8500,48.8600,104,14,29,38,7,16,5,3,3,10
SZ,002338,2017-01-03 09:51:36,48.6500,1,4865.0000,1,S,48.6500,48.6000,48.5800,48.5700,48.5600,48.6800,48.7900,48.8000,48.8500,48.8600,103,12,29,38,7,16,7,3,3,10
SZ,002338,2017-01-03 09:51:42,48.6500,1,14595.0000,3,S,48.6500,48.6000,48.5800,48.5700,48.5600,48.6800,48.7900,48.8000,48.8400,48.8500,105,12,9,38,7,16,7,3,5,3
SZ,002338,2017-01-03 09:51:45,48.6500,4,116820.0000,24,S,48.6500,48.6000,48.5800,48.5700,48.5600,48.7900,48.8000,48.8400,48.8500,48.8600,101,12,9,38,7,7,3,5,3,10
SZ,002338,2017-01-03 09:51:54,48.7900,1,4879.0000,1,B,48.6800,48.6600,48.6500,48.6000,48.5800,48.7900,48.8000,48.8400,48.8500,48.8700,1,1,119,12,9,26,3,5,3,5
SZ,002338,2017-01-03 09:51:57,48.6500,3,38924.0000,8,S,48.6500,48.6000,48.5800,48.5700,48.5600,48.7900,48.8000,48.8400,48.8500,48.8700,113,12,9,38,7,26,3,5,3,5
SZ,002338,2017-01-03 09:52:06,48.6600,3,14598.0000,3,S,48.6600,48.6500,48.6000,48.5800,48.5700,48.6800,48.7900,48.8000,48.8400,48.8700,5,115,12,9,38,1,26,3,7,5
SZ,002338,2017-01-03 09:52:09,48.6600,1,4866.0000,1,S,48.6600,48.6500,48.6000,48.5800,48.5700,48.6800,48.7800,48.7900,48.8000,48.8400,9,115,68,9,38,1,44,26,3,7
SZ,002338,2017-01-03 09:52:12,48.7800,2,29258.0000,6,B,48.6600,48.6500,48.6000,48.5800,48.5700,48.7800,48.7900,48.8000,48.8400,48.8700,9,110,68,9,38,56,26,3,7,5
SZ,002338,2017-01-03 09:52:15,48.6600,2,19464.0000,4,S,48.6600,48.6500,48.6000,48.5800,48.5700,48.7800,48.7900,48.8000,48.8400,48.8700,8,110,68,9,38,56,26,3,7,5
SZ,002338,2017-01-03 09:52:27,48.6600,1,14598.0000,3,S,48.6800,48.6600,48.6500,48.6000,48.5800,48.7700,48.7800,48.7900,48.8000,48.8400,6,3,110,61,9,8,22,26,3,7
SZ,002338,2017-01-03 09:52:36,48.7000,1,4870.0000,1,S,48.7000,48.6800,48.6600,48.6500,48.6000,48.7600,48.7700,48.7800,48.7900,48.8000,6,6,9,111,61,11,42,22,26,3
SZ,002338,2017-01-03 09:52:45,48.7100,1,4871.0000,1,S,48.7000,48.6800,48.6600,48.6500,48.6000,48.7600,48.7700,48.7800,48.7900,48.8000,6,6,11,111,61,11,10,17,6,3
SZ,002338,2017-01-03 09:52:57,48.7000,3,48702.0000,10,S,48.7100,48.7000,48.6800,48.6600,48.6500,48.7500,48.7600,48.7700,48.7800,48.7900,132,6,6,8,91,34,31,10,17,6
SZ,002338,2017-01-03 09:53:03,48.7100,1,63323.0000,13,S,48.7100,48.7000,48.6800,48.6600,48.6500,48.7500,48.7600,48.7700,48.7800,48.7900,139,9,6,17,91,34,31,10,17,6
SZ,002338,2017-01-03 09:53:06,48.7100,3,29227.0000,6,S,48.7100,48.7000,48.6800,48.6600,48.6500,48.7500,48.7600,48.7700,48.7800,48.7900,134,9,6,17,91,32,20,5,17,6
SZ,002338,2017-01-03 09:53:15,48.7100,4,121878.0000,25,S,48.7100,48.7000,48.6800,48.6600,48.6500,48.7700,48.7800,48.7900,48.8000,48.8400,132,6,6,17,91,3,17,6,3,7
SZ,002338,2017-01-03 09:53:27,48.7200,1,34104.0000,7,S,48.7200,48.7100,48.6800,48.6600,48.6500,48.7600,48.7700,48.7800,48.7900,48.8000,3,135,6,17,90,5,3,17,6,3
SZ,002338,2017-01-03 09:53:30,48.7500,4,107173.0000,22,B,48.7100,48.6800,48.6600,48.6500,48.6000,48.7600,48.7700,48.7800,48.7900,48.8000,118,6,17,90,61,5,3,17,6,3
SZ,002338,2017-01-03 09:53:33,48.7600,1,24380.0000,5,B,48.7100,48.6800,48.6600,48.6500,48.6000,48.7700,48.7800,48.7900,48.8000,48.8400,118,6,17,90,61,3,17,6,3,7
SZ,002338,2017-01-03 09:53:36,48.7100,1,43839.0000,9,S,48.7100,48.6800,48.6600,48.6500,48.6000,48.7700,48.7800,48.7900,48.8000,48.8400,106,6,17,90,61,3,17,6,3,7
SZ,002338,2017-01-03 09:53:39,48.7100,1,19484.0000,4,S,48.7100,48.6800,48.6600,48.6500,48.6000,48.7700,48.7800,48.7900,48.8000,48.8400,108,6,17,90,61,3,17,6,3,7
SZ,002338,2017-01-03 09:53:45,48.7100,2,24361.0000,5,S,48.7100,48.6800,48.6600,48.6500,48.6000,48.7700,48.7800,48.7900,48.8000,48.8400,104,6,8,90,61,2,17,6,3,7
SZ,002338,2017-01-03 09:53:51,48.7100,1,14613.0000,3,S,48.7100,48.6800,48.6600,48.6500,48.6000,48.7600,48.7700,48.7800,48.7900,48.8000,86,6,8,90,61,10,13,17,6,3
SZ,002338,2017-01-03 09:53:57,48.7100,2,14614.0000,3,S,48.7100,48.6800,48.6600,48.6500,48.6000,48.7600,48.7700,48.7800,48.7900,48.8000,84,6,8,90,61,45,13,17,6,3
SZ,002338,2017-01-03 09:54:00,48.7100,1,19484.0000,4,S,48.7100,48.6800,48.6600,48.6500,48.6000,48.7600,48.7700,48.7800,48.7900,48.8000,75,6,8,90,61,42,13,17,6,3
SZ,002338,2017-01-03 09:54:03,48.7100,1,97420.0000,20,S,48.7100,48.6800,48.6600,48.6500,48.6000,48.7500,48.7600,48.7700,48.7800,48.7900,55,6,8,90,61,9,42,13,17,6
SZ,002338,2017-01-03 09:54:06,48.7100,1,9742.0000,2,S,48.7100,48.6800,48.6600,48.6500,48.6000,48.7500,48.7600,48.7700,48.7800,48.7900,73,8,8,90,61,9,42,2,17,6
SZ,002338,2017-01-03 09:54:09,48.7100,5,355583.0000,73,S,48.6800,48.6600,48.6500,48.6000,48.5800,48.7100,48.7500,48.7600,48.7700,48.7800,8,8,90,61,8,29,9,42,3,17
SZ,002338,2017-01-03 09:54:12,48.6800,1,19472.0000,4,S,48.6800,48.6600,48.6500,48.6000,48.5800,48.7100,48.7500,48.7600,48.7700,48.7800,4,8,90,61,8,64,9,10,3,17
SZ,002338,2017-01-03 09:54:15,48.6500,5,160583.0000,33,S,48.6500,48.6000,48.5800,48.5700,48.5600,48.6800,48.7100,48.7500,48.7600,48.7700,72,61,10,38,1,14,62,9,10,3
SZ,002338,2017-01-03 09:54:18,48.6800,2,9736.0000,2,B,48.6500,48.6000,48.5800,48.5700,48.5600,48.6800,48.7100,48.7500,48.7600,48.7700,72,61,10,38,1,12,73,9,10,3
SZ,002338,2017-01-03 09:54:27,48.6500,4,82711.0000,17,S,48.6500,48.6000,48.5800,48.5700,48.5600,48.6800,48.7000,48.7100,48.7500,48.7700,57,61,10,38,1,10,1,17,5,3
SZ,002338,2017-01-03 09:54:30,48.6500,1,14595.0000,3,S,48.6500,48.6000,48.5800,48.5700,48.5600,48.6800,48.7000,48.7100,48.7500,48.7700,54,61,10,38,1,10,1,17,5,3
SZ,002338,2017-01-03 09:54:36,48.6500,2,53515.0000,11,S,48.6500,48.6000,48.5800,48.5700,48.5600,48.6800,48.7000,48.7100,48.7500,48.7700,43,61,10,38,1,10,1,16,5,3
SZ,002338,2017-01-03 09:54:39,48.6500,3,92436.0000,19,S,48.6500,48.6000,48.5800,48.5700,48.5600,48.6800,48.7000,48.7100,48.7500,48.7700,25,61,10,38,1,10,1,16,5,3
SZ,002338,2017-01-03 09:54:42,48.6500,2,121625.0000,25,S,48.6000,48.5800,48.5700,48.5600,48.5500,48.6500,48.6800,48.7000,48.7100,48.7500,61,10,38,1,36,5,10,1,16,5
SZ,002338,2017-01-03 09:54:45,48.6000,4,38880.0000,8,S,48.6000,48.5800,48.5700,48.5600,48.5500,48.6500,48.6800,48.7000,48.7100,48.7500,53,10,38,1,36,5,10,1,16,5
SZ,002338,2017-01-03 09:54:57,48.6000,2,97200.0000,20,S,48.6000,48.5800,48.5700,48.5600,48.5500,48.6500,48.6800,48.7000,48.7100,48.7500,33,10,38,1,36,5,10,1,16,5
SZ,002338,2017-01-03 09:55:06,48.6000,1,24300.0000,5,S,48.6000,48.5800,48.5700,48.5600,48.5500,48.6500,48.7100,48.7500,48.7700,48.7800,28,10,38,1,36,5,6,5,3,12
SZ,002338,2017-01-03 09:55:09,48.6000,2,48600.0000,10,S,48.6000,48.5800,48.5700,48.5600,48.5500,48.6500,48.7100,48.7500,48.7700,48.7800,18,10,38,1,36,5,6,5,3,12
SZ,002338,2017-01-03 09:55:12,48.6000,3,77820.0000,16,S,48.6000,48.5800,48.5700,48.5600,48.5500,48.7100,48.7500,48.7700,48.7800,48.7900,17,10,38,1,36,1,5,3,12,6
SZ,002338,2017-01-03 09:55:15,48.6000,1,19440.0000,4,S,48.6000,48.5800,48.5700,48.5600,48.5500,48.7100,48.7500,48.7700,48.7800,48.7900,13,10,38,1,36,1,5,3,12,6
SZ,002338,2017-01-03 09:55:21,48.6000,3,68041.0000,14,S,48.5800,48.5700,48.5600,48.5500,48.5000,48.6000,48.7000,48.7100,48.7400,48.7500,10,38,1,36,42,1,20,1,3,5
SZ,002338,2017-01-03 09:55:24,48.6000,1,4860.0000,1,B,48.5800,48.5700,48.5600,48.5500,48.5000,48.6000,48.7000,48.7100,48.7400,48.7500,10,38,1,36,42,5,20,1,3,5
SZ,002338,2017-01-03 09:55:27,48.5800,3,48580.0000,10,S,48.5700,48.5600,48.5500,48.5000,48.4800,48.6000,48.7000,48.7100,48.7400,48.7500,38,1,36,42,2,5,20,1,3,5
SZ,002338,2017-01-03 09:55:30,48.5700,1,19428.0000,4,S,48.5700,48.5600,48.5500,48.5000,48.4800,48.5800,48.6000,48.7000,48.7100,48.7400,34,1,36,42,2,10,14,20,1,3
SZ,002338,2017-01-03 09:55:36,48.5700,2,53427.0000,11,S,48.5700,48.5600,48.5500,48.5000,48.4800,48.5800,48.6000,48.7000,48.7100,48.7400,23,1,36,42,2,10,14,20,1,3
SZ,002338,2017-01-03 09:55:42,48.5800,1,19432.0000,4,B,48.5800,48.5700,48.5600,48.5500,48.5000,48.6000,48.7000,48.7100,48.7400,48.7500,6,23,1,36,42,15,20,1,3,5
SZ,002338,2017-01-03 09:55:45,48.5800,2,38874.0000,8,S,48.5800,48.5700,48.5600,48.5500,48.5000,48.6000,48.7000,48.7100,48.7400,48.7500,3,23,1,36,42,10,20,1,3,5
SZ,002338,2017-01-03 09:55:48,48.5800,2,14576.0000,3,S,48.5800,48.5700,48.5600,48.5500,48.5000,48.6000,48.7000,48.7100,48.7400,48.7500,1,23,1,36,42,9,20,1,3,5
SZ,002338,2017-01-03 09:55:51,48.5700,2,48571.0000,10,S,48.5700,48.5600,48.5500,48.5000,48.4800,48.6000,48.7000,48.7100,48.7400,48.7500,14,1,36,42,2,9,20,1,3,5
SZ,002338,2017-01-03 09:55:57,48.5700,4,43713.0000,9,S,48.5700,48.5600,48.5500,48.5000,48.4800,48.6000,48.7000,48.7100,48.7400,48.7500,7,1,36,42,2,9,20,1,3,5
SZ,002338,2017-01-03 09:56:00,48.5700,1,4857.0000,1,S,48.5800,48.5700,48.5600,48.5500,48.5000,48.6000,48.7000,48.7100,48.7400,48.7500,1,6,1,36,42,9,20,1,3,5
SZ,002338,2017-01-03 09:56:06,48.5700,3,29143.0000,6,S,48.5700,48.5600,48.5500,48.5000,48.4800,48.6000,48.7000,48.7100,48.7400,48.7500,1,1,39,42,2,9,20,1,3,5
SZ,002338,2017-01-03 09:56:15,48.5600,2,9713.0000,2,S,48.5500,48.5000,48.4800,48.4600,48.4500,48.6000,48.6500,48.7000,48.7100,48.7400,39,42,2,36,37,1,2,20,1,4
SZ,002338,2017-01-03 09:56:18,48.6000,1,4860.0000,1,B,48.6000,48.5500,48.5000,48.4800,48.4600,48.6500,48.7000,48.7100,48.7400,48.7500,9,39,42,2,36,2,20,1,4,5
SZ,002338,2017-01-03 09:56:36,48.6000,1,4860.0000,1,S,48.6000,48.5600,48.5500,48.5000,48.4800,48.6800,48.6900,48.7000,48.7100,48.7400,8,36,39,42,2,5,32,20,1,4
SZ,002338,2017-01-03 09:56:39,48.6500,1,9730.0000,2,B,48.6500,48.6000,48.5600,48.5500,48.5000,48.6800,48.6900,48.7000,48.7100,48.7400,28,8,36,40,42,5,32,20,1,4
SZ,002338,2017-01-03 09:56:54,48.6500,2,97301.0000,20,S,48.6500,48.6000,48.5600,48.5500,48.5000,48.6800,48.7000,48.7100,48.7400,48.7500,9,8,36,40,42,10,20,1,4,5
SZ,002338,2017-01-03 09:56:57,48.6500,1,24325.0000,5,S,48.6500,48.6000,48.5600,48.5500,48.5000,48.6800,48.7000,48.7100,48.7400,48.7500,4,8,36,40,42,10,20,1,4,5
SZ,002338,2017-01-03 09:57:03,48.6500,1,19460.0000,4,S,48.6000,48.5600,48.5500,48.5000,48.4800,48.6500,48.6800,48.7000,48.7100,48.7400,8,36,40,42,2,28,10,20,1,1
SZ,002338,2017-01-03 09:57:06,48.6000,1,34020.0000,7,S,48.6000,48.5600,48.5500,48.5000,48.4800,48.6500,48.6800,48.7000,48.7100,48.7400,1,36,40,42,2,28,10,20,1,1
SZ,002338,2017-01-03 09:57:15,48.6000,3,24288.0000,5,S,48.5600,48.5500,48.5000,48.4800,48.4600,48.6000,48.6400,48.6500,48.6900,48.7400,33,40,42,2,36,1,1,36,5,1
SZ,002338,2017-01-03 09:57:18,48.6000,1,4860.0000,1,B,48.6100,48.5700,48.5600,48.5500,48.5000,48.6400,48.6500,48.6900,48.7400,48.7500,27,10,33,40,42,1,36,5,1,5
SZ,002338,2017-01-03 09:57:27,48.6100,2,9723.0000,2,S,48.6100,48.5700,48.5600,48.5500,48.5000,48.6400,48.6500,48.6900,48.7400,48.7500,26,10,33,40,42,1,36,5,1,5
SZ,002338,2017-01-03 09:57:36,48.5000,7,534254.0000,110,S,48.5000,48.4800,48.4600,48.4500,48.4100,48.5600,48.6100,48.6200,48.6400,48.6500,41,2,36,37,2,1,9,2,1,36
SZ,002338,2017-01-03 09:57:42,48.6100,2,9717.0000,2,B,48.5700,48.5000,48.4800,48.4600,48.4500,48.6100,48.6200,48.6400,48.6500,48.6900,2,41,2,36,37,8,2,1,36,5
SZ,002338,2017-01-03 09:57:48,48.5000,3,145514.0000,30,S,48.5000,48.4800,48.4600,48.4500,48.4000,48.6100,48.6200,48.6400,48.6500,48.6900,13,2,36,37,10,15,2,1,36,5
SZ,002338,2017-01-03 09:57:54,48.4600,5,106709.0000,22,S,48.4600,48.4500,48.4000,48.3900,48.3800,48.6000,48.6100,48.6200,48.6400,48.6500,32,37,10,13,5,8,126,2,13,28
SZ,002338,2017-01-03 09:57:57,48.4600,1,77536.0000,16,S,48.4600,48.4500,48.4000,48.3900,48.3800,48.6000,48.6100,48.6200,48.6400,48.6500,16,37,10,13,5,8,126,2,12,28
SZ,002338,2017-01-03 09:58:06,48.5000,2,33938.0000,7,B,48.4700,48.4600,48.4500,48.4000,48.3900,48.5000,48.6000,48.6100,48.6200,48.6400,19,16,37,10,13,10,37,127,2,12
SZ,002338,2017-01-03 09:58:09,48.5000,1,48500.0000,10,B,48.5000,48.4800,48.4700,48.4600,48.4500,48.6000,48.6100,48.6200,48.6400,48.6500,23,1,19,18,37,37,120,2,12,28
SZ,002338,2017-01-03 09:58:18,48.5000,1,9700.0000,2,S,48.5000,48.4800,48.4700,48.4600,48.4500,48.6000,48.6100,48.6200,48.6400,48.6500,21,1,19,18,37,59,114,2,12,28
SZ,002338,2017-01-03 09:58:27,48.5000,1,14550.0000,3,S,48.5000,48.4800,48.4700,48.4600,48.4500,48.5900,48.6000,48.6100,48.6200,48.6400,18,1,19,18,37,16,67,114,2,12
SZ,002338,2017-01-03 09:58:36,48.4800,3,116398.0000,24,S,48.4700,48.4600,48.4500,48.4000,48.3900,48.5900,48.6000,48.6100,48.6200,48.6400,19,18,37,10,13,16,67,114,2,12
SZ,002338,2017-01-03 09:58:42,48.5100,1,38808.0000,8,S,48.5100,48.4700,48.4600,48.4500,48.4000,48.5500,48.5900,48.6000,48.6100,48.6200,12,19,18,37,10,5,16,67,114,2
SZ,002338,2017-01-03 09:58:48,48.5100,1,33957.0000,7,S,48.5200,48.5100,48.4800,48.4700,48.4600,48.5500,48.5900,48.6000,48.6100,48.6200,1,7,33,19,18,5,16,67,114,2
SZ,002338,2017-01-03 09:58:51,48.5200,1,4852.0000,1,S,48.5100,48.4800,48.4700,48.4600,48.4500,48.5200,48.5500,48.5900,48.6000,48.6100,7,33,19,18,37,3,5,9,67,114
SZ,002338,2017-01-03 09:58:54,48.5100,2,33957.0000,7,S,48.4800,48.4700,48.4600,48.4500,48.4000,48.5000,48.5200,48.5500,48.5900,48.6000,33,19,18,37,10,25,3,5,9,67
SZ,002338,2017-01-03 09:58:57,48.4800,1,29088.0000,6,S,48.4800,48.4700,48.4600,48.4500,48.4000,48.5000,48.5200,48.5500,48.5700,48.5900,27,19,18,37,10,25,3,5,19,9
SZ,002338,2017-01-03 09:59:03,48.5200,6,281246.0000,58,B,48.5000,48.4700,48.4600,48.4500,48.4000,48.5500,48.5700,48.5900,48.6000,48.6100,1,19,18,37,10,5,19,9,67,114
SZ,002338,2017-01-03 09:59:06,48.4700,4,38829.0000,8,S,48.4700,48.4600,48.4500,48.4000,48.3900,48.5700,48.5900,48.6000,48.6100,48.6200,18,18,37,10,13,18,9,67,114,2
SZ,002338,2017-01-03 09:59:09,48.4700,1,9694.0000,2,S,48.4700,48.4600,48.4500,48.4000,48.3900,48.5700,48.5900,48.6000,48.6100,48.6200,16,18,37,10,13,18,9,67,114,2
SZ,002338,2017-01-03 09:59:18,48.4700,3,106640.0000,22,S,48.4600,48.4500,48.4000,48.3900,48.3800,48.4700,48.5700,48.5900,48.6000,48.6100,18,37,10,13,5,1,18,9,67,14
SZ,002338,2017-01-03 09:59:24,48.4800,2,9695.0000,2,B,48.4700,48.4600,48.4500,48.4000,48.3900,48.5600,48.5700,48.5900,48.6000,48.6100,40,18,37,10,13,11,18,9,67,14
SZ,002338,2017-01-03 09:59:36,48.4800,2,38777.0000,8,B,48.4700,48.4600,48.4500,48.4000,48.3900,48.4800,48.5500,48.5600,48.5700,48.5900,33,18,37,10,13,8,1,11,18,8
SZ,002338,2017-01-03 09:59:42,48.5700,6,252255.0000,52,B,48.4800,48.4700,48.4600,48.4500,48.4000,48.5700,48.5900,48.6000,48.6100,48.6400,25,10,18,37,10,3,8,67,14,12
SZ,002338,2017-01-03 09:59:48,48.4800,1,9696.0000,2,S,48.4800,48.4700,48.4600,48.4500,48.4000,48.5700,48.5900,48.6000,48.6100,48.6400,23,10,18,37,10,3,8,67,14,12
SZ,002338,2017-01-03 09:59:57,48.4700,4,169668.0000,35,S,48.4700,48.4600,48.4500,48.4000,48.3900,48.5700,48.5900,48.6000,48.6100,48.6400,10,18,37,10,13,64,8,67,7,12
SZ,002338,2017-01-03 10:00:06,48.4800,1,48480.0000,10,S,48.4800,48.4700,48.4600,48.4500,48.4000,48.5600,48.5700,48.5900,48.6000,48.6100,10,10,18,37,10,6,64,8,67,7
SZ,002338,2017-01-03 10:00:18,48.4800,1,14544.0000,3,S,48.4800,48.4700,48.4600,48.4500,48.4000,48.5500,48.5600,48.5700,48.5900,48.6000,8,10,18,39,10,6,6,64,8,37
SZ,002338,2017-01-03 10:00:21,48.5500,1,9710.0000,2,B,48.4800,48.4700,48.4600,48.4500,48.4000,48.5500,48.5600,48.5700,48.5900,48.6000,8,10,18,39,10,4,6,64,8,37
SZ,002338,2017-01-03 10:00:24,48.4800,2,38784.0000,8,S,48.4700,48.4600,48.4500,48.4000,48.3900,48.4800,48.5500,48.5600,48.5700,48.5900,10,18,39,10,13,3,4,6,64,8
SZ,002338,2017-01-03 10:00:27,48.4700,1,4847.0000,1,S,48.4700,48.4600,48.4500,48.4000,48.3900,48.4800,48.5500,48.5600,48.5700,48.5900,9,18,39,10,13,3,4,6,3,8
SZ,002338,2017-01-03 10:00:30,48.4800,1,4848.0000,1,B,48.4700,48.4600,48.4500,48.4000,48.3900,48.4800,48.5500,48.5600,48.5700,48.5900,9,18,39,10,13,2,4,6,3,8
SZ,002338,2017-01-03 10:00:33,48.4800,1,9696.0000,2,B,48.4800,48.4700,48.4600,48.4500,48.4000,48.5500,48.5600,48.5700,48.5900,48.6000,7,9,18,39,10,4,6,3,8,37
SZ,002338,2017-01-03 10:00:36,48.4800,1,14544.0000,3,S,48.4800,48.4700,48.4600,48.4500,48.4000,48.5500,48.5600,48.5700,48.5900,48.6000,4,9,18,39,10,4,6,3,8,37
SZ,002338,2017-01-03 10:00:48,48.4800,2,19392.0000,4,S,48.4800,48.4700,48.4600,48.4500,48.4000,48.5500,48.5600,48.5700,48.5900,48.6000,15,9,18,39,11,4,6,3,8,37
SZ,002338,2017-01-03 10:00:51,48.4800,1,9696.0000,2,S,48.4800,48.4700,48.4600,48.4500,48.4000,48.5500,48.5600,48.5700,48.5900,48.6000,13,9,18,39,11,4,6,3,8,37
SZ,002338,2017-01-03 10:00:57,48.4800,1,9696.0000,2,S,48.4900,48.4800,48.4700,48.4600,48.4500,48.5500,48.5600,48.5700,48.5900,48.6000,2,11,9,18,39,4,6,3,12,37
SZ,002338,2017-01-03 10:01:06,48.4900,1,4849.0000,1,S,48.4900,48.4800,48.4700,48.4600,48.4500,48.5500,48.5600,48.5700,48.5900,48.6000,3,14,9,18,39,4,6,3,12,37
SZ,002338,2017-01-03 10:01:33,48.5600,2,33988.0000,7,B,48.5000,48.4900,48.4800,48.4700,48.4600,48.5600,48.5700,48.5900,48.6000,48.6100,1,5,14,9,18,3,3,73,37,7
SZ,002338,2017-01-03 10:01:45,48.5500,1,9710.0000,2,S,48.5000,48.4900,48.4800,48.4700,48.4600,48.5500,48.5600,48.5700,48.5900,48.6000,13,5,14,9,18,26,3,3,73,37
SZ,002338,2017-01-03 10:01:48,48.5000,2,9700.0000,2,S,48.5000,48.4900,48.4800,48.4700,48.4600,48.5500,48.5600,48.5700,48.5900,48.6000,11,5,14,9,18,26,29,3,73,37
SZ,002338,2017-01-03 10:01:57,48.5000,1,4850.0000,1,S,48.5000,48.4900,48.4800,48.4700,48.4600,48.5500,48.5600,48.5700,48.5900,48.6000,10,5,14,9,18,26,29,3,73,37
SZ,002338,2017-01-03 10:02:00,48.5500,1,29130.0000,6,B,48.5000,48.4900,48.4800,48.4700,48.4600,48.5500,48.5600,48.5700,48.5900,48.6000,81,5,14,9,18,20,29,3,73,37
SZ,002338,2017-01-03 10:02:06,48.5000,1,9700.0000,2,S,48.5000,48.4900,48.4800,48.4700,48.4600,48.5500,48.5600,48.5700,48.5900,48.6000,79,5,14,11,18,20,29,3,73,37
SZ,002338,2017-01-03 10:02:12,48.5000,3,305561.0000,63,S,48.5000,48.4900,48.4800,48.4700,48.4600,48.5500,48.5600,48.5700,48.5900,48.6000,27,5,11,11,18,20,29,3,73,37
SZ,002338,2017-01-03 10:02:18,48.5000,1,4850.0000,1,S,48.5000,48.4900,48.4800,48.4700,48.4600,48.5500,48.5600,48.5700,48.5900,48.6000,26,3,11,11,18,20,29,12,73,37
SZ,002338,2017-01-03 10:02:21,48.5000,2,126100.0000,26,S,48.4900,48.4800,48.4700,48.4600,48.4500,48.5000,48.5400,48.5500,48.5600,48.5700,3,11,11,18,39,8,52,20,29,12
SZ,002338,2017-01-03 10:02:24,48.5000,1,38800.0000,8,B,48.5100,48.5000,48.4900,48.4800,48.4700,48.5400,48.5500,48.5600,48.5700,48.5900,18,2,3,11,11,52,20,29,12,12
SZ,002338,2017-01-03 10:02:27,48.4800,5,121261.0000,25,S,48.4800,48.4700,48.4600,48.4500,48.4000,48.5300,48.5400,48.5500,48.5600,48.5700,9,11,18,39,11,4,52,20,29,12
SZ,002338,2017-01-03 10:02:36,48.4800,2,43632.0000,9,S,48.4700,48.4600,48.4500,48.4000,48.3900,48.5000,48.5300,48.5400,48.5500,48.5600,11,18,39,11,13,5,4,52,20,29
SZ,002338,2017-01-03 10:02:48,48.4700,1,9694.0000,2,S,48.4700,48.4600,48.4500,48.4000,48.3900,48.4800,48.5000,48.5200,48.5300,48.5400,9,18,39,11,13,2,5,2,4,52
SZ,002338,2017-01-03 10:02:54,48.4700,1,4847.0000,1,S,48.4700,48.4600,48.4500,48.4000,48.3900,48.4800,48.5000,48.5200,48.5300,48.5400,8,18,39,11,13,12,13,2,4,52
SZ,002338,2017-01-03 10:02:57,48.4700,1,4847.0000,1,S,48.4700,48.4600,48.4500,48.4000,48.3900,48.4800,48.5000,48.5200,48.5300,48.5400,7,18,39,11,13,12,13,2,4,52
SZ,002338,2017-01-03 10:03:03,48.4800,6,106639.0000,22,B,48.4600,48.4500,48.4000,48.3900,48.3800,48.4700,48.4800,48.5000,48.5200,48.5300,13,39,11,13,5,3,2,13,2,4
SZ,002338,2017-01-03 10:03:06,48.4600,1,4846.0000,1,S,48.4600,48.4500,48.4000,48.3900,48.3800,48.4700,48.4800,48.5000,48.5200,48.5300,12,39,11,13,5,3,2,13,2,4
SZ,002338,2017-01-03 10:03:15,48.4600,3,58685.0000,12,S,48.4500,48.4000,48.3900,48.3800,48.3200,48.4600,48.4700,48.4800,48.5000,48.5200,39,11,13,5,7,16,3,2,13,2
SZ,002338,2017-01-03 10:03:18,48.4500,1,29070.0000,6,S,48.4500,48.4000,48.3900,48.3800,48.3200,48.4600,48.4700,48.4800,48.5000,48.5200,33,11,13,5,7,19,3,2,13,2
SZ,002338,2017-01-03 10:03:24,48.4500,1,4845.0000,1,S,48.4500,48.4000,48.3900,48.3800,48.3200,48.4600,48.4700,48.4800,48.5000,48.5200,32,11,13,5,7,20,3,2,13,2
SZ,002338,2017-01-03 10:03:27,48.4600,2,48455.0000,10,B,48.4500,48.4000,48.3900,48.3800,48.3200,48.4600,48.4700,48.4800,48.5000,48.5200,27,11,13,5,7,15,3,2,13,2
SZ,002338,2017-01-03 10:03:36,48.4000,4,145334.0000,30,S,48.4000,48.3900,48.3800,48.3200,48.3000,48.4500,48.4600,48.4700,48.4800,48.5000,8,13,5,7,13,25,16,3,2,13
SZ,002338,2017-01-03 10:03:48,48.3900,4,43560.0000,9,S,48.3900,48.3800,48.3200,48.3000,48.2800,48.4500,48.4600,48.4700,48.4800,48.5000,12,5,7,13,5,25,16,3,2,13
SZ,002338,2017-01-03 10:03:51,48.4500,2,24208.0000,5,B,48.3900,48.3800,48.3200,48.3000,48.2800,48.4000,48.4400,48.4500,48.4600,48.4700,9,5,7,13,5,2,3,23,16,3
SZ,002338,2017-01-03 10:03:54,48.3900,1,4838.0000,1,S,48.3900,48.3800,48.3200,48.3000,48.2800,48.4000,48.4400,48.4500,48.4600,48.4700,8,5,7,13,5,2,3,23,16,3
SZ,002338,2017-01-03 10:03:57,48.3900,3,38714.0000,8,S,48.3900,48.3800,48.3200,48.3000,48.2800,48.4000,48.4400,48.4500,48.4600,48.4700,1,5,7,13,5,1,3,23,16,3
SZ,002338,2017-01-03 10:04:03,48.3800,2,9676.0000,2,S,48.3800,48.3600,48.3200,48.3000,48.2800,48.3900,48.4000,48.4400,48.4500,48.4600,4,3,7,13,5,6,2,3,23,16
SZ,002338,2017-01-03 10:04:06,48.3800,1,19352.0000,4,S,48.3600,48.3200,48.3000,48.2800,48.2600,48.3900,48.4000,48.4400,48.4500,48.4600,3,7,13,5,12,6,2,3,23,16
SZ,002338,2017-01-03 10:04:09,48.3900,1,29034.0000,6,B,48.3900,48.3600,48.3200,48.3000,48.2800,48.4000,48.4400,48.4500,48.4600,48.4700,14,3,7,13,5,2,3,23,16,3
SZ,002338,2017-01-03 10:04:12,48.3900,1,4838.0000,1,S,48.3900,48.3600,48.3200,48.3000,48.2800,48.4000,48.4400,48.4500,48.4600,48.4700,13,3,17,13,5,2,3,23,16,3
SZ,002338,2017-01-03 10:04:15,48.3900,3,67748.0000,14,S,48.3600,48.3200,48.3000,48.2800,48.2600,48.4000,48.4400,48.4500,48.4600,48.4700,3,17,13,5,12,1,3,23,5,3
SZ,002338,2017-01-03 10:04:18,48.3200,2,19328.0000,4,S,48.3200,48.3000,48.2800,48.2600,48.2500,48.3900,48.4000,48.4400,48.4500,48.4600,13,13,5,12,50,2,1,3,23,5
SZ,002338,2017-01-03 10:04:27,48.3500,2,33836.0000,7,B,48.3500,48.3300,48.3200,48.3000,48.2800,48.3900,48.4000,48.4400,48.4500,48.4600,1,3,13,13,5,2,1,3,23,5
SZ,002338,2017-01-03 10:04:36,48.3300,2,14500.0000,3,S,48.3300,48.3200,48.3000,48.2800,48.2600,48.3500,48.3900,48.4000,48.4400,48.4500,1,13,18,5,12,6,2,35,3,23
SZ,002338,2017-01-03 10:04:48,48.3500,1,9670.0000,2,B,48.3300,48.3200,48.3000,48.2800,48.2600,48.3900,48.4000,48.4400,48.4500,48.4600,2,13,21,5,12,2,35,3,23,5
SZ,002338,2017-01-03 10:04:54,48.3500,3,120954.0000,25,B,48.3300,48.3200,48.3000,48.2800,48.2600,48.3500,48.4000,48.4400,48.4500,48.4600,2,13,21,5,12,12,35,3,23,5
SZ,002338,2017-01-03 10:04:57,48.3200,3,14500.0000,3,S,48.3200,48.3000,48.2800,48.2600,48.2500,48.3300,48.3500,48.4000,48.4400,48.4500,12,21,5,12,50,4,12,35,3,23
SZ,002338,2017-01-03 10:05:03,48.3200,2,19328.0000,4,S,48.3200,48.3000,48.2800,48.2600,48.2500,48.3300,48.3500,48.4000,48.4400,48.4500,8,21,5,12,50,4,12,35,3,23
SZ,002338,2017-01-03 10:05:06,48.3200,2,48320.0000,10,S,48.3000,48.2800,48.2600,48.2500,48.2200,48.3300,48.3500,48.4000,48.4400,48.4500,21,5,12,50,4,2,12,35,3,23
SZ,002338,2017-01-03 10:05:09,48.3300,1,9668.0000,2,B,48.3300,48.3000,48.2800,48.2600,48.2500,48.3500,48.4000,48.4400,48.4500,48.4600,11,24,5,12,50,12,35,3,23,4
SZ,002338,2017-01-03 10:05:15,48.3300,1,9664.0000,2,S,48.3300,48.3000,48.2800,48.2600,48.2500,48.3500,48.4000,48.4400,48.4500,48.4600,9,21,5,12,50,12,35,3,23,4
SZ,002338,2017-01-03 10:05:18,48.3300,1,19332.0000,4,S,48.3300,48.3000,48.2800,48.2600,48.2500,48.3500,48.4000,48.4400,48.4500,48.4600,5,21,5,12,50,12,35,3,23,4
SZ,002338,2017-01-03 10:05:24,48.3500,1,19340.0000,4,B,48.3300,48.3000,48.2800,48.2600,48.2500,48.3500,48.4000,48.4400,48.4500,48.4600,10,18,5,12,50,8,35,3,23,4
SZ,002338,2017-01-03 10:05:27,48.3300,2,38676.0000,8,S,48.3300,48.3000,48.2800,48.2600,48.2500,48.3500,48.4000,48.4400,48.4500,48.4600,8,18,5,12,50,2,35,3,23,4
SZ,002338,2017-01-03 10:05:33,48.3500,3,24176.0000,5,B,48.3500,48.3300,48.3000,48.2800,48.2700,48.4000,48.4400,48.4500,48.4600,48.5300,17,8,13,5,2,35,3,23,4,4
SZ,002338,2017-01-03 10:05:36,48.3500,1,14504.0000,3,S,48.3500,48.3300,48.3000,48.2800,48.2700,48.4000,48.4400,48.4500,48.4600,48.5300,14,8,13,5,2,35,3,23,4,4
SZ,002338,2017-01-03 10:05:42,48.3500,1,4836.0000,1,S,48.3500,48.3300,48.3000,48.2800,48.2700,48.4000,48.4400,48.4500,48.4600,48.5300,13,8,13,5,2,35,3,23,4,4
SZ,002338,2017-01-03 10:05:45,48.3500,1,14504.0000,3,S,48.3500,48.3300,48.3000,48.2800,48.2700,48.4000,48.4400,48.4500,48.4600,48.5300,10,8,13,5,2,35,3,23,4,4
SZ,002338,2017-01-03 10:05:51,48.3500,1,9672.0000,2,S,48.3600,48.3500,48.3300,48.3000,48.2800,48.4000,48.4400,48.4500,48.4600,48.5300,73,8,8,13,5,35,3,23,4,4
SZ,002338,2017-01-03 10:05:57,48.3600,1,4836.0000,1,S,48.3600,48.3500,48.3300,48.3000,48.2800,48.4000,48.4400,48.4500,48.4600,48.5300,82,8,3,13,5,35,3,23,4,4
SZ,002338,2017-01-03 10:06:06,48.3700,1,4836.0000,1,S,48.3700,48.3600,48.3500,48.3300,48.3000,48.4000,48.4400,48.4500,48.4600,48.5300,1,82,8,3,13,35,3,23,4,4
SZ,002338,2017-01-03 10:06:12,48.4000,1,121000.0000,25,B,48.3700,48.3600,48.3500,48.3300,48.3000,48.4000,48.4400,48.4500,48.4600,48.5300,1,92,8,3,13,9,3,23,4,4
SZ,002338,2017-01-03 10:06:18,48.3600,3,33858.0000,7,S,48.3600,48.3500,48.3300,48.3000,48.2800,48.4000,48.4400,48.4500,48.4600,48.5300,91,8,3,13,5,9,3,23,4,4
SZ,002338,2017-01-03 10:06:24,48.3600,2,38690.0000,8,S,48.3600,48.3500,48.3300,48.3000,48.2800,48.3900,48.4000,48.4400,48.4500,48.4600,84,8,3,13,5,7,9,3,23,4
SZ,002338,2017-01-03 10:06:27,48.3600,1,9672.0000,2,S,48.3600,48.3500,48.3300,48.3000,48.2800,48.3900,48.4000,48.4400,48.4500,48.4600,82,8,3,13,5,7,9,3,23,4
SZ,002338,2017-01-03 10:06:36,48.3600,2,19344.0000,4,S,48.3600,48.3500,48.3300,48.3000,48.2800,48.3900,48.4000,48.4400,48.4500,48.4600,81,8,3,13,5,7,9,3,23,4
SZ,002338,2017-01-03 10:06:39,48.3600,2,299784.0000,62,S,48.3600,48.3500,48.3300,48.3000,48.2800,48.3900,48.4000,48.4400,48.4500,48.4600,19,8,3,13,5,7,9,10,23,4
SZ,002338,2017-01-03 10:06:45,48.3600,1,4836.0000,1,S,48.3600,48.3500,48.3300,48.3000,48.2800,48.3900,48.4000,48.4400,48.4500,48.4600,18,8,3,16,5,7,9,10,23,4
SZ,002338,2017-01-03 10:06:48,48.3600,2,33866.0000,7,S,48.3600,48.3500,48.3300,48.3000,48.2800,48.3900,48.4000,48.4400,48.4500,48.4600,16,8,3,16,5,2,9,10,23,4
SZ,002338,2017-01-03 10:06:57,48.3600,6,101570.0000,21,S,48.3600,48.3500,48.3300,48.3000,48.2800,48.4000,48.4400,48.4500,48.4600,48.5700,0,8,3,16,5,9,10,23,4,9
SZ,002338,2017-01-03 10:07:03,48.3600,2,4884.0000,1,S,48.3500,48.3300,48.3000,48.2800,48.2700,48.3600,48.4000,48.4400,48.4500,48.4600,8,3,16,5,2,0,9,10,23,4
SZ,002338,2017-01-03 10:07:06,48.3500,1,29012.0000,6,S,48.3500,48.3300,48.3000,48.2800,48.2700,48.3600,48.4000,48.4400,48.4500,48.4600,2,3,16,5,2,0,9,10,23,4
SZ,002338,2017-01-03 10:07:09,48.3500,1,9668.0000,2,S,48.3300,48.3000,48.2800,48.2700,48.2600,48.3500,48.3600,48.4000,48.4400,48.4500,3,16,5,2,14,2,0,9,10,23
SZ,002338,2017-01-03 10:07:15,48.3300,1,14500.0000,3,S,48.3000,48.2800,48.2700,48.2600,48.2500,48.3500,48.3600,48.4000,48.4400,48.4500,16,5,2,14,50,2,0,9,10,23
SZ,002338,2017-01-03 10:07:21,48.3000,1,9660.0000,2,S,48.3100,48.3000,48.2800,48.2700,48.2600,48.3400,48.3500,48.3600,48.4000,48.4400,5,14,5,2,14,7,2,0,9,10
SZ,002338,2017-01-03 10:07:27,48.3100,2,9662.0000,2,S,48.3100,48.3000,48.2800,48.2700,48.2600,48.3400,48.3500,48.3600,48.4000,48.4400,3,14,5,2,14,7,2,0,9,10
SZ,002338,2017-01-03 10:07:30,48.3100,1,9662.0000,2,S,48.3100,48.3000,48.2800,48.2700,48.2600,48.3400,48.3500,48.3600,48.4000,48.4400,1,14,5,90,14,7,7,0,9,10
SZ,002338,2017-01-03 10:07:33,48.3400,1,33838.0000,7,B,48.3400,48.3100,48.3000,48.2800,48.2700,48.3500,48.3600,48.4000,48.4400,48.4500,2,1,14,5,90,7,0,9,10,23
SZ,002338,2017-01-03 10:07:36,48.4500,8,232414.0000,48,B,48.3400,48.3100,48.3000,48.2800,48.2700,48.4500,48.4600,48.5700,48.5900,48.6100,1,1,14,5,90,2,4,9,4,7
SZ,002338,2017-01-03 10:07:42,48.3400,1,4304.0000,1,S,48.3400,48.3100,48.3000,48.2800,48.2700,48.4500,48.4600,48.5700,48.5900,48.6100,5,1,14,5,90,6,4,9,4,7
SZ,002338,2017-01-03 10:07:45,48.3100,4,77312.0000,16,S,48.3300,48.3100,48.3000,48.2800,48.2700,48.4500,48.4600,48.5700,48.5900,48.6100,50,0,14,5,90,6,4,9,4,7
SZ,002338,2017-01-03 10:07:57,48.3500,2,19340.0000,4,S,48.3300,48.3100,48.3000,48.2900,48.2800,48.4500,48.4600,48.5700,48.5900,48.6100,50,8,94,1,7,2,4,9,4,7
SZ,002338,2017-01-03 10:08:06,48.3400,1,9668.0000,2,S,48.3400,48.3300,48.3100,48.3000,48.2900,48.4500,48.4600,48.5700,48.5900,48.6100,10,50,14,94,1,2,4,9,4,7
SZ,002338,2017-01-03 10:08:12,48.4600,3,33868.0000,7,B,48.5000,48.3400,48.3300,48.3100,48.3000,48.5600,48.5700,48.5900,48.6100,48.6600,23,11,50,14,91,28,9,4,25,1
SZ,002338,2017-01-03 10:08:27,48.5000,3,111600.0000,23,S,48.3500,48.3400,48.3300,48.3100,48.3000,48.4600,48.5000,48.5700,48.5900,48.6100,8,14,50,14,91,2,9,9,4,25
SZ,002338,2017-01-03 10:08:30,48.4600,1,4846.0000,1,B,48.3500,48.3400,48.3300,48.3100,48.3000,48.4600,48.5000,48.5700,48.5900,48.6100,8,14,50,14,91,1,9,9,4,25
SZ,002338,2017-01-03 10:08:36,48.3500,2,33846.0000,7,S,48.3500,48.3400,48.3300,48.3100,48.3000,48.4600,48.5000,48.5700,48.5900,48.6100,1,14,50,14,91,1,60,9,4,25
SZ,002338,2017-01-03 10:08:39,48.3500,1,4834.0000,1,S,48.3600,48.3400,48.3300,48.3100,48.3000,48.5000,48.5700,48.5900,48.6100,48.6600,18,14,50,14,91,60,10,4,25,1
SZ,002338,2017-01-03 10:08:45,48.3600,3,24190.0000,5,S,48.3600,48.3500,48.3400,48.3300,48.3100,48.4900,48.5000,48.5700,48.5900,48.6000,34,5,14,50,14,5,60,10,4,2
SZ,002338,2017-01-03 10:08:54,48.4900,1,4848.0000,1,B,48.3800,48.3600,48.3500,48.3400,48.3300,48.5000,48.5700,48.5900,48.6000,48.6100,3,39,5,14,50,60,10,4,2,25
SZ,002338,2017-01-03 10:08:57,48.3800,1,4840.0000,1,S,48.3800,48.3600,48.3500,48.3400,48.3300,48.4800,48.5000,48.5700,48.5900,48.6000,2,41,5,14,50,1,60,10,4,2
SZ,002338,2017-01-03 10:09:06,48.3800,1,4836.0000,1,S,48.3800,48.3700,48.3600,48.3500,48.3400,48.4800,48.5000,48.5700,48.5900,48.6000,8,8,31,5,14,1,60,10,4,2
SZ,002338,2017-01-03 10:09:09,48.4800,1,4848.0000,1,B,48.4800,48.3800,48.3700,48.3600,48.3500,48.5000,48.5700,48.5900,48.6000,48.6100,4,8,12,31,5,160,10,4,2,25
SZ,002338,2017-01-03 10:09:15,48.5000,4,358896.0000,74,B,48.4800,48.3800,48.3700,48.3600,48.3500,48.5000,48.5700,48.5900,48.6000,48.6100,2,8,12,31,5,88,10,4,2,25
SZ,002338,2017-01-03 10:09:27,48.3700,6,101638.0000,21,S,48.5000,48.3700,48.3600,48.3500,48.3400,48.5700,48.5900,48.6000,48.6100,48.6600,20,11,17,7,10,10,4,2,25,1
SZ,002338,2017-01-03 10:09:36,48.5000,1,29100.0000,6,S,48.5000,48.3700,48.3600,48.3500,48.3400,48.5700,48.5800,48.5900,48.6000,48.6100,16,11,17,7,10,10,30,4,2,25
SZ,002338,2017-01-03 10:09:45,48.5000,1,9700.0000,2,S,48.5000,48.3700,48.3600,48.3500,48.3400,48.5600,48.5700,48.5800,48.5900,48.6000,14,92,17,7,10,4,10,30,4,2
SZ,002338,2017-01-03 10:09:51,48.5000,1,58200.0000,12,S,48.5000,48.3700,48.3600,48.3500,48.3400,48.5600,48.5700,48.5800,48.5900,48.6000,2,92,17,7,10,4,10,30,4,2
SZ,002338,2017-01-03 10:09:57,48.3800,3,19378.0000,4,S,48.3800,48.3700,48.3600,48.3500,48.3400,48.5600,48.5700,48.5800,48.5900,48.6000,23,92,18,7,10,4,10,30,4,2
SZ,002338,2017-01-03 10:10:06,48.3800,1,4838.0000,1,S,48.3800,48.3700,48.3600,48.3500,48.3400,48.5500,48.5600,48.5700,48.5800,48.5900,41,92,18,8,10,2,4,10,30,4
SZ,002338,2017-01-03 10:10:15,48.5500,5,72762.0000,15,B,48.3900,48.3800,48.3700,48.3600,48.3500,48.5600,48.5700,48.5800,48.5900,48.6000,14,23,88,18,8,4,10,30,4,2
SZ,002338,2017-01-03 10:10:27,48.4000,1,19360.0000,4,S,48.3900,48.3800,48.3700,48.3600,48.3500,48.5500,48.5700,48.5800,48.6000,48.6100,30,23,88,18,8,5,10,30,2,25
SZ,002338,2017-01-03 10:10:30,48.5500,1,24274.0000,5,B,48.5500,48.3900,48.3800,48.3700,48.3600,48.5700,48.5800,48.6000,48.6100,48.6600,28,31,23,88,18,10,30,2,25,1
SZ,002338,2017-01-03 10:10:36,48.5500,1,14566.0000,3,S,48.5500,48.4000,48.3900,48.3800,48.3700,48.5600,48.5700,48.5800,48.6000,48.6100,25,10,30,1,88,2,10,30,24,25
SZ,002338,2017-01-03 10:10:39,48.5500,3,67968.0000,14,S,48.5500,48.4000,48.3900,48.3800,48.3700,48.5600,48.5700,48.5800,48.6000,48.6100,11,29,30,1,88,2,10,30,24,25
SZ,002338,2017-01-03 10:10:45,48.5500,1,38840.0000,8,S,48.5500,48.4000,48.3900,48.3800,48.3700,48.5600,48.5700,48.5800,48.6000,48.6100,3,29,30,1,88,2,10,30,24,25
SZ,002338,2017-01-03 10:10:48,48.5500,1,4856.0000,1,S,48.5500,48.4100,48.4000,48.3900,48.3800,48.5600,48.5700,48.5800,48.6000,48.6100,2,30,29,25,1,2,10,30,24,25
SZ,002338,2017-01-03 10:10:51,48.5500,1,9710.0000,2,S,48.4100,48.4000,48.3900,48.3800,48.3700,48.5500,48.5600,48.5700,48.5800,48.6000,62,29,25,1,88,5,2,10,30,24
SZ,002338,2017-01-03 10:10:57,48.4100,1,33886.0000,7,S,48.4100,48.4000,48.3900,48.3800,48.3700,48.5500,48.5600,48.5700,48.5800,48.6000,55,29,25,1,88,5,2,10,30,24
SZ,002338,2017-01-03 10:11:06,48.4500,1,9692.0000,2,S,48.4500,48.4100,48.4000,48.3900,48.3800,48.5500,48.5600,48.5700,48.5800,48.6000,25,33,29,14,1,5,2,14,30,2
SZ,002338,2017-01-03 10:11:33,48.5500,1,14564.0000,3,B,48.5500,48.5000,48.4800,48.4500,48.4100,48.5600,48.5700,48.5800,48.6000,48.6100,38,36,30,25,33,9,14,30,2,25
SZ,002338,2017-01-03 10:11:36,48.5500,1,4856.0000,1,S,48.5500,48.5000,48.4800,48.4500,48.4100,48.5600,48.5700,48.5800,48.6000,48.6100,37,36,30,25,33,9,14,30,2,25
SZ,002338,2017-01-03 10:11:42,48.5700,2,48560.0000,10,B,48.5500,48.5000,48.4800,48.4500,48.4100,48.5700,48.5800,48.6000,48.6100,48.6600,37,36,30,2,33,13,30,2,25,1
SZ,002338,2017-01-03 10:11:48,48.5800,5,218594.0000,45,B,48.5700,48.5500,48.5000,48.4800,48.4500,48.5800,48.6000,48.6100,48.6600,48.6800,9,37,36,30,2,1,2,25,1,5
SZ,002338,2017-01-03 10:11:57,48.5500,2,77698.0000,16,S,48.5500,48.5000,48.4800,48.4500,48.4100,48.5800,48.6000,48.6100,48.6600,48.6800,30,36,30,2,33,1,2,25,1,5
SZ,002338,2017-01-03 10:12:03,48.5500,1,4856.0000,1,S,48.5500,48.5000,48.4800,48.4500,48.4100,48.5800,48.6000,48.6100,48.6600,48.6800,29,36,30,2,33,1,2,25,1,5
SZ,002338,2017-01-03 10:12:06,48.5800,2,24288.0000,5,B,48.5500,48.5000,48.4800,48.4500,48.4100,48.6000,48.6100,48.6600,48.6800,48.6900,29,36,30,2,33,2,25,1,5,17
SZ,002338,2017-01-03 10:12:09,48.5600,5,97214.0000,20,S,48.5500,48.5000,48.4800,48.4500,48.4100,48.6100,48.6600,48.6800,48.6900,48.7000,29,36,30,2,33,8,1,5,17,6
SZ,002338,2017-01-03 10:12:18,48.5600,2,24280.0000,5,S,48.5500,48.5000,48.4800,48.4500,48.4100,48.6000,48.6100,48.6800,48.6900,48.7000,29,36,30,2,33,5,8,5,17,6
SZ,002338,2017-01-03 10:12:27,48.6000,3,58320.0000,12,B,48.6000,48.5600,48.5500,48.5000,48.4800,48.6100,48.6800,48.6900,48.7000,48.7500,90,5,29,36,30,8,5,12,6,105
SZ,002338,2017-01-03 10:12:33,48.6000,1,9720.0000,2,S,48.6000,48.5600,48.5500,48.4800,48.4500,48.6100,48.6800,48.6900,48.7000,48.7500,89,5,29,30,2,8,12,12,6,109
SZ,002338,2017-01-03 10:12:36,48.6000,1,14580.0000,3,S,48.6000,48.5600,48.5500,48.4800,48.4500,48.6100,48.6800,48.6900,48.7000,48.7500,86,5,29,30,2,8,20,12,6,109
SZ,002338,2017-01-03 10:12:39,48.6100,1,14582.0000,3,B,48.6000,48.5500,48.4800,48.4500,48.4100,48.6100,48.6800,48.6900,48.7000,48.7500,89,29,30,2,33,5,20,12,6,109
SZ,002338,2017-01-03 10:12:48,48.6100,2,38886.0000,8,B,48.6300,48.6000,48.5500,48.4800,48.4500,48.6800,48.6900,48.7000,48.7400,48.7500,31,86,29,30,2,20,12,6,6,109
SZ,002338,2017-01-03 10:12:57,48.6900,5,150906.0000,31,B,48.6300,48.6100,48.6000,48.5500,48.4800,48.6900,48.7000,48.7400,48.7500,48.7600,31,5,83,29,30,4,6,6,110,5
SZ,002338,2017-01-03 10:13:03,48.6900,1,14608.0000,3,B,48.6300,48.6000,48.5500,48.4800,48.4500,48.6900,48.7000,48.7400,48.7500,48.7600,31,82,29,30,2,1,6,6,110,5
SZ,002338,2017-01-03 10:13:06,48.6300,1,53492.0000,11,S,48.6300,48.6000,48.5500,48.4800,48.4500,48.6900,48.7000,48.7400,48.7500,48.7600,20,82,29,30,2,1,6,6,106,5
SZ,002338,2017-01-03 10:13:18,48.6300,2,15076.0000,3,S,48.6300,48.6000,48.5500,48.4800,48.4500,48.6900,48.7000,48.7400,48.7500,48.7600,21,82,29,30,2,21,26,8,106,5
SZ,002338,2017-01-03 10:13:21,48.6900,1,4868.0000,1,B,48.6500,48.6300,48.6000,48.5500,48.4800,48.6900,48.7000,48.7400,48.7500,48.7600,100,21,82,29,30,20,26,8,106,5
SZ,002338,2017-01-03 10:13:27,48.6500,1,4866.0000,1,S,48.6500,48.6300,48.6000,48.5500,48.4800,48.6900,48.7000,48.7400,48.7500,48.7600,99,16,82,29,30,20,26,8,106,5
SZ,002338,2017-01-03 10:13:30,48.6900,1,97380.0000,20,B,48.6900,48.6500,48.6300,48.6000,48.5500,48.7000,48.7400,48.7500,48.7600,48.7700,27,99,16,82,29,26,8,106,5,2
SZ,002338,2017-01-03 10:13:33,48.6900,1,9738.0000,2,S,48.6900,48.6500,48.6300,48.6000,48.5500,48.7000,48.7400,48.7500,48.7600,48.7700,25,99,16,82,29,26,8,106,5,2
SZ,002338,2017-01-03 10:13:36,48.6900,1,4868.0000,1,S,48.6900,48.6500,48.6300,48.6000,48.5500,48.7000,48.7400,48.7500,48.7600,48.7700,24,99,16,82,29,26,8,106,5,2
SZ,002338,2017-01-03 10:13:39,48.7000,2,126620.0000,26,B,48.7000,48.6900,48.6500,48.6300,48.6000,48.7400,48.7500,48.7600,48.7700,48.7800,74,29,99,16,82,8,106,5,2,12
SZ,002338,2017-01-03 10:13:42,48.7000,1,160712.0000,33,S,48.7000,48.6900,48.6500,48.6300,48.6000,48.7400,48.7500,48.7600,48.7700,48.7800,71,29,99,16,82,8,106,5,2,12
SZ,002338,2017-01-03 10:13:45,48.7500,8,580112.0000,119,B,48.7500,48.7000,48.6900,48.6500,48.6300,48.7600,48.7700,48.7800,48.7900,48.8000,28,170,29,99,16,5,2,12,4,2
SZ,002338,2017-01-03 10:13:48,48.7500,2,121874.0000,25,S,48.7500,48.7000,48.6900,48.6500,48.6300,48.7600,48.7700,48.7800,48.7900,48.8000,3,170,29,99,16,5,2,12,4,2
SZ,002338,2017-01-03 10:13:57,48.7500,4,219174.0000,45,S,48.7000,48.6900,48.6500,48.6300,48.6000,48.7500,48.7600,48.7700,48.7800,48.7900,130,24,99,16,82,5,5,2,12,4
SZ,002338,2017-01-03 10:14:00,48.7500,1,24376.0000,5,B,48.7000,48.6900,48.6500,48.6300,48.5500,48.7600,48.7700,48.7800,48.7900,48.8000,130,24,99,16,29,8,2,12,4,2
SZ,002338,2017-01-03 10:14:03,48.7500,1,4876.0000,1,B,48.7500,48.7000,48.6900,48.6500,48.5500,48.7600,48.7700,48.7800,48.7900,48.8000,4,130,24,99,29,8,2,12,4,2
SZ,002338,2017-01-03 10:14:06,48.7000,2,63328.0000,13,S,48.7000,48.6900,48.6500,48.5500,48.4500,48.7600,48.7700,48.7800,48.7900,48.8000,121,24,99,29,2,8,2,12,4,2
SZ,002338,2017-01-03 10:14:12,48.7000,1,9740.0000,2,S,48.7000,48.6900,48.6500,48.5500,48.4500,48.7600,48.7700,48.7800,48.7900,48.8000,119,24,99,29,2,8,20,12,4,2
SZ,002338,2017-01-03 10:14:18,48.7000,1,29220.0000,6,S,48.7000,48.6900,48.6500,48.5500,48.4500,48.7400,48.7500,48.7600,48.7700,48.7800,113,24,99,29,2,1,2,8,20,12
SZ,002338,2017-01-03 10:14:27,48.7200,1,4872.0000,1,S,48.7200,48.7100,48.7000,48.6900,48.6500,48.7400,48.7500,48.7600,48.7700,48.7800,16,5,113,24,99,1,2,8,20,12
SZ,002338,2017-01-03 10:14:33,48.7200,1,4872.0000,1,S,48.7200,48.7100,48.7000,48.6900,48.6500,48.7400,48.7500,48.7600,48.7700,48.7800,15,5,118,24,99,1,2,8,20,12
SZ,002338,2017-01-03 10:14:42,48.7500,2,9750.0000,2,B,48.7200,48.7100,48.7000,48.6900,48.6500,48.7500,48.7600,48.7700,48.7800,48.7900,15,5,118,24,99,1,8,20,12,4
SZ,002338,2017-01-03 10:14:45,48.7200,1,4872.0000,1,S,48.7200,48.7100,48.7000,48.6900,48.6500,48.7500,48.7600,48.7700,48.7800,48.7900,14,5,118,24,99,1,8,20,12,4
SZ,002338,2017-01-03 10:14:48,48.7200,1,4872.0000,1,S,48.7200,48.7100,48.7000,48.6900,48.6500,48.7300,48.7500,48.7600,48.7700,48.7800,13,5,118,24,99,39,1,8,20,12
SZ,002338,2017-01-03 10:14:54,48.7200,2,29232.0000,6,S,48.7200,48.7100,48.7000,48.6900,48.6500,48.7300,48.7500,48.7600,48.7700,48.7800,7,3,118,24,99,39,11,8,20,12
SZ,002338,2017-01-03 10:14:57,48.7200,1,4872.0000,1,S,48.7200,48.7100,48.7000,48.6900,48.6500,48.7300,48.7500,48.7600,48.7700,48.7800,6,3,118,24,99,39,11,8,20,12
SZ,002338,2017-01-03 10:15:00,48.7200,1,29232.0000,6,S,48.7100,48.7000,48.6900,48.6500,48.4500,48.7200,48.7300,48.7500,48.7600,48.7700,3,113,24,99,2,16,39,11,3,20
SZ,002338,2017-01-03 10:15:03,48.7300,5,141298.0000,29,B,48.7100,48.7000,48.6900,48.6500,48.4500,48.7300,48.7500,48.7600,48.7700,48.7800,3,113,24,99,2,29,11,3,20,12
SZ,002338,2017-01-03 10:15:06,48.7100,1,9742.0000,2,S,48.7100,48.7000,48.6900,48.6500,48.4500,48.7300,48.7500,48.7600,48.7700,48.7800,1,113,24,99,2,79,11,3,2,12
SZ,002338,2017-01-03 10:15:12,48.7100,1,4870.0000,1,S,48.7000,48.6900,48.6500,48.4500,48.4100,48.7300,48.7500,48.7600,48.7700,48.7800,123,24,99,2,33,79,11,3,2,12
SZ,002338,2017-01-03 10:15:15,48.7300,1,4874.0000,1,B,48.7000,48.6900,48.6500,48.4500,48.4100,48.7200,48.7300,48.7500,48.7600,48.7700,123,24,99,2,33,2,78,11,3,2
SZ,002338,2017-01-03 10:15:18,48.7000,2,53570.0000,11,S,48.7000,48.6900,48.6500,48.4500,48.4100,48.7200,48.7300,48.7500,48.7600,48.7700,112,24,99,2,33,2,78,11,3,2
SZ,002338,2017-01-03 10:15:27,48.7000,1,4870.0000,1,S,48.7000,48.6900,48.6500,48.4500,48.4100,48.7200,48.7300,48.7500,48.7600,48.7700,111,24,99,2,33,2,78,11,3,2
SZ,002338,2017-01-03 10:15:30,48.7300,2,146188.0000,30,B,48.7000,48.6900,48.6500,48.4500,48.4100,48.7300,48.7500,48.7600,48.7700,48.7800,111,24,99,2,33,50,11,3,2,12
SZ,002338,2017-01-03 10:15:36,48.7000,2,58440.0000,12,S,48.7000,48.6900,48.6500,48.4500,48.4100,48.7300,48.7500,48.7600,48.7700,48.7800,99,24,99,2,33,50,11,3,2,12
SZ,002338,2017-01-03 10:15:39,48.7000,1,14610.0000,3,S,48.7000,48.6900,48.6500,48.4500,48.4100,48.7300,48.7500,48.7600,48.7700,48.7800,96,24,99,2,33,51,11,3,2,12
SZ,002338,2017-01-03 10:15:45,48.7300,3,102312.0000,21,B,48.7000,48.6900,48.6500,48.4500,48.4100,48.7300,48.7500,48.7600,48.7700,48.7800,95,24,99,2,33,50,11,3,2,12
SZ,002338,2017-01-03 10:15:48,48.7000,1,19480.0000,4,S,48.7000,48.6900,48.6500,48.4500,48.4100,48.7300,48.7500,48.7600,48.7700,48.7800,91,24,99,2,33,50,11,3,2,12
SZ,002338,2017-01-03 10:15:54,48.7000,2,53568.0000,11,S,48.7000,48.6900,48.6500,48.4500,48.4100,48.7300,48.7500,48.7600,48.7700,48.7800,80,24,99,2,33,51,11,3,2,12
SZ,002338,2017-01-03 10:15:57,48.7000,2,43832.0000,9,S,48.7000,48.6900,48.6500,48.4500,48.4100,48.7300,48.7500,48.7600,48.7700,48.7800,71,24,99,2,33,51,11,3,2,12
SZ,002338,2017-01-03 10:16:00,48.7000,1,4868.0000,1,S,48.7000,48.6900,48.6500,48.4500,48.4100,48.7300,48.7500,48.7600,48.7700,48.7800,70,24,99,2,33,51,11,3,2,12
SZ,002338,2017-01-03 10:16:03,48.7000,1,24352.0000,5,S,48.7000,48.6900,48.6500,48.4500,48.4100,48.7300,48.7500,48.7600,48.7700,48.7800,65,24,99,2,33,52,11,3,2,12
SZ,002338,2017-01-03 10:16:06,48.7000,3,48700.0000,10,S,48.7000,48.6900,48.6500,48.4500,48.4100,48.7300,48.7500,48.7600,48.7700,48.7800,55,24,99,2,33,52,11,3,2,12
SZ,002338,2017-01-03 10:16:18,48.7000,2,24352.0000,5,S,48.7000,48.6900,48.6800,48.6500,48.4500,48.7200,48.7300,48.7500,48.7600,48.7700,52,24,1,99,2,4,52,11,3,2
SZ,002338,2017-01-03 10:16:24,48.7000,1,48700.0000,10,S,48.7000,48.6900,48.6800,48.6500,48.4500,48.7200,48.7300,48.7500,48.7600,48.7700,42,24,1,99,2,4,52,11,3,2
SZ,002338,2017-01-03 10:16:33,48.7000,1,14608.0000,3,S,48.7000,48.6900,48.6800,48.6500,48.4500,48.7200,48.7300,48.7500,48.7600,48.7700,39,24,1,99,2,4,52,12,3,2
SZ,002338,2017-01-03 10:16:36,48.7000,2,24352.0000,5,S,48.7000,48.6900,48.6800,48.6500,48.4500,48.7200,48.7300,48.7500,48.7600,48.7700,34,24,1,99,2,4,52,12,3,2
SZ,002338,2017-01-03 10:16:48,48.7000,1,9740.0000,2,S,48.7000,48.6900,48.6800,48.6500,48.4500,48.7200,48.7300,48.7500,48.7600,48.7800,22,24,1,99,2,7,52,12,3,12
SZ,002338,2017-01-03 10:16:54,48.7000,1,29220.0000,6,S,48.7000,48.6900,48.6800,48.6500,48.4500,48.7200,48.7300,48.7500,48.7600,48.7800,16,24,1,99,2,7,52,12,3,12
SZ,002338,2017-01-03 10:16:57,48.7000,2,14608.0000,3,S,48.7000,48.6900,48.6800,48.6500,48.4500,48.7200,48.7300,48.7500,48.7600,48.7800,13,24,1,99,2,7,51,12,3,12
SZ,002338,2017-01-03 10:17:03,48.7000,1,4872.0000,1,S,48.7000,48.6900,48.6800,48.6500,48.4500,48.7200,48.7300,48.7500,48.7600,48.7800,12,24,1,99,2,7,51,12,3,12
SZ,002338,2017-01-03 10:17:09,48.7000,1,9740.0000,2,S,48.7000,48.6900,48.6800,48.6500,48.4500,48.7200,48.7300,48.7500,48.7600,48.7800,10,24,1,99,2,8,51,12,3,12
SZ,002338,2017-01-03 10:17:12,48.7000,1,48700.0000,10,S,48.6900,48.6800,48.6500,48.4500,48.4100,48.7200,48.7300,48.7500,48.7600,48.7800,24,1,99,2,33,8,51,12,3,12
SZ,002338,2017-01-03 10:17:18,48.6900,1,4868.0000,1,S,48.6900,48.6800,48.6500,48.4500,48.4100,48.7000,48.7200,48.7300,48.7500,48.7600,23,1,99,7,33,16,8,51,12,3
SZ,002338,2017-01-03 10:17:27,48.6900,1,14608.0000,3,S,48.6900,48.6800,48.6500,48.4500,48.4100,48.7000,48.7100,48.7200,48.7300,48.7500,20,1,99,7,33,16,1,12,51,12
SZ,002338,2017-01-03 10:17:30,48.6900,2,14606.0000,3,S,48.6900,48.6800,48.6500,48.4500,48.4100,48.7000,48.7100,48.7200,48.7300,48.7500,17,1,99,7,33,16,1,12,51,12
SZ,002338,2017-01-03 10:17:33,48.6900,1,9738.0000,2,S,48.6900,48.6800,48.6500,48.4500,48.4100,48.7000,48.7100,48.7200,48.7300,48.7500,15,1,99,7,33,16,1,12,51,12
SZ,002338,2017-01-03 10:17:36,48.6900,1,9738.0000,2,S,48.6900,48.6800,48.6500,48.4500,48.4200,48.7000,48.7100,48.7200,48.7300,48.7500,13,1,99,7,5,16,1,12,51,12
SZ,002338,2017-01-03 10:17:39,48.6900,2,19476.0000,4,S,48.6900,48.6800,48.6500,48.4500,48.4200,48.7000,48.7200,48.7300,48.7500,48.7600,9,1,99,7,5,16,9,51,12,3
SZ,002338,2017-01-03 10:17:42,48.7000,1,9740.0000,2,B,48.6900,48.6800,48.6500,48.4500,48.4200,48.7000,48.7200,48.7300,48.7500,48.7600,9,1,99,7,5,14,9,51,12,3
SZ,002338,2017-01-03 10:17:48,48.6900,2,34082.0000,7,S,48.6900,48.6800,48.6500,48.4500,48.4200,48.7000,48.7200,48.7300,48.7500,48.7600,2,1,99,7,5,14,9,51,12,3
SZ,002338,2017-01-03 10:17:51,48.6900,1,9740.0000,2,S,48.6800,48.6500,48.4600,48.4500,48.4200,48.6900,48.7000,48.7200,48.7300,48.7500,1,99,6,7,5,5,14,9,51,12
SZ,002338,2017-01-03 10:17:57,48.6500,2,14596.0000,3,S,48.6500,48.4600,48.4500,48.4200,48.4100,48.6900,48.7000,48.7200,48.7300,48.7500,97,6,7,10,33,5,11,9,49,12
SZ,002338,2017-01-03 10:18:00,48.7000,4,73046.0000,15,B,48.6500,48.4600,48.4500,48.4200,48.4100,48.7000,48.7200,48.7300,48.7500,48.7600,97,6,7,10,33,1,9,49,12,3
SZ,002338,2017-01-03 10:18:06,48.6500,1,24326.0000,5,S,48.6500,48.4600,48.4500,48.4200,48.4100,48.6800,48.6900,48.7000,48.7200,48.7300,92,6,7,10,33,4,3,6,8,49
SZ,002338,2017-01-03 10:18:09,48.6800,1,4868.0000,1,B,48.6500,48.4600,48.4500,48.4200,48.4100,48.6800,48.6900,48.7000,48.7200,48.7300,92,6,7,10,39,3,3,6,8,49
SZ,002338,2017-01-03 10:18:18,48.6500,1,9728.0000,2,S,48.6500,48.4600,48.4500,48.4200,48.4100,48.6800,48.6900,48.7000,48.7200,48.7300,90,6,7,10,39,6,3,6,8,49
SZ,002338,2017-01-03 10:18:27,48.6500,1,4866.0000,1,S,48.6500,48.4600,48.4500,48.4200,48.4100,48.6800,48.6900,48.7000,48.7200,48.7300,89,6,7,10,39,57,3,5,8,49
SZ,002338,2017-01-03 10:18:30,48.6800,3,175248.0000,36,B,48.6500,48.4600,48.4500,48.4200,48.4100,48.6800,48.6900,48.7000,48.7200,48.7300,89,6,7,10,39,21,3,5,8,49
SZ,002338,2017-01-03 10:18:36,48.6500,1,48650.0000,10,S,48.6500,48.4600,48.4500,48.4200,48.4100,48.6800,48.6900,48.7000,48.7200,48.7300,79,6,7,10,39,21,3,5,8,49
SZ,002338,2017-01-03 10:18:42,48.6500,1,4864.0000,1,S,48.6500,48.4600,48.4500,48.4200,48.4100,48.6800,48.6900,48.7000,48.7200,48.7300,78,10,7,10,39,21,3,5,8,49
SZ,002338,2017-01-03 10:18:48,48.6500,2,34056.0000,7,S,48.6500,48.4600,48.4500,48.4200,48.4100,48.6800,48.6900,48.7000,48.7200,48.7300,71,10,7,10,39,21,3,5,9,49
SZ,002338,2017-01-03 10:18:57,48.7000,6,150916.0000,31,B,48.7000,48.6500,48.4600,48.4500,48.4200,48.7200,48.7300,48.7500,48.7600,48.7800,1,69,10,7,10,9,49,12,3,12
SZ,002338,2017-01-03 10:19:06,48.6500,2,43788.0000,9,S,48.6500,48.4600,48.4500,48.4200,48.4100,48.7200,48.7300,48.7500,48.7600,48.7800,61,10,7,10,39,9,49,12,3,12
SZ,002338,2017-01-03 10:19:15,48.6500,1,9732.0000,2,S,48.6500,48.4600,48.4500,48.4200,48.4100,48.7000,48.7200,48.7300,48.7500,48.7600,59,40,7,10,39,2,9,49,12,3
SZ,002338,2017-01-03 10:19:18,48.6500,1,9728.0000,2,S,48.6500,48.4600,48.4500,48.4200,48.4100,48.7000,48.7200,48.7300,48.7500,48.7600,57,40,7,10,39,2,9,49,12,3
SZ,002338,2017-01-03 10:19:27,48.6500,1,4866.0000,1,S,48.6500,48.4600,48.4500,48.4200,48.4100,48.7000,48.7200,48.7300,48.7500,48.7600,56,40,7,10,39,12,27,49,12,3
SZ,002338,2017-01-03 10:19:36,48.6500,2,14594.0000,3,S,48.6500,48.4600,48.4500,48.4200,48.4100,48.6900,48.7000,48.7200,48.7300,48.7500,53,40,7,10,39,2,12,27,49,12
SZ,002338,2017-01-03 10:19:51,48.6500,1,59888.0000,13,S,48.6500,48.4600,48.4500,48.4200,48.4100,48.6900,48.7000,48.7200,48.7300,48.7500,45,40,7,10,39,2,15,27,49,12
SZ,002338,2017-01-03 10:20:06,48.6600,1,19464.0000,4,S,48.6600,48.6500,48.4600,48.4500,48.4200,48.6900,48.7000,48.7200,48.7300,48.7500,16,45,40,7,10,2,15,27,49,12
SZ,002338,2017-01-03 10:20:15,48.6600,1,9732.0000,2,S,48.6600,48.6500,48.4600,48.4500,48.4200,48.6900,48.7000,48.7200,48.7300,48.7500,14,45,40,7,10,2,16,27,49,12
SZ,002338,2017-01-03 10:20:18,48.6600,1,4868.0000,1,S,48.6600,48.6500,48.4600,48.4500,48.4200,48.6900,48.7000,48.7200,48.7300,48.7500,13,45,40,7,10,2,16,27,49,11
SZ,002338,2017-01-03 10:20:24,48.6600,2,72988.0000,15,S,48.6500,48.4600,48.4500,48.4200,48.4100,48.6600,48.6900,48.7000,48.7200,48.7300,45,40,7,10,39,30,4,16,27,49
SZ,002338,2017-01-03 10:20:27,48.6500,1,4866.0000,1,S,48.6500,48.4600,48.4500,48.4200,48.4100,48.6600,48.6900,48.7000,48.7200,48.7300,44,40,7,10,39,30,4,16,27,49
SZ,002338,2017-01-03 10:20:33,48.6500,1,14594.0000,3,S,48.6500,48.4600,48.4500,48.4200,48.4100,48.6600,48.6900,48.7000,48.7200,48.7300,41,40,7,10,39,30,2,16,27,49
SZ,002338,2017-01-03 10:20:36,48.6500,1,24326.0000,5,S,48.6500,48.4600,48.4500,48.4200,48.4100,48.6600,48.6900,48.7000,48.7200,48.7300,36,40,7,10,39,30,2,16,27,49
SZ,002338,2017-01-03 10:20:39,48.6500,3,178498.0000,36,S,48.4600,48.4500,48.4200,48.4100,48.4000,48.6400,48.6500,48.6600,48.6900,48.7000,40,7,10,39,47,5,3,30,2,16
SZ,002338,2017-01-03 10:20:42,48.6600,4,301652.0000,62,B,48.4600,48.4500,48.4200,48.4100,48.4000,48.6500,48.6600,48.6900,48.7000,48.7200,40,2,5,39,47,2,1,2,13,32
SZ,002338,2017-01-03 10:20:48,48.4700,1,58164.0000,12,S,48.4700,48.4600,48.4500,48.4200,48.4100,48.6500,48.6600,48.6900,48.7000,48.7200,10,40,2,5,59,17,1,2,13,14
SZ,002338,2017-01-03 10:20:57,48.4700,2,82400.0000,17,S,48.5500,48.4700,48.4600,48.4500,48.4200,48.6500,48.6600,48.6900,48.7000,48.7200,130,4,40,2,5,17,1,2,13,14
SZ,002338,2017-01-03 10:21:00,48.5500,1,9710.0000,2,S,48.5500,48.4700,48.4600,48.4500,48.4200,48.6500,48.6600,48.6900,48.7000,48.7200,128,4,40,2,5,17,1,2,13,14
SZ,002338,2017-01-03 10:21:06,48.5500,2,48550.0000,10,S,48.5500,48.5300,48.4700,48.4600,48.4500,48.6500,48.6600,48.6900,48.7000,48.7200,118,5,4,36,2,17,1,2,13,14
SZ,002338,2017-01-03 10:21:15,48.6500,1,9730.0000,2,B,48.5500,48.4700,48.4600,48.4500,48.4200,48.6500,48.6600,48.6900,48.7000,48.7200,118,8,36,2,5,15,1,2,13,14
SZ,002338,2017-01-03 10:21:18,48.6500,2,29162.0000,6,B,48.5700,48.5600,48.5500,48.4700,48.4600,48.6500,48.6600,48.6900,48.7000,48.7200,80,97,118,8,36,12,1,2,13,14
SZ,002338,2017-01-03 10:21:27,48.5700,1,9716.0000,2,S,48.5700,48.5600,48.5500,48.4700,48.4600,48.6500,48.6600,48.7000,48.7200,48.7300,78,97,118,10,36,16,1,12,14,49
SZ,002338,2017-01-03 10:21:45,48.6400,1,19456.0000,4,B,48.6400,48.6000,48.5900,48.5700,48.5600,48.6500,48.6600,48.7000,48.7200,48.7300,55,5,30,78,97,16,1,13,14,49
SZ,002338,2017-01-03 10:21:54,48.6500,2,24324.0000,5,B,48.6500,48.6400,48.6000,48.5900,48.5700,48.6600,48.7000,48.7200,48.7300,48.7500,6,54,5,30,78,1,13,14,49,11
SZ,002338,2017-01-03 10:21:57,48.6500,1,9728.0000,2,S,48.6500,48.6400,48.6000,48.5900,48.5700,48.6600,48.7000,48.7200,48.7300,48.7500,4,54,5,30,78,1,13,14,49,11
SZ,002338,2017-01-03 10:22:06,48.6500,1,4866.0000,1,S,48.6500,48.6400,48.6000,48.5900,48.5700,48.6600,48.7000,48.7200,48.7300,48.7500,3,54,5,30,78,1,13,14,49,11
SZ,002338,2017-01-03 10:22:09,48.7000,4,69684.0000,15,B,48.7000,48.6500,48.6400,48.6000,48.5900,48.7200,48.7300,48.7500,48.7600,48.7800,185,3,54,5,30,14,49,11,3,12
SZ,002338,2017-01-03 10:22:15,48.7000,1,19480.0000,4,S,48.7000,48.6400,48.6000,48.5900,48.5700,48.7200,48.7300,48.7500,48.7600,48.7800,181,54,5,30,78,14,49,11,3,12
SZ,002338,2017-01-03 10:22:18,48.7000,1,24350.0000,5,S,48.7000,48.6400,48.6000,48.5900,48.5700,48.7200,48.7300,48.7500,48.7600,48.7800,176,54,5,30,78,14,49,11,3,12
SZ,002338,2017-01-03 10:22:21,48.7000,1,14610.0000,3,S,48.7000,48.6400,48.5900,48.5700,48.5600,48.7200,48.7300,48.7500,48.7600,48.7800,173,54,30,78,97,14,49,11,3,12
SZ,002338,2017-01-03 10:22:24,48.7300,6,287484.0000,59,B,48.7000,48.6400,48.5900,48.5700,48.5600,48.7300,48.7500,48.7600,48.7800,48.7900,170,54,30,78,97,7,11,3,12,4
SZ,002338,2017-01-03 10:22:27,48.7000,1,14610.0000,3,S,48.7000,48.6400,48.5900,48.5700,48.5600,48.7300,48.7500,48.7600,48.7800,48.7900,167,54,30,78,97,7,11,3,12,4
SZ,002338,2017-01-03 10:22:30,48.7000,1,9740.0000,2,S,48.7000,48.6400,48.5900,48.5700,48.5600,48.7300,48.7500,48.7600,48.7800,48.7900,165,54,30,78,97,7,11,3,12,4
SZ,002338,2017-01-03 10:22:36,48.7000,1,87660.0000,18,S,48.7000,48.6400,48.5900,48.5700,48.5600,48.7300,48.7500,48.7600,48.7800,48.7900,147,54,30,78,97,7,11,3,12,4
SZ,002338,2017-01-03 10:22:48,48.7000,1,24350.0000,5,S,48.7000,48.6400,48.6000,48.5900,48.5700,48.7300,48.7500,48.7600,48.7800,48.7900,142,54,20,30,78,7,25,3,12,4
SZ,002338,2017-01-03 10:22:54,48.7000,1,29220.0000,6,S,48.7000,48.6400,48.6000,48.5900,48.5700,48.7300,48.7500,48.7600,48.7800,48.7900,236,54,20,30,78,7,25,3,12,4
SZ,002338,2017-01-03 10:22:57,48.7300,2,24358.0000,5,B,48.7000,48.6400,48.6000,48.5900,48.5700,48.7300,48.7500,48.7600,48.7800,48.7900,234,54,20,30,78,4,25,3,12,4
SZ,002338,2017-01-03 10:23:09,48.7000,1,14612.0000,3,S,48.7000,48.6500,48.6400,48.6000,48.5900,48.7300,48.7500,48.7600,48.7800,48.7900,231,80,54,20,30,4,25,3,12,4
SZ,002338,2017-01-03 10:23:27,48.7100,2,9740.0000,2,S,48.7100,48.7000,48.6500,48.6400,48.6000,48.7300,48.7500,48.7600,48.7800,48.7900,25,231,80,54,20,4,25,3,12,4
SZ,002338,2017-01-03 10:23:39,48.7200,1,4872.0000,1,S,48.7200,48.7100,48.7000,48.6500,48.6400,48.7300,48.7500,48.7600,48.7800,48.7900,11,30,231,80,54,4,25,3,12,4
SZ,002338,2017-01-03 10:23:42,48.7200,1,9744.0000,2,S,48.7200,48.7100,48.7000,48.6500,48.6400,48.7300,48.7500,48.7600,48.7800,48.7900,9,30,231,80,54,4,25,3,12,4
SZ,002338,2017-01-03 10:23:45,48.7300,1,14620.0000,3,B,48.7200,48.7100,48.7000,48.6500,48.6400,48.7300,48.7500,48.7600,48.7800,48.7900,9,30,231,80,54,1,25,3,12,4
SZ,002338,2017-01-03 10:23:48,48.7200,1,4872.0000,1,S,48.7200,48.7100,48.7000,48.6500,48.6400,48.7300,48.7500,48.7600,48.7800,48.7900,8,30,231,80,54,1,25,3,12,4
SZ,002338,2017-01-03 10:23:51,48.7200,2,24360.0000,5,S,48.7200,48.7100,48.7000,48.6500,48.6400,48.7300,48.7500,48.7600,48.7800,48.7900,3,30,231,80,54,1,25,3,12,4
SZ,002338,2017-01-03 10:23:54,48.7300,1,4872.0000,1,B,48.7300,48.7200,48.7100,48.7000,48.6500,48.7500,48.7600,48.7800,48.7900,48.8000,6,3,30,231,80,25,3,12,4,2
SZ,002338,2017-01-03 10:23:57,48.7300,2,14620.0000,3,S,48.7300,48.7200,48.7100,48.7000,48.6500,48.7500,48.7600,48.7800,48.7900,48.8000,4,3,30,231,80,25,3,12,4,2
SZ,002338,2017-01-03 10:24:06,48.7300,2,19492.0000,4,S,48.7200,48.7100,48.7000,48.6500,48.6400,48.7300,48.7500,48.7600,48.7800,48.7900,3,30,231,80,54,6,25,3,12,4
SZ,002338,2017-01-03 10:24:09,48.7200,2,14616.0000,3,S,48.7100,48.7000,48.6500,48.6400,48.6000,48.7200,48.7300,48.7500,48.7600,48.7800,30,231,80,54,20,1,6,25,3,12
SZ,002338,2017-01-03 10:24:18,48.7100,1,9742.0000,2,S,48.7100,48.7000,48.6500,48.6400,48.6000,48.7200,48.7300,48.7400,48.7500,48.7600,28,231,80,54,20,1,8,5,25,3
SZ,002338,2017-01-03 10:24:27,48.7100,1,4870.0000,1,S,48.7100,48.7000,48.6500,48.6400,48.6000,48.7200,48.7300,48.7400,48.7500,48.7600,27,231,80,54,20,1,8,21,25,3
SZ,002338,2017-01-03 10:24:30,48.7100,1,29228.0000,6,S,48.7100,48.7000,48.6500,48.6400,48.6000,48.7200,48.7300,48.7400,48.7500,48.7600,21,231,80,54,20,1,8,21,25,3
SZ,002338,2017-01-03 10:24:33,48.7100,1,43838.0000,9,S,48.7100,48.7000,48.6500,48.6400,48.6000,48.7200,48.7300,48.7400,48.7500,48.7600,12,231,80,54,20,1,8,21,25,3
SZ,002338,2017-01-03 10:24:45,48.7100,2,58452.0000,12,S,48.7000,48.6500,48.6400,48.6000,48.5900,48.7100,48.7200,48.7300,48.7400,48.7500,231,80,54,20,30,8,1,8,5,25
SZ,002338,2017-01-03 10:24:48,48.7000,1,19480.0000,4,S,48.7000,48.6500,48.6400,48.6000,48.5900,48.7100,48.7200,48.7300,48.7400,48.7500,227,80,54,20,30,8,1,8,5,25
SZ,002338,2017-01-03 10:24:54,48.7100,3,43838.0000,9,B,48.7000,48.6500,48.6400,48.6000,48.5900,48.7100,48.7200,48.7300,48.7400,48.7500,227,80,54,20,30,287,1,8,5,25
SZ,002338,2017-01-03 10:24:57,48.7000,1,24352.0000,5,S,48.7000,48.6500,48.6400,48.6000,48.5900,48.7200,48.7300,48.7400,48.7500,48.7600,222,80,54,20,30,1,8,5,25,3
SZ,002338,2017-01-03 10:25:00,48.7000,1,4868.0000,1,S,48.7000,48.6500,48.6400,48.6000,48.5900,48.7200,48.7300,48.7400,48.7500,48.7600,225,80,54,20,30,1,8,5,25,3
SZ,002338,2017-01-03 10:25:09,48.7000,4,1099112.0000,225,S,48.6500,48.6400,48.6000,48.5900,48.5700,48.7000,48.7200,48.7300,48.7400,48.7500,80,54,20,30,78,65,1,6,5,25
SZ,002338,2017-01-03 10:25:15,48.7000,1,14608.0000,3,B,48.6500,48.6400,48.6000,48.5900,48.5700,48.7000,48.7200,48.7300,48.7400,48.7500,80,54,20,30,78,66,1,6,5,25
SZ,002338,2017-01-03 10:25:18,48.6500,2,311360.0000,64,S,48.6500,48.6400,48.6000,48.5900,48.5700,48.7000,48.7200,48.7300,48.7400,48.7500,16,54,20,30,78,68,1,6,5,25
SZ,002338,2017-01-03 10:25:24,48.6500,2,38936.0000,8,S,48.6500,48.6400,48.6000,48.5900,48.5700,48.7000,48.7200,48.7300,48.7400,48.7500,11,54,20,30,78,65,1,6,5,25
SZ,002338,2017-01-03 10:25:27,48.6400,3,111884.0000,23,S,48.6400,48.6000,48.5900,48.5700,48.5600,48.7000,48.7200,48.7300,48.7400,48.7500,42,20,30,78,97,65,1,6,5,25
SZ,002338,2017-01-03 10:25:39,48.6400,2,63232.0000,13,S,48.6400,48.6000,48.5900,48.5700,48.5600,48.6600,48.6900,48.7000,48.7200,48.7300,29,20,30,78,97,3,7,61,1,6
SZ,002338,2017-01-03 10:25:48,48.6400,1,14592.0000,3,S,48.6400,48.6000,48.5900,48.5700,48.5600,48.6900,48.7000,48.7200,48.7300,48.7400,26,20,30,78,97,7,61,1,6,5
SZ,002338,2017-01-03 10:25:54,48.6400,1,14592.0000,3,S,48.6400,48.6000,48.5900,48.5700,48.5600,48.6900,48.7000,48.7200,48.7300,48.7400,23,20,30,78,97,7,61,1,6,5
SZ,002338,2017-01-03 10:25:57,48.6400,1,9728.0000,2,S,48.6400,48.6000,48.5900,48.5700,48.5600,48.6900,48.7000,48.7200,48.7300,48.7500,21,20,30,78,97,7,61,1,6,25
SZ,002338,2017-01-03 10:26:06,48.6400,1,9728.0000,2,S,48.6400,48.6000,48.5900,48.5700,48.5600,48.6900,48.7000,48.7200,48.7500,48.7600,19,20,30,78,97,7,61,1,25,3
SZ,002338,2017-01-03 10:26:09,48.6400,1,4864.0000,1,S,48.6400,48.6000,48.5900,48.5700,48.5600,48.6900,48.7000,48.7200,48.7500,48.7600,18,20,30,78,97,7,61,1,25,3
SZ,002338,2017-01-03 10:26:51,48.6400,1,9728.0000,2,S,48.6400,48.6000,48.5900,48.5700,48.5600,48.7000,48.7400,48.7500,48.7600,48.7800,16,20,30,78,97,59,15,25,8,12
SZ,002338,2017-01-03 10:26:57,48.6400,1,4864.0000,1,S,48.6400,48.6000,48.5900,48.5700,48.5600,48.7000,48.7400,48.7500,48.7600,48.7800,15,20,30,78,97,59,15,25,8,12
SZ,002338,2017-01-03 10:27:00,48.6400,1,9728.0000,2,S,48.6400,48.6000,48.5900,48.5700,48.5600,48.7000,48.7400,48.7500,48.7600,48.7800,13,20,30,78,97,59,15,25,8,12
SZ,002338,2017-01-03 10:27:06,48.7000,1,19480.0000,4,B,48.6400,48.6000,48.5900,48.5700,48.5600,48.7000,48.7400,48.7500,48.7600,48.7800,13,20,30,78,97,55,15,25,8,12
SZ,002338,2017-01-03 10:27:18,48.6400,1,9728.0000,2,S,48.6500,48.6400,48.6000,48.5900,48.5700,48.7000,48.7400,48.7500,48.7600,48.7800,13,42,20,30,78,55,15,25,8,12
SZ,002338,2017-01-03 10:27:27,48.6500,3,29188.0000,6,S,48.6500,48.6400,48.6000,48.5900,48.5700,48.7000,48.7500,48.7600,48.7800,48.7900,7,42,20,30,78,61,25,8,12,4
SZ,002338,2017-01-03 10:27:39,48.6500,2,29192.0000,6,S,48.6500,48.6400,48.6000,48.5900,48.5700,48.7000,48.7500,48.7600,48.7800,48.7900,1,42,20,30,78,61,25,8,12,4
SZ,002338,2017-01-03 10:27:48,48.6500,2,9728.0000,2,S,48.6500,48.6400,48.6000,48.5900,48.5700,48.7000,48.7500,48.7600,48.7800,48.7900,30,21,20,30,78,61,25,8,12,4
SZ,002338,2017-01-03 10:27:57,48.7000,1,48700.0000,10,B,48.6500,48.6400,48.6000,48.5900,48.5700,48.7000,48.7500,48.7600,48.7800,48.7900,30,21,20,30,78,51,25,8,12,4
SZ,002338,2017-01-03 10:28:03,48.7000,1,29220.0000,6,B,48.6600,48.6500,48.6400,48.6000,48.5900,48.7000,48.7500,48.7600,48.7800,48.7900,13,30,21,20,30,45,25,8,12,4
SZ,002338,2017-01-03 10:28:09,48.6600,1,24332.0000,5,S,48.6600,48.6500,48.6400,48.6000,48.5900,48.7000,48.7500,48.7600,48.7800,48.7900,8,30,21,20,30,45,25,8,12,4
SZ,002338,2017-01-03 10:28:15,48.7000,1,146100.0000,30,B,48.6600,48.6500,48.6400,48.6000,48.5900,48.7000,48.7500,48.7600,48.7800,48.7900,8,30,21,20,30,15,25,8,12,4
SZ,002338,2017-01-03 10:28:18,48.6600,1,4864.0000,1,S,48.6600,48.6500,48.6400,48.6000,48.5900,48.7000,48.7500,48.7600,48.7800,48.7900,7,30,21,20,30,15,25,8,12,4
SZ,002338,2017-01-03 10:28:24,48.7000,4,74560.0000,16,B,48.7000,48.6600,48.6500,48.6400,48.6000,48.7500,48.7600,48.7800,48.7900,48.8000,44,7,30,21,20,25,8,12,4,2
SZ,002338,2017-01-03 10:28:27,48.7000,1,43832.0000,9,S,48.7000,48.6600,48.6500,48.6400,48.6000,48.7500,48.7600,48.7800,48.7900,48.8000,35,7,80,21,20,25,8,12,4,2
SZ,002338,2017-01-03 10:28:33,48.7500,1,48748.0000,10,B,48.7000,48.6600,48.6500,48.6400,48.6000,48.7500,48.7600,48.7800,48.7900,48.8000,35,7,80,21,20,15,8,12,4,2
SZ,002338,2017-01-03 10:28:36,48.7000,2,29226.0000,6,S,48.7000,48.6600,48.6500,48.6400,48.6000,48.7500,48.7600,48.7800,48.7900,48.8000,30,7,80,21,20,14,8,12,4,2
SZ,002338,2017-01-03 10:28:39,48.7000,1,34090.0000,7,S,48.7000,48.6600,48.6500,48.6400,48.6000,48.7500,48.7600,48.7800,48.7900,48.8000,43,7,60,21,20,14,8,12,4,2
SZ,002338,2017-01-03 10:28:45,48.7000,1,53570.0000,11,S,48.7000,48.6600,48.6500,48.6400,48.6000,48.7500,48.7600,48.7800,48.7900,48.8000,32,14,60,21,20,15,8,12,4,2
SZ,002338,2017-01-03 10:28:48,48.7000,2,19480.0000,4,S,48.7000,48.6600,48.6500,48.6400,48.6000,48.7500,48.7600,48.7800,48.7900,48.8000,28,14,60,21,20,15,8,12,4,2
SZ,002338,2017-01-03 10:28:51,48.7000,1,9740.0000,2,S,48.7000,48.6600,48.6500,48.6400,48.6000,48.7500,48.7600,48.7800,48.7900,48.8000,26,14,60,21,20,16,8,12,4,2
SZ,002338,2017-01-03 10:28:57,48.7000,1,24350.0000,5,S,48.7000,48.6600,48.6500,48.6400,48.6000,48.7500,48.7600,48.7800,48.7900,48.8000,21,14,50,21,20,18,8,12,4,2
SZ,002338,2017-01-03 10:29:03,48.7000,2,14610.0000,3,S,48.7000,48.6600,48.6500,48.6400,48.6000,48.7500,48.7600,48.7800,48.7900,48.8000,30,14,50,21,20,18,8,12,4,2
SZ,002338,2017-01-03 10:29:09,48.7000,2,29220.0000,6,S,48.7000,48.6600,48.6500,48.6400,48.6000,48.7500,48.7600,48.7800,48.7900,48.8000,24,114,50,21,20,18,8,12,4,2
SZ,002338,2017-01-03 10:29:18,48.7000,1,9740.0000,2,S,48.7000,48.6600,48.6500,48.6400,48.6000,48.7500,48.7600,48.7800,48.7900,48.8000,22,114,50,21,20,18,8,12,4,2
SZ,002338,2017-01-03 10:29:27,48.7000,1,4870.0000,1,S,48.7000,48.6600,48.6500,48.6400,48.6000,48.7500,48.7600,48.7800,48.7900,48.8000,121,114,50,21,20,18,8,12,4,2
SZ,002338,2017-01-03 10:30:09,48.7000,1,19480.0000,4,S,48.7000,48.6600,48.6500,48.6400,48.6000,48.7400,48.7500,48.7600,48.7800,48.7900,105,114,50,21,20,10,17,3,12,4
SZ,002338,2017-01-03 10:30:15,48.7000,1,4870.0000,1,S,48.7000,48.6600,48.6500,48.6400,48.6000,48.7400,48.7500,48.7600,48.7800,48.7900,109,114,50,21,20,10,17,3,12,4
SZ,002338,2017-01-03 10:30:18,48.7400,1,48740.0000,10,B,48.7400,48.7100,48.7000,48.6600,48.6500,48.7500,48.7600,48.7800,48.7900,48.8000,190,1,109,108,50,17,3,12,4,2
SZ,002338,2017-01-03 10:30:30,48.7500,2,48746.0000,10,B,48.7400,48.7000,48.6600,48.6500,48.6400,48.7500,48.7600,48.7800,48.7900,48.8000,196,100,108,50,21,11,3,12,4,2
SZ,002338,2017-01-03 10:30:33,48.7500,2,68236.0000,14,B,48.7400,48.7000,48.6600,48.6500,48.6400,48.7500,48.7600,48.7800,48.7900,48.8000,183,100,108,50,21,10,3,12,4,2
SZ,002338,2017-01-03 10:30:39,48.7500,1,24376.0000,5,B,48.7400,48.7000,48.6600,48.6500,48.6400,48.7500,48.7600,48.7800,48.7900,48.8000,178,100,108,50,11,5,3,12,4,2
SZ,002338,2017-01-03 10:30:42,48.7500,3,24376.0000,5,B,48.7500,48.7400,48.7000,48.6600,48.6500,48.7600,48.7800,48.7900,48.8000,48.8400,1,178,100,108,50,3,12,4,2,7
SZ,002338,2017-01-03 10:30:48,48.7400,2,48740.0000,10,S,48.7400,48.7000,48.6600,48.6500,48.6400,48.7500,48.7600,48.7800,48.7900,48.8000,169,110,8,50,11,4,3,12,4,2
SZ,002338,2017-01-03 10:30:54,48.7400,1,9748.0000,2,S,48.7400,48.7000,48.6600,48.6500,48.6400,48.7500,48.7600,48.7800,48.7900,48.8000,172,110,8,50,11,4,3,12,4,2
SZ,002338,2017-01-03 10:30:57,48.7400,2,19496.0000,4,S,48.7400,48.7000,48.6600,48.6500,48.6400,48.7500,48.7600,48.7800,48.7900,48.8000,168,110,8,50,11,4,3,12,4,2
SZ,002338,2017-01-03 10:31:00,48.7800,3,92664.0000,19,B,48.7800,48.7400,48.7000,48.6600,48.6500,48.7900,48.8000,48.8400,48.8700,48.8800,11,168,110,8,50,4,2,7,22,4
SZ,002338,2017-01-03 10:31:09,48.7800,1,34146.0000,7,S,48.7800,48.7400,48.7000,48.6600,48.6500,48.7900,48.8000,48.8400,48.8700,48.8800,7,163,110,8,50,4,2,7,22,4
SZ,002338,2017-01-03 10:31:12,48.8000,2,29276.0000,6,B,48.8000,48.7800,48.7400,48.7000,48.6600,48.8400,48.8700,48.8800,48.8900,48.9000,14,87,163,110,8,7,22,4,5,107
SZ,002338,2017-01-03 10:31:18,48.8000,1,9760.0000,2,S,48.8000,48.7800,48.7400,48.7000,48.6600,48.8400,48.8700,48.8800,48.8900,48.9000,17,84,163,110,8,7,22,4,5,107
SZ,002338,2017-01-03 10:31:21,48.8400,1,19536.0000,4,B,48.8000,48.7800,48.7400,48.7000,48.6600,48.8400,48.8800,48.8900,48.9000,48.9500,17,84,159,110,8,3,4,5,107,24
SZ,002338,2017-01-03 10:31:27,48.8100,3,34176.0000,7,S,48.8100,48.8000,48.7800,48.7400,48.7000,48.8800,48.8900,48.9000,48.9500,48.9600,16,12,84,159,110,4,5,107,24,35
SZ,002338,2017-01-03 10:31:39,48.8100,1,9762.0000,2,S,48.8100,48.7800,48.7400,48.7000,48.6600,48.8800,48.8900,48.9000,48.9500,48.9600,19,84,159,100,8,4,22,107,19,35
SZ,002338,2017-01-03 10:31:42,48.9000,9,660120.0000,135,B,48.9000,48.8300,48.8100,48.7800,48.7400,48.9500,48.9600,48.9700,48.9800,48.9900,65,100,19,84,159,19,35,7,8,8
SZ,002338,2017-01-03 10:31:48,48.9000,2,44050.0000,9,S,48.9000,48.8300,48.8100,48.8000,48.7800,48.9500,48.9600,48.9700,48.9800,48.9900,64,100,19,10,84,11,35,7,8,8
SZ,002338,2017-01-03 10:31:54,48.9600,2,225206.0000,46,B,48.9600,48.9100,48.9000,48.8300,48.8100,48.9700,48.9800,48.9900,49.0000,49.0200,4,1,164,100,14,7,8,8,29,30
SZ,002338,2017-01-03 10:31:57,48.9700,6,273910.0000,56,B,48.9000,48.8300,48.8100,48.8000,48.7800,48.9700,48.9800,48.9900,49.0000,49.0200,121,100,14,10,84,4,8,8,29,30
SZ,002338,2017-01-03 10:32:03,48.9900,4,77882.0000,16,B,48.9900,48.9700,48.9500,48.9000,48.8300,49.0000,49.0200,49.1000,49.1100,49.1200,0,1,22,121,100,29,30,3,4,17
SZ,002338,2017-01-03 10:32:06,48.9900,2,10292.0000,2,S,48.9700,48.9500,48.9000,48.8300,48.8000,48.9900,49.0000,49.0200,49.1000,49.1100,1,22,121,100,10,9,27,30,3,4
