市场代码,证券代码,时间,最新价,成交笔数,成交额,成交量,方向,买一价,买二价,买三价,买四价,买五价,卖一价,卖二价,卖三价,卖四价,卖五价,买一量,买二量,买三量,买四量,买五量,卖一量,卖二量,卖三量,卖四量,卖五量
SZ,002324,2017-01-03 09:25:03,29.6600,5,32626.0000,11,S,29.6600,29.6500,29.6400,29.6000,29.0000,29.8500,29.8800,30.0100,30.0800,30.1600,21,51,1,15,19,249,7,4,10,4
SZ,002324,2017-01-03 09:30:03,29.6700,5,247701.0000,83,B,29.7700,29.6700,29.6600,29.6500,29.6400,29.8400,29.8500,29.8800,29.9900,30.0100,3,18,135,51,1,9,169,7,5,4
SZ,002324,2017-01-03 09:30:09,29.6700,3,32673.0000,11,S,29.6700,29.6600,29.6500,29.6400,29.6100,29.8400,29.8500,29.8800,29.9900,30.0100,21,137,51,1,10,9,169,7,5,4
SZ,002324,2017-01-03 09:30:15,29.6700,2,23736.0000,8,S,29.6700,29.6600,29.6500,29.6400,29.6100,29.8400,29.8500,29.8800,29.9900,30.0100,18,137,51,1,10,9,169,7,5,4
SZ,002324,2017-01-03 09:30:18,29.6600,5,88998.0000,30,S,29.6800,29.6600,29.6500,29.6400,29.6100,29.8400,29.8500,29.8800,29.9900,30.0100,2,125,51,1,10,9,169,7,5,4
SZ,002324,2017-01-03 09:30:24,29.6800,1,5936.0000,2,S,29.6600,29.6500,29.6400,29.6100,29.6000,29.6700,29.7500,29.8400,29.8500,29.8800,125,51,1,10,18,8,3,9,169,7
SZ,002324,2017-01-03 09:30:30,29.6700,1,2967.0000,1,B,29.6600,29.6500,29.6400,29.6100,29.6000,29.6700,29.7500,29.8400,29.8500,29.8800,129,51,1,40,18,7,3,9,169,7
SZ,002324,2017-01-03 09:30:33,29.6700,1,20769.0000,7,B,29.6700,29.6600,29.6500,29.6400,29.6100,29.7500,29.8400,29.8500,29.8800,29.9900,1,129,51,1,40,3,9,169,7,15
SZ,002324,2017-01-03 09:30:48,29.7500,1,2975.0000,1,B,29.7000,29.6700,29.6600,29.6500,29.6400,29.7500,29.8300,29.8400,29.8500,29.8800,10,18,124,51,20,2,20,9,169,7
SZ,002324,2017-01-03 09:30:51,29.8500,4,149181.0000,50,B,29.7000,29.6700,29.6600,29.6500,29.6400,29.8500,29.8800,29.9900,30.0100,30.0800,10,23,124,51,20,150,7,15,4,10
SZ,002324,2017-01-03 09:30:57,29.8500,1,5970.0000,2,B,29.7000,29.6700,29.6600,29.6500,29.6400,29.8500,29.8800,29.9900,30.0100,30.0800,20,23,120,51,20,148,7,5,4,10
SZ,002324,2017-01-03 09:31:06,29.8500,1,29850.0000,10,B,29.7700,29.7000,29.6800,29.6700,29.6600,29.8500,29.8800,29.9900,30.0100,30.0800,2,20,34,24,120,138,7,5,4,10
SZ,002324,2017-01-03 09:31:15,29.8500,1,119400.0000,40,B,29.7700,29.7000,29.6800,29.6700,29.6600,29.8500,29.8800,29.9900,30.0100,30.0800,2,37,34,24,120,98,7,5,4,10
SZ,002324,2017-01-03 09:31:36,29.8500,1,149250.0000,50,B,29.7700,29.7000,29.6800,29.6700,29.6600,29.8500,29.8800,29.9900,30.0100,30.0800,2,37,34,23,89,48,7,5,4,10
SZ,002324,2017-01-03 09:31:57,29.8500,1,5970.0000,2,B,29.7800,29.7700,29.7100,29.7000,29.6800,29.8500,29.8800,29.9900,30.0100,30.0700,1,2,30,37,34,46,7,5,5,4
SZ,002324,2017-01-03 09:32:09,29.8500,1,14925.0000,5,B,29.7800,29.7700,29.7100,29.7000,29.6800,29.8500,29.8800,29.9900,30.0100,30.0700,4,2,30,32,34,41,7,5,4,6
SZ,002324,2017-01-03 09:32:12,29.7800,2,11912.0000,4,S,29.7700,29.7100,29.7000,29.6800,29.6700,29.8500,29.8800,29.9900,30.0100,30.0700,2,30,32,34,18,41,7,5,4,6
SZ,002324,2017-01-03 09:32:30,29.7700,2,11908.0000,4,S,29.7700,29.7100,29.7000,29.6800,29.6700,29.8500,29.8800,29.9900,30.0100,30.0700,15,31,32,34,18,54,7,5,4,6
SZ,002324,2017-01-03 09:32:57,29.7800,1,35736.0000,12,S,29.7800,29.7700,29.7100,29.7000,29.6800,29.8500,29.8800,29.9900,30.0100,30.0700,6,32,31,15,34,54,7,5,4,6
SZ,002324,2017-01-03 09:33:21,29.7800,3,29780.0000,10,S,29.7800,29.7700,29.7100,29.7000,29.6800,29.8500,29.8800,29.9900,30.0100,30.0700,33,44,31,15,34,54,7,5,4,6
SZ,002324,2017-01-03 09:33:30,29.8500,2,161190.0000,54,B,29.8500,29.7800,29.7700,29.7100,29.7000,29.8800,29.9900,30.0100,30.0700,30.0800,486,53,44,31,15,7,5,4,6,10
SZ,002324,2017-01-03 09:34:15,29.8800,1,20916.0000,7,B,29.8800,29.8500,29.8000,29.7900,29.7800,29.9900,30.0100,30.0700,30.0800,30.1500,3,18,7,52,48,5,4,4,10,10
SZ,002324,2017-01-03 09:36:36,29.9800,1,29980.0000,10,B,29.8900,29.8800,29.8500,29.8400,29.8000,29.9900,30.0100,30.0700,30.0800,30.1000,31,3,18,17,2,25,4,4,10,10
SZ,002324,2017-01-03 09:36:45,29.8900,2,5987.0000,2,S,29.8900,29.8800,29.8500,29.8400,29.8000,29.9900,30.0100,30.0700,30.0800,30.1000,30,3,18,17,2,25,4,4,10,10
SZ,002324,2017-01-03 09:36:54,29.9900,2,17994.0000,6,B,29.8900,29.8800,29.8500,29.8400,29.8000,29.9900,30.0100,30.0700,30.0800,30.1000,30,3,18,17,7,19,4,4,10,10
SZ,002324,2017-01-03 09:37:12,29.9900,1,29990.0000,10,B,29.8900,29.8800,29.8500,29.8400,29.8000,29.9900,30.0100,30.0700,30.0800,30.1400,30,3,18,17,7,9,4,4,10,35
SZ,002324,2017-01-03 09:37:36,29.9900,3,32989.0000,11,B,29.9900,29.8900,29.8800,29.8500,29.8400,30.0000,30.0100,30.0600,30.0700,30.0800,77,21,3,18,17,10,4,6,4,10
SZ,002324,2017-01-03 09:37:48,29.9900,1,164945.0000,55,S,29.9900,29.8900,29.8800,29.8500,29.8400,30.0000,30.0100,30.0600,30.0700,30.0800,42,21,3,18,17,10,4,6,4,10
SZ,002324,2017-01-03 09:38:27,29.9900,2,35988.0000,12,S,29.9900,29.9000,29.8900,29.8800,29.8500,30.0000,30.0100,30.0300,30.0600,30.0700,8,5,21,3,18,78,4,1,6,4
SZ,002324,2017-01-03 09:38:30,29.9900,1,8997.0000,3,S,29.9900,29.9000,29.8900,29.8800,29.8500,30.0000,30.0100,30.0300,30.0600,30.0700,5,5,21,3,18,78,4,1,6,4
SZ,002324,2017-01-03 09:38:33,30.0000,2,33000.0000,11,B,29.9900,29.9000,29.8900,29.8800,29.8500,30.0000,30.0100,30.0300,30.0600,30.0700,5,5,21,3,18,67,4,1,6,4
SZ,002324,2017-01-03 09:38:36,29.9900,1,14995.0000,5,S,29.9000,29.8900,29.8800,29.8500,29.8400,29.9900,30.0000,30.0100,30.0300,30.0600,5,21,3,18,17,5,67,4,1,6
SZ,002324,2017-01-03 09:38:57,29.9900,2,23992.0000,8,B,29.9000,29.8900,29.8800,29.8500,29.8400,30.0000,30.0100,30.0300,30.0600,30.0700,5,21,3,18,17,67,4,1,6,4
SZ,002324,2017-01-03 09:39:48,30.0000,1,201000.0000,67,B,30.0000,29.9000,29.8900,29.8800,29.8500,30.0100,30.0300,30.0600,30.0700,30.0800,33,5,21,3,18,4,1,6,4,10
SZ,002324,2017-01-03 09:40:00,30.0000,1,30000.0000,10,S,30.0000,29.9000,29.8900,29.8800,29.8500,30.0100,30.0300,30.0700,30.0800,30.1000,24,5,20,5,18,4,1,4,10,2
SZ,002324,2017-01-03 09:40:09,30.0000,1,30000.0000,10,S,30.0000,29.9000,29.8900,29.8800,29.8500,30.0100,30.0300,30.0700,30.0800,30.1000,14,5,20,5,18,4,1,4,10,2
SZ,002324,2017-01-03 09:40:27,30.0100,1,3001.0000,1,B,30.0000,29.9000,29.8900,29.8800,29.8500,30.0100,30.0300,30.0600,30.0700,30.0800,43,5,20,5,18,3,1,6,4,10
SZ,002324,2017-01-03 09:40:33,30.0100,2,18003.0000,6,B,30.0100,30.0000,29.9000,29.8900,29.8800,30.0300,30.0600,30.0700,30.0800,30.1000,17,40,5,20,5,1,6,4,10,2
SZ,002324,2017-01-03 09:40:51,30.0300,2,9009.0000,3,B,30.0100,30.0000,29.9000,29.8900,29.8800,30.0300,30.0600,30.0700,30.0800,30.1000,17,40,5,20,5,3,6,4,10,2
SZ,002324,2017-01-03 09:41:06,30.0000,3,114017.0000,38,S,30.0000,29.9000,29.8900,29.8800,29.8500,30.0300,30.0600,30.0700,30.0800,30.1000,19,5,20,5,18,3,6,4,10,2
SZ,002324,2017-01-03 09:41:15,30.0600,2,15021.0000,5,B,30.0000,29.9000,29.8900,29.8800,29.8500,30.0600,30.0700,30.0800,30.1000,30.1300,39,5,20,5,18,4,4,10,2,60
SZ,002324,2017-01-03 09:41:48,30.0700,3,18037.0000,6,B,30.0000,29.9100,29.9000,29.8900,29.8800,30.0700,30.0800,30.1000,30.1200,30.1300,39,2,5,20,5,3,10,2,4,60
SZ,002324,2017-01-03 09:42:18,30.0600,1,30060.0000,10,S,30.0000,29.9100,29.9000,29.8900,29.8800,30.0600,30.0700,30.0800,30.1000,30.1200,39,2,5,20,5,25,3,10,3,11
SZ,002324,2017-01-03 09:42:30,30.0600,1,75150.0000,25,B,30.0600,30.0000,29.9100,29.9000,29.8900,30.0700,30.0800,30.1000,30.1200,30.1300,5,39,2,5,20,3,10,3,18,62
SZ,002324,2017-01-03 09:42:39,30.0600,1,15030.0000,5,S,30.0000,29.9100,29.9000,29.8900,29.8800,30.0600,30.0700,30.0800,30.1000,30.1200,39,2,5,20,5,4,9,10,3,18
SZ,002324,2017-01-03 09:42:54,30.0600,1,12024.0000,4,B,30.0600,30.0000,29.9100,29.9000,29.8900,30.0700,30.0800,30.1000,30.1200,30.1300,4,39,2,5,20,9,10,3,18,62
SZ,002324,2017-01-03 09:42:57,30.0600,4,42094.0000,14,S,30.0600,30.0000,29.9100,29.9000,29.8900,30.0700,30.0800,30.1000,30.1200,30.1300,10,42,2,5,20,8,10,3,18,62
SZ,002324,2017-01-03 09:43:12,30.0600,1,15030.0000,5,S,30.0600,30.0000,29.9100,29.9000,29.8900,30.0700,30.0800,30.1000,30.1200,30.1300,5,42,2,5,20,8,10,3,18,62
SZ,002324,2017-01-03 09:43:21,30.0800,3,54136.0000,18,B,30.0800,30.0600,30.0000,29.9100,29.9000,30.1000,30.1200,30.1300,30.1400,30.1500,2,5,42,2,5,3,18,62,10,20
SZ,002324,2017-01-03 09:43:42,30.1000,2,18055.0000,6,B,30.0800,30.0700,30.0600,30.0100,30.0000,30.1000,30.1200,30.1300,30.1400,30.1500,2,6,5,3,42,3,18,62,20,20
SZ,002324,2017-01-03 09:43:45,30.1000,3,9030.0000,3,B,30.1000,30.0800,30.0700,30.0600,30.0100,30.1200,30.1300,30.1400,30.1500,30.1600,8,2,6,5,3,18,62,20,20,6
SZ,002324,2017-01-03 09:44:00,30.1000,2,30100.0000,10,S,30.1000,30.0800,30.0700,30.0600,30.0100,30.1200,30.1300,30.1400,30.1500,30.1600,18,2,6,5,3,18,62,20,20,6
SZ,002324,2017-01-03 09:44:03,30.1200,3,54216.0000,18,B,30.1200,30.1000,30.0800,30.0700,30.0600,30.1300,30.1400,30.1500,30.1600,30.1800,2,18,2,6,5,62,20,20,6,2
SZ,002324,2017-01-03 09:44:12,30.1300,3,33133.0000,11,B,30.1000,30.0800,30.0700,30.0600,30.0100,30.1300,30.1400,30.1500,30.1600,30.1800,18,2,6,5,3,61,20,20,6,2
SZ,002324,2017-01-03 09:44:33,30.1000,2,36120.0000,12,S,30.1000,30.0800,30.0700,30.0600,30.0100,30.1200,30.1300,30.1400,30.1500,30.1600,6,2,6,5,3,5,61,20,20,6
SZ,002324,2017-01-03 09:44:36,30.1300,3,18073.0000,6,B,30.1200,30.1000,30.0800,30.0700,30.0600,30.1300,30.1400,30.1500,30.1600,30.1800,20,6,2,6,5,60,20,20,6,2
SZ,002324,2017-01-03 09:44:42,30.1200,1,30120.0000,10,S,30.1200,30.1000,30.0800,30.0700,30.0600,30.1300,30.1400,30.1500,30.1600,30.1800,10,6,2,6,5,60,20,20,6,2
SZ,002324,2017-01-03 09:44:48,30.1300,3,90370.0000,30,B,30.1000,30.0800,30.0700,30.0600,30.0100,30.1300,30.1400,30.1500,30.1600,30.1800,6,2,6,5,3,50,20,20,6,2
SZ,002324,2017-01-03 09:44:51,30.1300,2,105445.0000,35,B,30.1000,30.0800,30.0700,30.0600,30.0100,30.1300,30.1400,30.1500,30.1600,30.1800,6,2,6,5,3,25,20,20,6,2
SZ,002324,2017-01-03 09:44:57,30.1300,3,81349.0000,27,B,30.1300,30.1000,30.0800,30.0700,30.0600,30.1400,30.1500,30.1600,30.1800,30.1900,26,6,2,15,5,20,20,6,2,1
SZ,002324,2017-01-03 09:45:06,30.1300,1,30130.0000,10,S,30.1300,30.1000,30.0800,30.0700,30.0600,30.1400,30.1500,30.1600,30.1800,30.1900,16,6,2,15,5,20,20,6,2,1
SZ,002324,2017-01-03 09:45:09,30.1300,3,66292.0000,22,S,30.1000,30.0800,30.0700,30.0600,30.0100,30.1300,30.1400,30.1500,30.1600,30.1800,6,2,15,5,3,10,14,20,6,2
SZ,002324,2017-01-03 09:45:18,30.1500,6,120556.0000,40,B,30.1000,30.0800,30.0700,30.0600,30.0100,30.1500,30.1600,30.1800,30.1900,30.2000,6,2,15,5,3,11,6,2,1,18
SZ,002324,2017-01-03 09:45:24,30.1300,1,15065.0000,5,B,30.1000,30.0800,30.0700,30.0600,30.0100,30.1300,30.1500,30.1600,30.1800,30.1900,6,2,9,5,3,7,11,6,2,1
SZ,002324,2017-01-03 09:45:42,30.1300,1,18078.0000,6,B,30.1000,30.0800,30.0700,30.0600,30.0100,30.1300,30.1500,30.1600,30.1800,30.1900,16,2,9,5,3,1,21,6,2,11
SZ,002324,2017-01-03 09:45:57,30.1300,1,3013.0000,1,B,30.1300,30.1000,30.0800,30.0700,30.0600,30.1500,30.1600,30.1800,30.1900,30.2000,1,16,2,9,5,21,6,12,11,18
SZ,002324,2017-01-03 09:46:06,30.1300,1,3013.0000,1,S,30.1000,30.0800,30.0700,30.0600,30.0100,30.1300,30.1500,30.1600,30.1800,30.1900,16,2,9,5,3,1,21,6,12,11
SZ,002324,2017-01-03 09:46:39,30.1200,1,12048.0000,4,S,30.1000,30.0800,30.0700,30.0600,30.0100,30.1200,30.1300,30.1500,30.1600,30.1800,16,2,9,5,3,6,1,21,16,12
SZ,002324,2017-01-03 09:46:51,30.1000,2,30100.0000,10,S,30.1000,30.0800,30.0700,30.0600,30.0100,30.1200,30.1300,30.1500,30.1600,30.1800,6,2,9,5,3,6,25,21,16,12
SZ,002324,2017-01-03 09:47:03,30.0000,6,102172.0000,34,S,30.0000,29.9100,29.9000,29.8900,29.8800,30.1000,30.1200,30.1300,30.1500,30.1600,33,2,5,20,2,14,6,25,21,16
SZ,002324,2017-01-03 09:47:18,30.1000,1,18060.0000,6,B,30.0000,29.9100,29.9000,29.8900,29.8800,30.1000,30.1200,30.1300,30.1500,30.1600,33,2,5,20,2,8,6,21,21,16
SZ,002324,2017-01-03 09:47:21,30.1000,1,6020.0000,2,B,30.0000,29.9100,29.9000,29.8900,29.8800,30.1000,30.1200,30.1300,30.1500,30.1600,33,2,5,20,2,6,6,21,21,16
SZ,002324,2017-01-03 09:47:42,30.1000,1,6020.0000,2,B,30.0000,29.9100,29.9000,29.8900,29.8800,30.1000,30.1200,30.1300,30.1500,30.1600,33,2,5,20,2,4,6,1,21,16
SZ,002324,2017-01-03 09:48:30,30.0000,1,9000.0000,3,S,30.0000,29.9100,29.9000,29.8900,29.8800,30.0800,30.0900,30.1000,30.1200,30.1300,33,2,11,20,2,1,4,7,6,1
SZ,002324,2017-01-03 09:48:36,30.0000,1,6000.0000,2,S,30.0000,29.9100,29.9000,29.8900,29.8800,30.0800,30.0900,30.1000,30.1200,30.1300,31,2,11,20,2,1,4,7,6,1
SZ,002324,2017-01-03 09:49:06,30.0800,1,3008.0000,1,B,30.0800,30.0000,29.9100,29.9000,29.8900,30.0900,30.1000,30.1200,30.1300,30.1500,2,31,2,21,20,4,7,6,1,21
SZ,002324,2017-01-03 09:49:09,30.0800,1,6016.0000,2,S,30.0100,30.0000,29.9100,29.9000,29.8900,30.0900,30.1000,30.1200,30.1300,30.1500,23,31,2,21,20,4,7,6,1,21
SZ,002324,2017-01-03 09:49:27,30.0100,1,3001.0000,1,S,30.0100,30.0000,29.9100,29.9000,29.8900,30.0900,30.1000,30.1200,30.1300,30.1500,22,31,2,21,20,5,7,6,4,21
SZ,002324,2017-01-03 09:49:45,30.0900,1,6018.0000,2,B,30.0100,30.0000,29.9500,29.9100,29.9000,30.0900,30.1000,30.1300,30.1500,30.1600,22,31,5,7,21,3,7,4,21,16
SZ,002324,2017-01-03 09:49:51,30.0100,5,36099.0000,12,S,30.0100,30.0000,29.9500,29.9100,29.9000,30.1300,30.1500,30.1600,30.1800,30.1900,20,31,5,7,21,4,21,16,16,11
SZ,002324,2017-01-03 09:50:18,30.0100,1,3001.0000,1,S,30.0100,30.0000,29.9500,29.9100,29.9000,30.1000,30.1300,30.1500,30.1600,30.1800,19,31,5,7,15,12,11,21,16,16
SZ,002324,2017-01-03 09:50:36,30.0100,1,6002.0000,2,S,30.0200,30.0100,30.0000,29.9500,29.9100,30.1000,30.1300,30.1500,30.1600,30.1800,7,36,31,5,7,12,40,21,16,16
SZ,002324,2017-01-03 09:50:51,30.1000,3,66210.0000,22,B,30.1000,30.0200,30.0100,30.0000,29.9500,30.1300,30.1500,30.1600,30.1800,30.1900,3,17,36,31,5,60,21,16,16,11
SZ,002324,2017-01-03 09:51:09,30.1000,1,6020.0000,2,S,30.1000,30.0900,30.0200,30.0100,30.0000,30.1200,30.1300,30.1500,30.1600,30.1800,1,3,7,36,81,3,31,23,16,16
SZ,002324,2017-01-03 09:51:15,30.1300,3,18075.0000,6,B,30.1000,30.0900,30.0200,30.0100,30.0000,30.1300,30.1500,30.1600,30.1800,30.1900,1,3,7,36,81,28,23,6,16,11
SZ,002324,2017-01-03 09:51:18,30.0900,2,6019.0000,2,S,30.0900,30.0200,30.0100,30.0000,29.9500,30.1300,30.1500,30.1600,30.1800,30.1900,2,7,36,81,5,28,23,6,16,11
SZ,002324,2017-01-03 09:51:21,30.1300,4,84364.0000,28,B,30.1300,30.0900,30.0200,30.0100,30.0000,30.1500,30.1600,30.1800,30.1900,30.2000,3,2,7,36,81,23,6,16,11,10
SZ,002324,2017-01-03 09:51:27,30.1300,1,9039.0000,3,S,30.1200,30.0900,30.0200,30.0100,30.0000,30.1300,30.1500,30.1600,30.1800,30.1900,10,2,7,46,81,7,23,6,16,21
SZ,002324,2017-01-03 09:51:39,30.1500,4,69331.0000,23,B,30.1200,30.0900,30.0200,30.0100,30.0000,30.1500,30.1600,30.1800,30.1900,30.2000,10,52,7,36,81,7,6,16,21,39
SZ,002324,2017-01-03 09:52:00,30.0900,2,9027.0000,3,S,30.0900,30.0200,30.0100,30.0000,29.9500,30.1500,30.1600,30.1800,30.1900,30.2000,49,7,36,81,7,7,6,26,21,39
SZ,002324,2017-01-03 09:52:21,30.0900,1,3009.0000,1,S,30.0900,30.0200,30.0100,30.0000,29.9500,30.1500,30.1600,30.1800,30.1900,30.2000,48,7,36,83,7,7,6,26,21,39
SZ,002324,2017-01-03 09:52:54,30.0900,1,6018.0000,2,S,30.0900,30.0200,30.0100,30.0000,29.9500,30.1500,30.1600,30.1700,30.1800,30.1900,46,14,36,83,7,10,6,15,26,21
SZ,002324,2017-01-03 09:53:45,30.0900,1,3009.0000,1,S,30.0900,30.0300,30.0200,30.0100,30.0000,30.1400,30.1500,30.1600,30.1700,30.1800,45,2,14,36,38,13,10,16,10,26
SZ,002324,2017-01-03 09:54:15,30.0900,1,15045.0000,5,S,30.0300,30.0200,30.0100,30.0000,29.9900,30.1400,30.1500,30.1600,30.1700,30.1800,19,14,36,38,5,13,10,16,10,26
SZ,002324,2017-01-03 09:54:39,30.0400,1,6008.0000,2,S,30.0400,30.0300,30.0200,30.0100,30.0000,30.1300,30.1400,30.1500,30.1600,30.1700,13,19,14,36,38,13,13,10,16,10
SZ,002324,2017-01-03 09:55:03,30.0900,1,87261.0000,29,B,30.0900,30.0400,30.0300,30.0200,30.0100,30.1200,30.1300,30.1400,30.1500,30.1600,1,14,19,14,36,6,13,23,10,14
SZ,002324,2017-01-03 09:55:12,30.0900,1,3009.0000,1,S,30.0400,30.0300,30.0200,30.0100,30.0000,30.0900,30.1200,30.1300,30.1400,30.1500,14,19,14,36,38,3,6,13,23,10
SZ,002324,2017-01-03 09:55:30,30.0400,1,3004.0000,1,S,30.0400,30.0300,30.0200,30.0100,30.0000,30.0800,30.0900,30.1200,30.1300,30.1400,63,19,14,36,38,5,3,6,13,23
SZ,002324,2017-01-03 09:55:48,30.0400,1,15020.0000,5,S,30.0400,30.0300,30.0200,30.0100,30.0000,30.0800,30.0900,30.1200,30.1300,30.1400,58,19,14,36,38,5,3,6,13,23
SZ,002324,2017-01-03 09:56:48,30.0800,1,3008.0000,1,B,30.0400,30.0300,30.0200,30.0100,30.0000,30.0800,30.1200,30.1300,30.1400,30.1500,58,19,14,36,38,4,6,13,23,12
SZ,002324,2017-01-03 09:56:54,30.0400,1,9012.0000,3,S,30.0500,30.0400,30.0300,30.0200,30.0100,30.1200,30.1300,30.1400,30.1500,30.1600,10,55,19,14,36,6,13,23,12,14
SZ,002324,2017-01-03 09:57:33,30.0600,1,15030.0000,5,S,30.0600,30.0500,30.0400,30.0300,30.0200,30.1300,30.1400,30.1500,30.1600,30.1700,15,10,55,19,14,13,23,12,14,10
SZ,002324,2017-01-03 09:57:57,30.1200,1,15060.0000,5,B,30.0700,30.0600,30.0500,30.0400,30.0300,30.1200,30.1300,30.1400,30.1500,30.1600,50,15,10,55,19,14,13,23,12,14
SZ,002324,2017-01-03 09:58:09,30.1300,3,81337.0000,27,B,30.1300,30.0800,30.0700,30.0600,30.0500,30.1400,30.1500,30.1600,30.1700,30.1800,23,2,50,19,10,23,12,14,10,28
SZ,002324,2017-01-03 09:58:30,30.1500,4,90427.0000,30,B,30.1300,30.1200,30.0800,30.0700,30.0600,30.1500,30.1600,30.1700,30.1800,30.1900,23,10,2,50,19,5,14,10,28,21
SZ,002324,2017-01-03 09:58:54,30.1600,4,30155.0000,10,B,30.1300,30.1200,30.0800,30.0700,30.0600,30.1600,30.1700,30.1800,30.1900,30.2000,23,10,2,50,19,9,10,28,21,8
SZ,002324,2017-01-03 09:59:12,30.1300,1,15065.0000,5,S,30.1300,30.1200,30.0800,30.0700,30.0600,30.1600,30.1700,30.1800,30.1900,30.2000,18,10,2,50,19,9,10,28,21,8
SZ,002324,2017-01-03 09:59:24,30.1300,1,3013.0000,1,S,30.1300,30.0800,30.0600,30.0500,30.0400,30.1600,30.1700,30.1800,30.1900,30.2000,17,2,19,10,5,9,10,28,21,8
SZ,002324,2017-01-03 09:59:57,30.1400,1,3014.0000,1,S,30.1400,30.1300,30.0800,30.0600,30.0500,30.1500,30.1600,30.1700,30.1800,30.1900,8,17,2,19,10,5,19,10,28,21
SZ,002324,2017-01-03 10:00:15,30.1400,2,24112.0000,8,S,30.1300,30.0800,30.0600,30.0500,30.0400,30.1400,30.1500,30.1600,30.1700,30.1800,17,2,19,10,4,7,15,19,10,28
SZ,002324,2017-01-03 10:00:21,30.1300,1,51221.0000,17,S,30.0800,30.0600,30.0500,30.0400,30.0300,30.1300,30.1400,30.1500,30.1600,30.1700,2,19,10,4,19,33,7,15,19,10
SZ,002324,2017-01-03 10:00:27,30.1300,1,60260.0000,20,B,30.0800,30.0600,30.0500,30.0400,30.0300,30.1300,30.1400,30.1500,30.1600,30.1700,2,19,10,4,19,13,7,15,19,10
SZ,002324,2017-01-03 10:00:48,30.1300,1,39169.0000,13,B,30.0800,30.0600,30.0500,30.0400,30.0300,30.1400,30.1500,30.1600,30.1700,30.1800,2,19,10,4,19,7,15,19,10,28
SZ,002324,2017-01-03 10:00:54,30.0800,1,6016.0000,2,S,30.0600,30.0500,30.0400,30.0300,30.0200,30.0800,30.1400,30.1500,30.1600,30.1700,19,10,4,19,7,3,7,15,19,10
SZ,002324,2017-01-03 10:01:12,30.0800,2,9024.0000,3,B,30.0800,30.0600,30.0500,30.0400,30.0300,30.1400,30.1500,30.1600,30.1700,30.1800,1,19,10,4,19,13,15,19,10,28
SZ,002324,2017-01-03 10:01:33,30.0800,1,3008.0000,1,S,30.0800,30.0600,30.0500,30.0400,30.0300,30.1300,30.1400,30.1500,30.1600,30.1700,20,19,10,4,19,5,21,15,19,10
SZ,002324,2017-01-03 10:01:36,30.0800,1,6016.0000,2,S,30.0800,30.0600,30.0500,30.0400,30.0300,30.1300,30.1400,30.1500,30.1600,30.1700,18,19,10,4,19,5,21,15,19,10
SZ,002324,2017-01-03 10:02:06,30.0800,1,12032.0000,4,S,30.0800,30.0600,30.0500,30.0400,30.0300,30.1300,30.1400,30.1500,30.1600,30.1700,14,19,10,4,19,5,21,15,19,10
SZ,002324,2017-01-03 10:02:12,30.0800,1,21056.0000,7,S,30.0800,30.0600,30.0500,30.0400,30.0300,30.1300,30.1400,30.1500,30.1600,30.1700,16,19,10,4,19,5,21,15,19,10
SZ,002324,2017-01-03 10:02:30,30.0800,1,12032.0000,4,S,30.0800,30.0600,30.0500,30.0400,30.0300,30.1300,30.1400,30.1500,30.1600,30.1700,12,19,10,4,19,5,21,15,21,10
SZ,002324,2017-01-03 10:03:06,30.0800,2,21056.0000,7,S,30.0800,30.0600,30.0500,30.0400,30.0300,30.1300,30.1400,30.1500,30.1600,30.1700,5,19,10,4,19,34,21,15,21,10
SZ,002324,2017-01-03 10:03:36,30.0800,1,3008.0000,1,S,30.0800,30.0600,30.0500,30.0400,30.0300,30.1300,30.1400,30.1500,30.1600,30.1700,4,19,10,4,19,34,21,15,21,10
SZ,002324,2017-01-03 10:04:03,30.0600,2,24056.0000,8,S,30.0600,30.0500,30.0400,30.0300,30.0200,30.1300,30.1400,30.1500,30.1600,30.1700,15,10,4,19,7,34,21,21,21,10
SZ,002324,2017-01-03 10:04:18,30.0600,1,15030.0000,5,S,30.0600,30.0500,30.0400,30.0300,30.0200,30.1300,30.1400,30.1500,30.1600,30.1700,10,10,4,19,7,34,21,21,21,10
SZ,002324,2017-01-03 10:04:39,30.0600,2,21042.0000,7,S,30.0600,30.0500,30.0400,30.0300,30.0200,30.0800,30.1200,30.1300,30.1400,30.1500,3,10,4,19,7,46,6,34,13,21
SZ,002324,2017-01-03 10:04:57,30.0500,2,21038.0000,7,S,30.0500,30.0400,30.0300,30.0200,30.0100,30.0700,30.0800,30.1200,30.1300,30.1400,6,4,19,7,36,1,46,6,34,13
SZ,002324,2017-01-03 10:05:09,30.0800,2,90239.0000,30,B,30.0500,30.0400,30.0300,30.0200,30.0100,30.0800,30.1200,30.1300,30.1400,30.1500,6,4,19,7,36,17,6,34,13,21
SZ,002324,2017-01-03 10:05:18,30.0500,1,3005.0000,1,S,30.0500,30.0400,30.0300,30.0200,30.0100,30.0800,30.1200,30.1300,30.1400,30.1500,5,4,19,7,36,17,6,34,13,21
SZ,002324,2017-01-03 10:05:48,30.0500,1,15025.0000,5,S,30.0400,30.0300,30.0200,30.0100,30.0000,30.0800,30.1200,30.1300,30.1400,30.1500,19,19,7,36,48,17,6,34,13,21
SZ,002324,2017-01-03 10:05:57,30.0400,2,24032.0000,8,S,30.0400,30.0300,30.0200,30.0100,30.0000,30.0500,30.0800,30.1200,30.1300,30.1400,11,19,7,36,48,50,9,6,34,13
SZ,002324,2017-01-03 10:06:42,30.0400,1,33044.0000,11,S,30.0300,30.0200,30.0100,30.0000,29.9900,30.0500,30.0800,30.1200,30.1300,30.1400,19,7,36,48,5,58,9,6,34,6
SZ,002324,2017-01-03 10:06:51,30.0300,1,6006.0000,2,S,30.0300,30.0200,30.0100,30.0000,29.9900,30.0500,30.0800,30.1200,30.1300,30.1400,17,7,36,48,5,58,9,6,34,6
SZ,002324,2017-01-03 10:06:57,30.0300,1,6006.0000,2,S,30.0300,30.0200,30.0100,30.0000,29.9900,30.0500,30.0800,30.1200,30.1300,30.1400,15,7,36,48,5,58,9,6,34,6
SZ,002324,2017-01-03 10:07:00,30.0500,2,174290.0000,58,B,30.0300,30.0200,30.0100,30.0000,29.9900,30.0800,30.1200,30.1300,30.1400,30.1500,15,7,36,48,5,9,6,29,6,21
SZ,002324,2017-01-03 10:07:12,30.0800,1,15040.0000,5,B,30.0300,30.0200,30.0100,30.0000,29.9900,30.0800,30.1200,30.1300,30.1400,30.1500,15,7,36,48,5,4,6,29,6,21
SZ,002324,2017-01-03 10:07:27,30.0400,1,15020.0000,5,S,30.0400,30.0300,30.0200,30.0100,30.0000,30.0800,30.1100,30.1200,30.1300,30.1400,5,15,7,36,48,4,10,6,29,6
SZ,002324,2017-01-03 10:07:45,30.0400,1,15020.0000,5,S,30.0300,30.0200,30.0100,30.0000,29.9900,30.0800,30.1100,30.1200,30.1400,30.1500,15,7,36,48,5,4,10,6,6,21
SZ,002324,2017-01-03 10:07:51,30.0800,1,12032.0000,4,B,30.0800,30.0300,30.0200,30.0100,30.0000,30.1100,30.1200,30.1400,30.1500,30.1600,46,15,7,36,48,10,6,6,21,21
SZ,002324,2017-01-03 10:08:36,30.0800,1,6016.0000,2,S,30.0800,30.0400,30.0300,30.0200,30.0100,30.1100,30.1200,30.1400,30.1500,30.1600,44,9,15,7,36,11,6,6,21,141
SZ,002324,2017-01-03 10:09:09,30.0800,1,15040.0000,5,S,30.0800,30.0500,30.0400,30.0300,30.0200,30.1000,30.1100,30.1200,30.1400,30.1500,39,20,9,15,7,28,11,6,6,21
SZ,002324,2017-01-03 10:09:15,30.0800,1,3008.0000,1,S,30.0800,30.0500,30.0400,30.0300,30.0200,30.1000,30.1100,30.1200,30.1400,30.1500,38,20,9,15,7,28,11,6,6,21
SZ,002324,2017-01-03 10:09:54,30.0500,1,3005.0000,1,S,30.0500,30.0300,30.0200,30.0100,30.0000,30.1000,30.1100,30.1200,30.1400,30.1500,19,15,7,36,69,28,19,6,6,21
SZ,002324,2017-01-03 10:10:24,30.0600,1,9018.0000,3,S,30.0600,30.0500,30.0400,30.0300,30.0200,30.1000,30.1100,30.1200,30.1400,30.1500,6,19,2,15,7,28,19,6,6,21
SZ,002324,2017-01-03 10:10:51,30.0600,1,15030.0000,5,S,30.0600,30.0500,30.0400,30.0300,30.0200,30.0900,30.1000,30.1100,30.1200,30.1400,11,19,2,15,7,3,31,19,6,6
SZ,002324,2017-01-03 10:10:54,30.1000,2,90297.0000,30,B,30.0600,30.0500,30.0400,30.0300,30.0200,30.1000,30.1100,30.1200,30.1400,30.1500,11,19,2,15,7,1,19,6,6,21
SZ,002324,2017-01-03 10:11:12,30.0600,1,3006.0000,1,S,30.0500,30.0400,30.0300,30.0200,30.0100,30.0600,30.1000,30.1100,30.1200,30.1400,19,2,15,7,36,2,1,19,6,6
SZ,002324,2017-01-03 10:11:24,30.0600,1,6012.0000,2,B,30.0600,30.0500,30.0400,30.0300,30.0200,30.1000,30.1100,30.1200,30.1400,30.1500,5,19,2,15,7,1,19,6,6,21
SZ,002324,2017-01-03 10:11:57,30.0600,1,6012.0000,2,S,30.0600,30.0500,30.0400,30.0300,30.0200,30.1000,30.1100,30.1200,30.1400,30.1500,4,19,2,15,7,1,19,6,6,21
SZ,002324,2017-01-03 10:12:12,30.1100,4,60219.0000,20,B,30.0600,30.0500,30.0400,30.0300,30.0200,30.1200,30.1400,30.1500,30.1600,30.1700,4,19,2,15,7,6,6,21,141,10
SZ,002324,2017-01-03 10:12:18,30.0600,1,6012.0000,2,S,30.0600,30.0500,30.0400,30.0300,30.0200,30.1200,30.1400,30.1500,30.1600,30.1700,2,19,2,15,7,6,6,21,141,10
SZ,002324,2017-01-03 10:12:30,30.0900,1,15045.0000,5,S,30.0900,30.0600,30.0500,30.0400,30.0300,30.1200,30.1400,30.1500,30.1600,30.1700,5,2,19,2,15,6,6,21,141,10
SZ,002324,2017-01-03 10:13:15,30.1200,1,18072.0000,6,B,30.1200,30.1000,30.0900,30.0600,30.0500,30.1400,30.1500,30.1600,30.1700,30.1800,4,14,11,1,19,6,21,141,10,28
SZ,002324,2017-01-03 10:13:30,30.1000,2,54188.0000,18,S,30.0900,30.0600,30.0500,30.0400,30.0300,30.1000,30.1400,30.1500,30.1600,30.1700,11,1,19,2,15,64,12,21,141,10
SZ,002324,2017-01-03 10:13:36,30.0900,1,6018.0000,2,S,30.0900,30.0600,30.0500,30.0400,30.0300,30.1000,30.1400,30.1500,30.1600,30.1700,9,1,19,2,15,64,12,21,141,10
SZ,002324,2017-01-03 10:13:45,30.0900,4,328081.0000,109,S,30.0600,30.0500,30.0400,30.0300,30.0200,30.0900,30.1200,30.1400,30.1500,30.1600,1,19,2,15,7,16,50,18,21,141
SZ,002324,2017-01-03 10:14:06,30.0900,1,49649.0000,17,B,30.0900,30.0600,30.0500,30.0400,30.0300,30.1200,30.1400,30.1500,30.1600,30.1700,3,1,19,2,15,50,18,21,141,10
SZ,002324,2017-01-03 10:14:12,30.0700,2,15042.0000,5,S,30.0700,30.0600,30.0500,30.0400,30.0300,30.1200,30.1400,30.1500,30.1600,30.1700,3,1,19,2,15,50,18,21,141,10
SZ,002324,2017-01-03 10:14:15,30.0700,1,10524.0000,3,S,30.0600,30.0500,30.0400,30.0300,30.0200,30.0700,30.1200,30.1400,30.1500,30.1600,1,19,2,15,7,1,50,18,21,141
SZ,002324,2017-01-03 10:14:24,30.0700,1,4511.0000,2,B,30.0700,30.0600,30.0500,30.0400,30.0300,30.1200,30.1400,30.1500,30.1600,30.1700,28,1,19,2,15,50,18,21,141,10
SZ,002324,2017-01-03 10:14:42,30.0700,1,3007.0000,1,S,30.0700,30.0600,30.0500,30.0400,30.0300,30.1200,30.1400,30.1500,30.1600,30.1700,30,1,19,2,15,50,23,21,141,10
SZ,002324,2017-01-03 10:15:09,30.0700,1,18042.0000,6,S,30.0700,30.0600,30.0500,30.0400,30.0300,30.1200,30.1400,30.1500,30.1600,30.1700,24,1,19,2,15,50,23,21,141,10
SZ,002324,2017-01-03 10:15:18,30.0700,1,6014.0000,2,S,30.0700,30.0600,30.0500,30.0400,30.0300,30.1200,30.1400,30.1500,30.1600,30.1700,22,1,19,2,15,50,23,21,141,10
SZ,002324,2017-01-03 10:15:33,30.1000,2,60200.0000,20,B,30.0700,30.0600,30.0500,30.0400,30.0300,30.1000,30.1200,30.1400,30.1500,30.1600,22,1,19,2,15,78,50,23,21,141
SZ,002324,2017-01-03 10:15:39,30.1000,1,21070.0000,7,B,30.0700,30.0600,30.0500,30.0400,30.0300,30.1000,30.1200,30.1400,30.1500,30.1600,22,1,19,2,15,71,50,23,21,141
SZ,002324,2017-01-03 10:15:48,30.1000,1,150500.0000,50,B,30.0700,30.0600,30.0500,30.0400,30.0300,30.1000,30.1200,30.1400,30.1500,30.1600,22,1,19,2,15,21,50,17,21,141
SZ,002324,2017-01-03 10:15:54,30.0700,1,15035.0000,5,S,30.0700,30.0600,30.0500,30.0400,30.0300,30.1000,30.1200,30.1400,30.1500,30.1600,17,1,19,2,15,21,50,17,21,141
SZ,002324,2017-01-03 10:16:03,30.1000,1,30100.0000,10,B,30.0700,30.0600,30.0500,30.0400,30.0300,30.1000,30.1200,30.1400,30.1500,30.1600,17,1,19,2,15,11,50,17,21,141
SZ,002324,2017-01-03 10:16:09,30.0700,1,18042.0000,6,S,30.0700,30.0600,30.0500,30.0400,30.0300,30.1000,30.1200,30.1400,30.1500,30.1600,11,1,19,2,15,11,50,17,21,141
SZ,002324,2017-01-03 10:16:33,30.0300,6,145734.0000,48,S,30.0200,30.0100,30.0000,29.9900,29.9500,30.0300,30.1000,30.1400,30.1500,30.1600,7,36,44,5,26,1,11,17,21,141
SZ,002324,2017-01-03 10:16:36,30.1000,2,9020.0000,3,B,30.0200,30.0100,30.0000,29.9900,29.9500,30.1000,30.1400,30.1500,30.1600,30.1700,7,36,44,5,26,9,17,21,141,10
SZ,002324,2017-01-03 10:16:54,30.0200,1,9006.0000,3,S,30.0200,30.0100,30.0000,29.9900,29.9500,30.0700,30.1000,30.1400,30.1500,30.1600,4,36,44,5,26,2,9,17,21,141
SZ,002324,2017-01-03 10:17:00,30.0700,2,21049.0000,7,B,30.0200,30.0100,30.0000,29.9900,29.9500,30.0700,30.1000,30.1400,30.1500,30.1600,4,36,44,5,26,1,9,11,21,141
SZ,002324,2017-01-03 10:17:15,30.0700,1,3007.0000,1,B,30.0700,30.0200,30.0100,30.0000,29.9900,30.1000,30.1300,30.1400,30.1500,30.1600,5,4,36,44,5,9,7,11,21,141
SZ,002324,2017-01-03 10:17:30,30.0700,2,30091.0000,10,S,30.0700,30.0200,30.0100,30.0000,29.9900,30.1000,30.1300,30.1400,30.1500,30.1600,5,4,36,44,5,8,7,11,21,141
SZ,002324,2017-01-03 10:17:33,30.0700,2,15035.0000,5,S,30.0200,30.0100,30.0000,29.9900,29.9500,30.1000,30.1300,30.1400,30.1500,30.1600,4,36,44,5,26,8,7,11,21,141
SZ,002324,2017-01-03 10:18:09,30.0400,1,15020.0000,5,S,30.0400,30.0300,30.0200,30.0100,30.0000,30.1000,30.1300,30.1400,30.1500,30.1600,15,30,4,36,44,8,7,11,21,141
SZ,002324,2017-01-03 10:18:12,30.1000,2,21070.0000,7,B,30.0400,30.0300,30.0200,30.0100,30.0000,30.1000,30.1300,30.1400,30.1500,30.1600,15,30,4,36,44,1,7,11,21,141
SZ,002324,2017-01-03 10:18:24,30.1000,1,4515.0000,2,B,30.1000,30.0400,30.0300,30.0200,30.0100,30.1300,30.1400,30.1500,30.1600,30.1700,7,15,30,4,36,7,11,21,141,10
SZ,002324,2017-01-03 10:18:27,30.1300,1,21091.0000,7,B,30.1000,30.0400,30.0300,30.0200,30.0100,30.1400,30.1500,30.1600,30.1700,30.1800,7,15,30,4,36,11,21,141,10,28
SZ,002324,2017-01-03 10:18:36,30.1000,2,173075.0000,57,S,30.0400,30.0300,30.0200,30.0100,30.0000,30.1000,30.1400,30.1500,30.1600,30.1700,15,30,4,36,44,27,11,21,141,10
SZ,002324,2017-01-03 10:18:42,30.1000,2,82775.0000,28,B,30.1000,30.0400,30.0300,30.0200,30.0100,30.1400,30.1500,30.1600,30.1700,30.1800,72,15,30,4,36,15,21,141,10,28
SZ,002324,2017-01-03 10:18:51,30.1400,1,18084.0000,6,B,30.1000,30.0400,30.0300,30.0200,30.0100,30.1400,30.1500,30.1600,30.1700,30.1800,72,15,30,4,36,9,21,141,10,28
SZ,002324,2017-01-03 10:19:09,30.1000,3,36148.0000,12,S,30.1000,30.0400,30.0300,30.0200,30.0100,30.1400,30.1500,30.1600,30.1700,30.1800,67,15,30,4,36,2,21,141,10,28
SZ,002324,2017-01-03 10:19:21,30.1400,1,6028.0000,2,B,30.1400,30.1000,30.0400,30.0300,30.0200,30.1500,30.1600,30.1700,30.1800,30.1900,3,67,15,30,4,26,141,10,28,21
SZ,002324,2017-01-03 10:19:24,30.1400,1,9042.0000,3,S,30.1000,30.0400,30.0300,30.0200,30.0100,30.1500,30.1600,30.1700,30.1800,30.1900,67,15,30,4,41,26,141,10,28,21
SZ,002324,2017-01-03 10:19:33,30.1600,9,452374.0000,150,B,30.1500,30.1000,30.0400,30.0300,30.0200,30.1600,30.1700,30.1800,30.1900,30.2000,7,67,15,30,4,17,10,28,21,33
SZ,002324,2017-01-03 10:19:36,30.1000,2,84315.0000,28,S,30.1000,30.0400,30.0200,30.0100,30.0000,30.1600,30.1700,30.1800,30.1900,30.2000,46,15,4,24,44,17,10,28,21,33
SZ,002324,2017-01-03 10:20:00,30.1600,1,18096.0000,6,B,30.1100,30.1000,30.0400,30.0200,30.0100,30.1600,30.1700,30.1800,30.1900,30.2000,4,46,15,4,24,15,10,28,21,33
SZ,002324,2017-01-03 10:20:21,30.1600,1,21112.0000,7,B,30.1100,30.1000,30.0400,30.0200,30.0100,30.1600,30.1700,30.1800,30.1900,30.2000,4,46,15,4,24,8,10,28,21,33
SZ,002324,2017-01-03 10:20:27,30.1600,3,30160.0000,10,B,30.1100,30.1000,30.0400,30.0200,30.0100,30.1600,30.1700,30.1800,30.1900,30.2000,4,46,15,4,24,8,10,28,21,33
SZ,002324,2017-01-03 10:20:30,30.1600,6,45205.0000,15,B,30.1000,30.0400,30.0200,30.0100,30.0000,30.1700,30.1800,30.1900,30.2000,30.2300,46,15,4,24,44,10,28,21,33,4
SZ,002324,2017-01-03 10:20:33,30.1000,1,6020.0000,2,S,30.1000,30.0400,30.0200,30.0100,30.0000,30.1700,30.1800,30.1900,30.2000,30.2300,44,15,4,24,44,10,28,21,33,4
SZ,002324,2017-01-03 10:20:51,30.1700,1,6034.0000,2,B,30.1000,30.0400,30.0200,30.0100,30.0000,30.1700,30.1800,30.1900,30.2000,30.2300,54,15,4,24,44,10,18,21,33,4
SZ,002324,2017-01-03 10:20:54,30.1000,1,12040.0000,4,S,30.1000,30.0400,30.0200,30.0100,30.0000,30.1700,30.1800,30.1900,30.2000,30.2300,50,15,4,24,44,10,18,22,33,4
SZ,002324,2017-01-03 10:20:57,30.1700,3,45255.0000,15,B,30.1700,30.1000,30.0400,30.0200,30.0100,30.1800,30.1900,30.2000,30.2300,30.2400,13,50,15,4,24,18,22,33,4,5
SZ,002324,2017-01-03 10:21:03,30.1800,2,21126.0000,7,B,30.1700,30.1000,30.0400,30.0200,30.0100,30.1800,30.1900,30.2000,30.2300,30.2400,13,50,15,4,24,11,22,33,4,5
SZ,002324,2017-01-03 10:21:09,30.1800,1,15090.0000,5,B,30.1700,30.1000,30.0400,30.0200,30.0100,30.1800,30.1900,30.2000,30.2300,30.2400,13,50,15,4,24,6,23,33,4,5
SZ,002324,2017-01-03 10:21:21,30.1800,3,18108.0000,6,B,30.1800,30.1700,30.1000,30.0400,30.0200,30.1900,30.2000,30.2300,30.2400,30.2500,3,13,50,15,4,23,33,4,5,45
SZ,002324,2017-01-03 10:21:27,30.1900,2,21133.0000,7,B,30.1800,30.1700,30.1000,30.0400,30.0200,30.1900,30.2000,30.2300,30.2400,30.2500,13,13,50,15,4,16,33,4,5,45
SZ,002324,2017-01-03 10:21:42,30.1900,1,9057.0000,3,B,30.1800,30.1700,30.1000,30.0400,30.0200,30.1900,30.2000,30.2300,30.2400,30.2500,10,13,50,15,4,13,33,4,5,45
SZ,002324,2017-01-03 10:21:48,30.1900,4,39247.0000,13,B,30.1900,30.1800,30.1700,30.1000,30.0400,30.2000,30.2300,30.2400,30.2500,30.2800,7,10,13,50,15,33,4,5,45,49
SZ,002324,2017-01-03 10:22:09,30.1900,1,6038.0000,2,S,30.1900,30.1800,30.1700,30.1000,30.0400,30.2000,30.2300,30.2400,30.2500,30.2800,5,10,13,50,15,43,4,55,45,49
SZ,002324,2017-01-03 10:22:12,30.1900,1,15095.0000,5,S,30.1800,30.1700,30.1000,30.0400,30.0200,30.1900,30.2000,30.2300,30.2400,30.2500,20,13,50,15,24,5,43,4,55,45
SZ,002324,2017-01-03 10:22:33,30.1900,1,12076.0000,4,B,30.1800,30.1700,30.1000,30.0400,30.0200,30.1900,30.2000,30.2100,30.2300,30.2400,10,13,50,15,24,1,43,10,5,55
SZ,002324,2017-01-03 10:22:45,30.1800,6,96629.0000,32,S,30.1800,30.1700,30.1000,30.0400,30.0200,30.2000,30.2100,30.2300,30.2400,30.2500,5,13,50,15,24,17,10,5,55,45
SZ,002324,2017-01-03 10:23:21,30.1800,1,15090.0000,5,S,30.1800,30.1700,30.1000,30.0400,30.0200,30.2000,30.2100,30.2300,30.2400,30.2500,20,13,50,15,24,17,10,5,55,45
SZ,002324,2017-01-03 10:23:39,30.1800,1,60360.0000,20,S,30.1700,30.1000,30.0400,30.0200,30.0100,30.1800,30.2000,30.2100,30.2300,30.2400,13,50,15,24,24,10,17,10,5,55
SZ,002324,2017-01-03 10:23:45,30.1700,1,9051.0000,3,S,30.1700,30.1000,30.0400,30.0200,30.0100,30.1800,30.2000,30.2100,30.2300,30.2400,10,50,15,24,24,10,17,10,5,55
SZ,002324,2017-01-03 10:24:03,30.1800,1,18108.0000,6,B,30.1700,30.1000,30.0400,30.0200,30.0100,30.1800,30.2000,30.2100,30.2300,30.2400,10,70,15,24,24,4,17,10,15,55
SZ,002324,2017-01-03 10:24:09,30.1800,1,12072.0000,4,B,30.1800,30.1700,30.1000,30.0400,30.0200,30.2000,30.2100,30.2300,30.2400,30.2500,1,10,70,15,24,17,10,15,55,45
SZ,002324,2017-01-03 10:24:12,30.1700,2,15086.0000,5,S,30.1700,30.1000,30.0400,30.0200,30.0100,30.2000,30.2100,30.2300,30.2400,30.2500,6,70,15,24,24,17,10,15,55,45
SZ,002324,2017-01-03 10:25:21,30.1700,1,6034.0000,2,S,30.1700,30.1000,30.0400,30.0200,30.0100,30.1900,30.2000,30.2100,30.2300,30.2400,4,70,15,24,25,5,43,10,15,55
SZ,002324,2017-01-03 10:25:30,30.1700,1,9051.0000,3,S,30.1700,30.1100,30.1000,30.0400,30.0200,30.1900,30.2000,30.2100,30.2300,30.2400,1,2,70,15,24,5,63,10,15,55
SZ,002324,2017-01-03 10:25:36,30.1700,1,3017.0000,1,S,30.1100,30.1000,30.0400,30.0200,30.0100,30.1700,30.1900,30.2000,30.2100,30.2300,2,70,15,24,25,4,5,63,10,15
SZ,002324,2017-01-03 10:25:57,30.1000,2,21072.0000,7,S,30.1000,30.0400,30.0200,30.0100,30.0000,30.1700,30.1900,30.2000,30.2100,30.2300,67,15,24,25,37,4,5,63,10,15
SZ,002324,2017-01-03 10:26:06,30.1000,1,15050.0000,5,S,30.1000,30.0400,30.0200,30.0100,30.0000,30.1700,30.1900,30.2000,30.2100,30.2300,62,15,24,25,37,4,5,63,10,15
SZ,002324,2017-01-03 10:26:12,30.1000,1,69230.0000,23,S,30.1000,30.0400,30.0200,30.0100,30.0000,30.1700,30.1900,30.2000,30.2100,30.2300,39,15,24,25,37,4,5,63,10,15
SZ,002324,2017-01-03 10:26:57,30.1000,2,21075.0000,7,S,30.1000,30.0400,30.0200,30.0100,30.0000,30.1700,30.1900,30.2000,30.2100,30.2300,28,15,24,25,37,4,5,64,34,15
SZ,002324,2017-01-03 10:27:06,30.1000,1,6020.0000,2,S,30.1000,30.0400,30.0200,30.0100,30.0000,30.1700,30.1900,30.2000,30.2100,30.2300,26,15,24,25,37,4,5,64,34,15
SZ,002324,2017-01-03 10:27:12,30.1900,2,21125.0000,7,B,30.1000,30.0400,30.0200,30.0100,30.0000,30.1900,30.2000,30.2100,30.2300,30.2400,26,15,24,25,37,2,64,34,15,5
SZ,002324,2017-01-03 10:27:30,30.1000,2,15050.0000,5,S,30.1000,30.0500,30.0400,30.0200,30.0100,30.1900,30.2000,30.2100,30.2300,30.2400,21,8,15,24,25,2,64,34,15,5
SZ,002324,2017-01-03 10:27:42,30.2100,10,211402.0000,70,B,30.1000,30.0500,30.0400,30.0200,30.0100,30.2100,30.2300,30.2400,30.2500,30.2800,21,8,15,24,25,30,15,5,45,49
SZ,002324,2017-01-03 10:28:09,30.2100,1,12084.0000,4,B,30.1000,30.0500,30.0400,30.0200,30.0100,30.2100,30.2300,30.2400,30.2500,30.2800,21,8,15,24,25,31,15,7,47,49
SZ,002324,2017-01-03 10:28:18,30.1000,1,18060.0000,6,S,30.1200,30.1000,30.0500,30.0400,30.0200,30.2000,30.2100,30.2300,30.2400,30.2500,10,15,15,15,24,5,31,15,7,47
SZ,002324,2017-01-03 10:28:48,30.1200,1,6024.0000,2,S,30.1200,30.1000,30.0500,30.0400,30.0200,30.1900,30.2000,30.2100,30.2300,30.2400,11,15,15,15,24,2,10,31,16,5
SZ,002324,2017-01-03 10:29:03,30.1200,1,24096.0000,8,S,30.1200,30.1000,30.0500,30.0400,30.0200,30.1900,30.2000,30.2100,30.2300,30.2400,3,15,15,15,24,2,10,31,16,5
SZ,002324,2017-01-03 10:29:12,30.1500,1,9045.0000,3,S,30.1200,30.1000,30.0500,30.0400,30.0200,30.1500,30.1900,30.2000,30.2100,30.2300,3,15,15,15,24,2,2,10,31,16
SZ,002324,2017-01-03 10:29:15,30.1900,2,12068.0000,4,B,30.1900,30.1200,30.1000,30.0500,30.0400,30.2000,30.2100,30.2200,30.2300,30.2400,11,3,15,15,15,10,31,10,16,5
SZ,002324,2017-01-03 10:29:27,30.2000,3,39260.0000,13,B,30.2000,30.1900,30.1200,30.1000,30.0500,30.2100,30.2200,30.2300,30.2400,30.2500,7,11,5,15,15,31,10,16,5,47
SZ,002324,2017-01-03 10:29:45,30.2100,4,123861.0000,41,B,30.2100,30.2000,30.1900,30.1500,30.1200,30.2200,30.2300,30.2400,30.2500,30.2800,9,7,11,10,5,10,16,5,47,49
SZ,002324,2017-01-03 10:29:54,30.2100,1,27189.0000,9,S,30.2000,30.1900,30.1500,30.1200,30.1000,30.2100,30.2200,30.2300,30.2400,30.2500,7,11,10,5,15,1,15,16,5,47
SZ,002324,2017-01-03 10:30:24,30.2300,8,126929.0000,42,B,30.2300,30.2000,30.1900,30.1500,30.1200,30.2400,30.2500,30.2800,30.2900,30.3000,8,7,11,10,2,5,47,49,3,43
SZ,002324,2017-01-03 10:30:27,30.2300,1,9069.0000,3,S,30.2300,30.2000,30.1900,30.1500,30.1200,30.2400,30.2500,30.2800,30.2900,30.3000,5,7,11,10,2,5,47,49,3,43
SZ,002324,2017-01-03 10:30:36,30.2300,1,15115.0000,5,S,30.2000,30.1900,30.1500,30.1200,30.1000,30.2400,30.2500,30.2800,30.2900,30.3000,7,11,10,2,13,11,47,49,3,43
SZ,002324,2017-01-03 10:30:39,30.2400,1,6048.0000,2,B,30.2000,30.1900,30.1500,30.1200,30.1000,30.2400,30.2500,30.2800,30.2900,30.3000,7,11,10,2,13,9,47,49,3,43
SZ,002324,2017-01-03 10:30:45,30.2800,5,302623.0000,100,B,30.2000,30.1900,30.1500,30.1200,30.1000,30.2800,30.2900,30.3000,30.3300,30.3700,7,11,10,2,13,5,3,43,7,4
SZ,002324,2017-01-03 10:30:51,30.2000,1,15100.0000,5,S,30.2000,30.1900,30.1500,30.1200,30.1000,30.2400,30.2800,30.2900,30.3000,30.3300,2,11,10,2,13,10,5,3,43,7
SZ,002324,2017-01-03 10:31:00,30.2400,1,30240.0000,10,B,30.2400,30.2000,30.1900,30.1500,30.1200,30.2800,30.2900,30.3000,30.3300,30.3700,40,2,11,10,2,5,3,43,7,4
SZ,002324,2017-01-03 10:32:03,30.2800,4,45408.0000,15,B,30.2400,30.2000,30.1900,30.1500,30.1200,30.2800,30.2900,30.3000,30.3300,30.3700,40,32,11,10,2,27,48,43,114,4
SZ,002324,2017-01-03 10:32:09,30.2400,2,15120.0000,5,S,30.2400,30.2000,30.1900,30.1500,30.1200,30.2800,30.2900,30.3000,30.3300,30.3700,35,32,11,10,2,24,48,43,114,4
SZ,002324,2017-01-03 10:32:24,30.2400,1,30240.0000,10,S,30.2400,30.2000,30.1900,30.1500,30.1200,30.2800,30.2900,30.3000,30.3300,30.3700,25,32,11,10,2,24,48,43,114,4
SZ,002324,2017-01-03 10:32:39,30.2400,1,15120.0000,5,S,30.2400,30.2000,30.1900,30.1500,30.1200,30.2700,30.2800,30.2900,30.3000,30.3300,20,32,11,10,2,5,24,48,48,114
SZ,002324,2017-01-03 10:32:42,30.2700,1,3027.0000,1,B,30.2400,30.2000,30.1900,30.1500,30.1200,30.2700,30.2800,30.2900,30.3000,30.3300,20,32,11,10,2,4,24,48,48,114
SZ,002324,2017-01-03 10:32:54,30.2700,1,12108.0000,4,B,30.2700,30.2400,30.2200,30.2000,30.1900,30.2800,30.2900,30.3000,30.3300,30.3700,7,20,5,32,11,24,48,68,114,4
SZ,002324,2017-01-03 10:33:09,30.1900,7,232678.0000,77,S,30.1500,30.1200,30.1000,30.0800,30.0500,30.1900,30.2800,30.2900,30.3000,30.3300,15,2,24,45,15,3,24,48,68,114
SZ,002324,2017-01-03 10:33:51,30.1500,1,6030.0000,2,S,30.1500,30.1200,30.1000,30.0800,30.0500,30.1900,30.2300,30.2700,30.2800,30.2900,13,3,24,45,15,9,4,6,21,48
SZ,002324,2017-01-03 10:34:09,30.1600,1,48256.0000,16,S,30.1500,30.1200,30.1000,30.0800,30.0500,30.1900,30.2300,30.2700,30.2800,30.2900,13,3,24,45,15,9,4,6,21,48
SZ,002324,2017-01-03 10:34:18,30.1500,1,15075.0000,5,S,30.1500,30.1200,30.1000,30.0800,30.0500,30.1900,30.2300,30.2700,30.2800,30.2900,8,3,24,45,15,9,4,6,21,48
SZ,002324,2017-01-03 10:34:42,30.1600,2,15081.0000,5,S,30.1600,30.1500,30.1200,30.1100,30.1000,30.1900,30.2300,30.2700,30.2800,30.2900,46,8,3,5,24,9,4,6,21,48
SZ,002324,2017-01-03 10:34:54,30.1900,2,27171.0000,9,B,30.1900,30.1700,30.1600,30.1500,30.1200,30.2300,30.2700,30.2800,30.2900,30.3000,10,31,46,8,3,4,6,21,48,69
SZ,002324,2017-01-03 10:35:18,30.1700,3,72428.0000,24,S,30.1700,30.1600,30.1500,30.1200,30.1100,30.2300,30.2700,30.2800,30.2900,30.3000,17,46,8,2,5,4,10,26,48,69
SZ,002324,2017-01-03 10:35:27,30.1700,1,6034.0000,2,S,30.1700,30.1600,30.1500,30.1200,30.1100,30.2300,30.2700,30.2800,30.2900,30.3000,15,46,8,2,5,4,10,27,48,69
SZ,002324,2017-01-03 10:36:00,30.1700,1,15085.0000,5,S,30.1700,30.1600,30.1500,30.1200,30.1100,30.2300,30.2700,30.2800,30.2900,30.3000,10,46,8,2,5,9,10,27,48,69
SZ,002324,2017-01-03 10:36:33,30.1700,1,18102.0000,6,S,30.1700,30.1600,30.1500,30.1200,30.1100,30.2300,30.2700,30.2800,30.2900,30.3000,6,46,8,2,5,9,10,27,48,69
SZ,002324,2017-01-03 10:36:39,30.2300,2,27207.0000,9,B,30.2300,30.1700,30.1600,30.1500,30.1200,30.2700,30.2800,30.2900,30.3000,30.3300,171,6,46,8,2,10,27,48,69,114
SZ,002324,2017-01-03 10:37:09,30.2300,1,9069.0000,3,S,30.2300,30.1900,30.1800,30.1700,30.1600,30.2700,30.2800,30.2900,30.3000,30.3300,168,2,20,36,46,16,22,48,69,114
SZ,002324,2017-01-03 10:37:30,30.2300,1,18138.0000,6,S,30.2300,30.1900,30.1800,30.1700,30.1600,30.2700,30.2800,30.2900,30.3000,30.3300,162,2,20,36,46,7,22,48,69,114
SZ,002324,2017-01-03 10:37:36,30.2300,1,15115.0000,5,S,30.2300,30.1900,30.1800,30.1700,30.1600,30.2700,30.2800,30.2900,30.3000,30.3300,157,2,20,36,46,12,21,48,69,414
SZ,002324,2017-01-03 10:38:12,30.2700,2,12108.0000,4,B,30.2300,30.1900,30.1800,30.1700,30.1600,30.2700,30.2800,30.2900,30.3000,30.3300,157,2,20,36,46,8,21,48,69,414
SZ,002324,2017-01-03 10:38:18,30.2300,1,60460.0000,20,S,30.2300,30.1900,30.1800,30.1700,30.1600,30.2700,30.2800,30.2900,30.3000,30.3300,137,2,20,36,46,8,21,48,69,414
SZ,002324,2017-01-03 10:38:21,30.2700,3,24216.0000,8,B,30.2700,30.2300,30.1900,30.1800,30.1700,30.2800,30.2900,30.3000,30.3300,30.3700,2,137,2,20,36,21,48,69,414,4
SZ,002324,2017-01-03 10:38:27,30.2700,1,6054.0000,2,S,30.2300,30.1900,30.1800,30.1700,30.1600,30.2700,30.2800,30.2900,30.3000,30.3300,137,2,20,36,46,8,25,48,69,414
SZ,002324,2017-01-03 10:38:33,30.2300,1,6046.0000,2,S,30.2300,30.1900,30.1800,30.1700,30.1600,30.2700,30.2800,30.2900,30.3000,30.3300,135,2,20,36,46,8,25,48,69,414
SZ,002324,2017-01-03 10:38:42,30.2300,1,302300.0000,100,S,30.2300,30.1900,30.1800,30.1700,30.1600,30.2700,30.2800,30.2900,30.3000,30.3300,35,2,20,36,46,8,25,48,69,414
SZ,002324,2017-01-03 10:38:51,30.2300,1,30230.0000,10,S,30.2300,30.1900,30.1800,30.1700,30.1600,30.2700,30.2800,30.2900,30.3000,30.3300,25,2,20,36,46,8,25,48,69,414
SZ,002324,2017-01-03 10:39:12,30.2300,2,12095.0000,4,S,30.2300,30.1900,30.1800,30.1700,30.1600,30.2700,30.2800,30.2900,30.3000,30.3300,24,2,20,36,46,8,28,48,71,414
SZ,002324,2017-01-03 10:39:27,30.2300,1,18138.0000,6,S,30.2300,30.1900,30.1800,30.1700,30.1600,30.2700,30.2800,30.2900,30.3000,30.3300,18,2,20,36,46,28,28,48,71,414
SZ,002324,2017-01-03 10:39:36,30.2300,1,30230.0000,10,S,30.2300,30.1900,30.1800,30.1700,30.1600,30.2700,30.2800,30.2900,30.3000,30.3200,8,2,20,36,46,28,28,48,71,10
SZ,002324,2017-01-03 10:39:51,30.2400,1,6048.0000,2,S,30.2300,30.1900,30.1800,30.1700,30.1600,30.2400,30.2700,30.2800,30.2900,30.3000,8,2,20,36,46,2,58,28,48,71
SZ,002324,2017-01-03 10:39:57,30.2700,2,21183.0000,7,B,30.2300,30.1900,30.1800,30.1700,30.1600,30.2700,30.2800,30.2900,30.3000,30.3200,8,2,20,36,46,53,28,48,71,10
SZ,002324,2017-01-03 10:40:15,30.2300,1,6046.0000,2,S,30.2300,30.1900,30.1800,30.1700,30.1600,30.2700,30.2800,30.2900,30.3000,30.3200,6,2,20,36,46,93,28,48,71,10
SZ,002324,2017-01-03 10:40:18,30.2700,2,60540.0000,20,B,30.2300,30.1900,30.1800,30.1700,30.1600,30.2700,30.2800,30.2900,30.3000,30.3200,6,2,20,36,46,73,28,48,71,10
SZ,002324,2017-01-03 10:40:30,30.2300,1,12092.0000,4,S,30.2300,30.1900,30.1800,30.1700,30.1600,30.2700,30.2800,30.2900,30.3000,30.3200,2,2,20,36,46,73,24,48,71,10
SZ,002324,2017-01-03 10:40:33,30.2700,2,42378.0000,14,B,30.2300,30.1900,30.1800,30.1700,30.1600,30.2700,30.2800,30.2900,30.3000,30.3200,2,2,20,36,46,67,24,48,71,10
SZ,002324,2017-01-03 10:40:54,30.2700,2,93837.0000,31,B,30.2300,30.1900,30.1800,30.1700,30.1600,30.2700,30.2800,30.2900,30.3000,30.3200,2,2,20,36,46,36,24,48,71,10
SZ,002324,2017-01-03 10:41:00,30.2300,1,6046.0000,2,S,30.1900,30.1800,30.1700,30.1600,30.1500,30.2300,30.2700,30.2800,30.2900,30.3000,2,20,36,46,13,3,37,24,48,71
SZ,002324,2017-01-03 10:41:06,30.2300,1,9069.0000,3,B,30.2300,30.1900,30.1800,30.1700,30.1600,30.2700,30.2800,30.2900,30.3000,30.3200,3,2,20,36,46,37,24,48,71,10
SZ,002324,2017-01-03 10:41:21,30.2700,1,21189.0000,7,B,30.2300,30.2000,30.1900,30.1800,30.1700,30.2700,30.2800,30.2900,30.3000,30.3200,3,5,2,54,36,30,24,48,71,10
SZ,002324,2017-01-03 10:41:30,30.2000,2,24169.0000,8,S,30.1900,30.1800,30.1700,30.1600,30.1500,30.2700,30.2800,30.2900,30.3000,30.3200,2,54,36,46,13,22,24,48,71,10
SZ,002324,2017-01-03 10:41:51,30.2700,1,21189.0000,7,B,30.1900,30.1800,30.1700,30.1600,30.1500,30.2700,30.2800,30.2900,30.3000,30.3200,11,54,36,46,13,18,24,48,71,10
SZ,002324,2017-01-03 10:41:57,30.1900,1,6038.0000,2,S,30.1900,30.1800,30.1700,30.1600,30.1500,30.2700,30.2800,30.2900,30.3000,30.3200,9,54,36,46,13,18,24,48,71,10
SZ,002324,2017-01-03 10:42:06,30.2700,1,18162.0000,6,B,30.1900,30.1800,30.1700,30.1600,30.1500,30.2700,30.2800,30.2900,30.3000,30.3200,9,54,36,46,13,22,24,68,71,10
SZ,002324,2017-01-03 10:42:15,30.1900,1,6038.0000,2,S,30.1900,30.1800,30.1700,30.1600,30.1500,30.2700,30.2800,30.2900,30.3000,30.3200,7,54,36,46,13,20,24,68,71,10
SZ,002324,2017-01-03 10:42:24,30.1900,2,15095.0000,5,S,30.1900,30.1800,30.1700,30.1600,30.1500,30.2700,30.2800,30.2900,30.3000,30.3200,47,54,36,46,13,20,34,68,71,10
SZ,002324,2017-01-03 10:42:39,30.1900,2,15095.0000,5,S,30.1900,30.1800,30.1700,30.1600,30.1500,30.2500,30.2700,30.2800,30.2900,30.3000,50,54,36,46,13,8,20,34,68,71
SZ,002324,2017-01-03 10:42:42,30.2500,2,21175.0000,7,B,30.1900,30.1800,30.1700,30.1600,30.1500,30.2500,30.2700,30.2800,30.2900,30.3000,50,54,36,46,13,1,20,34,68,71
SZ,002324,2017-01-03 10:43:09,30.2000,1,30200.0000,10,S,30.2000,30.1900,30.1800,30.1700,30.1600,30.2500,30.2700,30.2800,30.2900,30.3000,40,50,54,36,46,51,20,51,68,71
SZ,002324,2017-01-03 10:43:18,30.2500,2,21175.0000,7,B,30.2000,30.1900,30.1800,30.1700,30.1600,30.2500,30.2700,30.2800,30.2900,30.3000,40,50,54,36,46,44,20,51,68,71
SZ,002324,2017-01-03 10:43:36,30.2400,2,18144.0000,6,B,30.2000,30.1900,30.1800,30.1700,30.1600,30.2400,30.2500,30.2700,30.2800,30.2900,40,50,54,36,46,2,44,20,51,68
SZ,002324,2017-01-03 10:43:45,30.2000,2,11627.0000,3,S,30.2000,30.1900,30.1800,30.1700,30.1600,30.2400,30.2500,30.2700,30.2800,30.2900,36,50,54,36,46,2,48,20,51,68
SZ,002324,2017-01-03 10:43:48,30.1900,3,260123.0000,87,S,30.1800,30.1700,30.1600,30.1500,30.1200,30.1900,30.2400,30.2500,30.2700,30.2800,54,36,46,13,2,34,2,48,20,51
SZ,002324,2017-01-03 10:43:54,30.1900,1,21133.0000,7,B,30.1800,30.1700,30.1600,30.1500,30.1200,30.1900,30.2400,30.2500,30.2700,30.2800,54,36,46,13,2,27,2,48,20,51
SZ,002324,2017-01-03 10:43:57,30.1800,2,90540.0000,30,S,30.1800,30.1700,30.1600,30.1500,30.1200,30.1900,30.2400,30.2500,30.2700,30.2800,24,36,46,13,2,27,2,48,20,51
SZ,002324,2017-01-03 10:44:03,30.1800,1,72432.0000,24,S,30.1700,30.1600,30.1500,30.1200,30.1100,30.1800,30.1900,30.2400,30.2500,30.2700,36,46,13,2,5,26,27,2,44,20
SZ,002324,2017-01-03 10:44:15,30.1800,1,21126.0000,7,B,30.1700,30.1600,30.1500,30.1200,30.1100,30.1800,30.1900,30.2400,30.2500,30.2700,36,46,13,2,5,23,27,2,44,20
SZ,002324,2017-01-03 10:44:21,30.1700,2,15085.0000,5,S,30.1700,30.1600,30.1500,30.1200,30.1100,30.1800,30.1900,30.2400,30.2500,30.2700,31,46,13,2,5,23,27,2,44,20
SZ,002324,2017-01-03 10:44:39,30.1800,2,69414.0000,23,B,30.1800,30.1700,30.1600,30.1500,30.1200,30.1900,30.2400,30.2500,30.2700,30.2800,34,31,46,13,2,27,2,44,45,51
SZ,002324,2017-01-03 10:45:12,30.1800,2,42258.0000,14,S,30.1800,30.1700,30.1600,30.1500,30.1200,30.1900,30.2400,30.2500,30.2700,30.2800,26,31,46,13,2,21,2,44,45,51
SZ,002324,2017-01-03 10:45:24,30.1800,1,6036.0000,2,S,30.1800,30.1700,30.1600,30.1500,30.1200,30.1900,30.2400,30.2700,30.2800,30.2900,24,31,46,13,2,21,2,45,51,68
SZ,002324,2017-01-03 10:45:27,30.1800,1,6036.0000,2,S,30.1800,30.1700,30.1600,30.1500,30.1200,30.1900,30.2400,30.2700,30.2800,30.2900,22,31,46,13,2,21,2,51,51,68
SZ,002324,2017-01-03 10:45:30,30.1700,4,132770.0000,44,S,30.1700,30.1600,30.1500,30.1200,30.1100,30.1900,30.2400,30.2700,30.2800,30.2900,9,46,13,2,5,21,2,51,51,68
SZ,002324,2017-01-03 10:45:39,30.1900,1,21133.0000,7,B,30.1700,30.1600,30.1500,30.1200,30.1100,30.1900,30.2400,30.2700,30.2800,30.2900,9,46,13,2,5,14,2,51,51,68
SZ,002324,2017-01-03 10:45:54,30.1700,1,15085.0000,5,S,30.1700,30.1600,30.1500,30.1200,30.1100,30.1900,30.2400,30.2700,30.2800,30.2900,4,46,13,2,5,14,2,51,51,68
SZ,002324,2017-01-03 10:46:27,30.1600,2,42228.0000,14,S,30.1600,30.1500,30.1200,30.1100,30.1000,30.2400,30.2700,30.2800,30.2900,30.3000,36,13,2,5,3,2,51,51,68,71
SZ,002324,2017-01-03 10:46:42,30.1600,1,3016.0000,1,S,30.1600,30.1500,30.1200,30.1100,30.1000,30.2400,30.2700,30.2800,30.2900,30.3000,35,13,2,5,3,2,51,51,68,71
SZ,002324,2017-01-03 10:46:48,30.1600,1,30160.0000,10,S,30.1600,30.1500,30.1200,30.1100,30.1000,30.2400,30.2700,30.2800,30.2900,30.3000,25,13,2,5,3,2,51,51,68,71
SZ,002324,2017-01-03 10:47:00,30.1600,1,6032.0000,2,S,30.1600,30.1500,30.1200,30.1100,30.1000,30.2400,30.2700,30.2800,30.2900,30.3000,23,13,2,5,3,2,51,51,68,71
SZ,002324,2017-01-03 10:47:27,30.1600,1,15080.0000,5,S,30.1600,30.1500,30.1200,30.1100,30.1000,30.2400,30.2500,30.2600,30.2700,30.2800,18,13,2,5,3,2,5,6,51,51
SZ,002324,2017-01-03 10:48:24,30.1600,2,8294.0000,2,S,30.1600,30.1500,30.1200,30.1100,30.1000,30.2500,30.2600,30.2700,30.2800,30.2900,35,13,2,5,3,5,6,51,55,68
SZ,002324,2017-01-03 10:48:39,30.1600,1,6032.0000,2,S,30.1600,30.1500,30.1200,30.1100,30.1000,30.2500,30.2600,30.2700,30.2800,30.2900,33,13,2,5,3,13,6,51,55,68
SZ,002324,2017-01-03 10:48:57,30.1600,3,84448.0000,28,S,30.1600,30.1500,30.1200,30.1100,30.1000,30.2500,30.2600,30.2700,30.2800,30.2900,5,13,2,5,3,13,6,26,55,68
SZ,002324,2017-01-03 10:49:24,30.1600,1,15080.0000,5,S,30.1600,30.1500,30.1200,30.1100,30.1000,30.2500,30.2600,30.2700,30.2800,30.2900,0,8,2,5,3,38,6,26,55,68
SZ,002324,2017-01-03 10:49:48,30.1500,3,18095.0000,6,S,30.1500,30.1200,30.1100,30.1000,30.0800,30.2400,30.2500,30.2600,30.2700,30.2800,7,2,5,3,35,10,38,6,20,55
SZ,002324,2017-01-03 10:50:30,30.1500,3,21859.0000,8,S,30.1200,30.1100,30.1000,30.0800,30.0500,30.1500,30.2400,30.2500,30.2600,30.2700,2,5,3,35,15,19,29,5,6,20
SZ,002324,2017-01-03 10:50:54,30.1000,4,30109.0000,10,S,30.1000,30.0800,30.0500,30.0400,30.0200,30.1200,30.1500,30.2400,30.2500,30.2600,0,35,15,15,24,3,29,21,5,6
SZ,002324,2017-01-03 10:51:03,30.0800,2,3009.0000,1,S,30.0800,30.0500,30.0400,30.0200,30.0100,30.1200,30.1500,30.2400,30.2500,30.2600,34,15,15,24,30,3,33,21,5,6
SZ,002324,2017-01-03 10:51:12,30.1200,1,9036.0000,3,B,30.1200,30.0800,30.0500,30.0400,30.0200,30.1500,30.2400,30.2500,30.2600,30.2700,5,34,15,15,24,33,21,5,6,20
SZ,002324,2017-01-03 10:51:42,30.1200,1,15060.0000,5,S,30.1000,30.0800,30.0500,30.0400,30.0200,30.1200,30.1500,30.2400,30.2500,30.2600,50,34,15,15,24,5,33,21,5,6
SZ,002324,2017-01-03 10:51:57,30.1000,1,21070.0000,7,S,30.1000,30.0800,30.0500,30.0400,30.0200,30.1200,30.1500,30.2400,30.2500,30.2600,43,34,10,15,24,5,33,21,5,6
SZ,002324,2017-01-03 10:52:03,30.1000,1,9030.0000,3,S,30.1000,30.0800,30.0500,30.0400,30.0200,30.1200,30.1500,30.2400,30.2500,30.2600,40,34,10,15,24,5,33,21,5,6
SZ,002324,2017-01-03 10:52:06,30.1200,1,15060.0000,5,B,30.1000,30.0800,30.0500,30.0400,30.0200,30.1500,30.2400,30.2500,30.2600,30.2700,40,34,10,15,24,33,21,5,6,20
SZ,002324,2017-01-03 10:52:09,30.1000,1,6020.0000,2,S,30.1000,30.0800,30.0500,30.0400,30.0200,30.1500,30.2400,30.2500,30.2600,30.2700,38,34,10,15,24,33,21,5,6,20
SZ,002324,2017-01-03 10:52:42,30.1100,1,15055.0000,5,S,30.1100,30.1000,30.0800,30.0500,30.0400,30.1400,30.1500,30.2400,30.2500,30.2600,1,39,34,10,15,10,33,16,5,6
SZ,002324,2017-01-03 10:53:27,30.1500,4,131896.0000,43,B,30.1500,30.1300,30.1100,30.1000,30.0800,30.2100,30.2400,30.2500,30.2600,30.2700,5,1,1,39,34,2,16,5,6,20
SZ,002324,2017-01-03 10:53:51,30.1500,1,6030.0000,2,S,30.1500,30.1100,30.1000,30.0800,30.0500,30.2100,30.2400,30.2500,30.2600,30.2700,3,1,39,34,10,2,16,5,6,20
SZ,002324,2017-01-03 10:54:03,30.2400,3,54426.0000,18,B,30.2400,30.1800,30.1500,30.1100,30.1000,30.2500,30.2600,30.2700,30.2800,30.2900,77,1,3,1,39,5,6,20,38,48
SZ,002324,2017-01-03 10:54:21,30.2400,1,15120.0000,5,S,30.2400,30.1500,30.1100,30.1000,30.0800,30.2500,30.2600,30.2700,30.2800,30.2900,72,3,1,45,34,5,6,20,38,48
SZ,002324,2017-01-03 10:54:45,30.2400,1,151200.0000,50,S,30.2400,30.1500,30.1100,30.1000,30.0800,30.2500,30.2600,30.2700,30.2800,30.2900,23,3,1,45,34,5,6,20,38,48
SZ,002324,2017-01-03 10:54:48,30.2400,1,6048.0000,2,S,30.2400,30.1500,30.1100,30.1000,30.0800,30.2500,30.2600,30.2700,30.2800,30.2900,21,3,1,45,34,5,6,20,38,48
SZ,002324,2017-01-03 10:55:24,30.2400,1,6048.0000,2,S,30.2400,30.1500,30.1100,30.1000,30.0800,30.2500,30.2600,30.2700,30.2800,30.2900,19,3,1,44,34,25,6,20,34,48
SZ,002324,2017-01-03 10:55:30,30.2400,1,30240.0000,10,S,30.2400,30.1500,30.1100,30.1000,30.0800,30.2500,30.2600,30.2700,30.2800,30.2900,9,3,1,44,34,25,6,20,34,48
SZ,002324,2017-01-03 10:55:33,30.2400,1,6048.0000,2,S,30.2400,30.1500,30.1100,30.1000,30.0800,30.2500,30.2600,30.2700,30.2800,30.2900,7,3,1,44,34,25,6,20,34,48
SZ,002324,2017-01-03 10:55:36,30.2400,1,15120.0000,5,S,30.2400,30.1500,30.1100,30.1000,30.0800,30.2500,30.2600,30.2700,30.2800,30.2900,2,3,1,44,34,25,6,20,34,48
SZ,002324,2017-01-03 10:55:48,30.2400,2,6048.0000,2,S,30.1500,30.1100,30.1000,30.0800,30.0500,30.2500,30.2600,30.2700,30.2800,30.2900,3,1,44,34,10,25,6,20,34,48
SZ,002324,2017-01-03 10:56:03,30.1500,1,9799.0000,4,S,30.1200,30.1100,30.1000,30.0800,30.0500,30.1500,30.2500,30.2600,30.2700,30.2800,2,11,44,34,10,1,30,6,20,34
SZ,002324,2017-01-03 10:56:33,30.1500,1,3015.0000,1,B,30.1200,30.1100,30.1000,30.0800,30.0500,30.1500,30.2400,30.2500,30.2600,30.2700,2,11,44,34,10,0,2,30,6,20
SZ,002324,2017-01-03 10:56:54,30.1200,1,6024.0000,2,S,30.1100,30.1000,30.0800,30.0500,30.0200,30.1200,30.1500,30.2400,30.2500,30.2600,11,44,34,11,24,4,0,8,30,6
SZ,002324,2017-01-03 10:57:24,30.1200,1,3012.0000,1,B,30.1100,30.1000,30.0800,30.0500,30.0200,30.1200,30.1500,30.2400,30.2500,30.2600,11,44,34,11,24,5,0,8,30,6
SZ,002324,2017-01-03 10:57:36,30.1100,2,12044.0000,4,S,30.1100,30.1000,30.0800,30.0500,30.0200,30.1200,30.1500,30.2400,30.2500,30.2600,7,44,34,11,24,5,0,8,30,6
SZ,002324,2017-01-03 10:57:45,30.1200,1,6024.0000,2,B,30.1100,30.1000,30.0800,30.0500,30.0200,30.1200,30.1500,30.2400,30.2500,30.2600,7,44,34,11,24,3,0,8,30,6
SZ,002324,2017-01-03 10:58:09,30.1200,2,9036.0000,3,B,30.1200,30.1100,30.1000,30.0800,30.0500,30.2400,30.2500,30.2600,30.2700,30.2800,107,57,45,34,11,8,30,6,20,34
SZ,002324,2017-01-03 10:58:12,30.1200,1,6024.0000,2,S,30.1200,30.1100,30.1000,30.0800,30.0500,30.2400,30.2500,30.2600,30.2700,30.2800,105,57,45,34,11,8,30,6,20,34
SZ,002324,2017-01-03 10:58:33,30.1200,1,9036.0000,3,S,30.1200,30.1100,30.1000,30.0800,30.0500,30.2400,30.2500,30.2600,30.2700,30.2800,126,57,45,34,11,8,30,6,20,34
SZ,002324,2017-01-03 10:58:54,30.2400,5,90717.0000,30,B,30.1200,30.1100,30.1000,30.0800,30.0500,30.2400,30.2500,30.2600,30.2700,30.2800,126,7,45,34,11,2,33,6,20,34
SZ,002324,2017-01-03 10:59:15,30.2400,1,6048.0000,2,B,30.2400,30.1200,30.1100,30.1000,30.0800,30.2500,30.2600,30.2700,30.2800,30.2900,15,126,7,45,34,30,6,20,34,48
SZ,002324,2017-01-03 10:59:18,30.2400,1,15120.0000,5,S,30.2400,30.1200,30.1100,30.1000,30.0800,30.2500,30.2600,30.2700,30.2800,30.2900,10,126,7,45,34,30,6,20,34,48
SZ,002324,2017-01-03 10:59:39,30.2400,1,30240.0000,10,S,30.1300,30.1200,30.1100,30.1000,30.0800,30.2500,30.2600,30.2700,30.2800,30.2900,50,126,7,45,34,30,6,20,34,48
SZ,002324,2017-01-03 11:00:15,30.1300,1,6026.0000,2,S,30.1300,30.1200,30.1100,30.1000,30.0800,30.2500,30.2600,30.2700,30.2800,30.2900,48,126,107,45,34,35,6,19,34,48
SZ,002324,2017-01-03 11:00:51,30.2400,3,81648.0000,27,B,30.2400,30.1300,30.1200,30.1100,30.1000,30.2500,30.2600,30.2700,30.2800,30.2900,57,48,126,107,45,35,6,19,34,48
SZ,002324,2017-01-03 11:00:54,30.2400,1,18144.0000,6,S,30.2400,30.1300,30.1200,30.1100,30.1000,30.2500,30.2600,30.2700,30.2800,30.2900,51,48,126,107,45,35,6,19,34,48
SZ,002324,2017-01-03 11:01:06,30.2400,1,15120.0000,5,S,30.2400,30.1300,30.1200,30.1100,30.1000,30.2500,30.2600,30.2700,30.2800,30.2900,46,48,126,107,45,35,6,19,34,48
SZ,002324,2017-01-03 11:01:39,30.2500,2,27225.0000,9,B,30.2400,30.1300,30.1200,30.1100,30.1000,30.2500,30.2600,30.2700,30.2800,30.2900,46,48,121,107,45,35,6,19,34,38
SZ,002324,2017-01-03 11:01:48,30.2500,6,120995.0000,40,B,30.2500,30.2400,30.1400,30.1300,30.1200,30.2600,30.2700,30.2800,30.2900,30.3000,3,41,6,48,121,6,19,34,38,81
SZ,002324,2017-01-03 11:02:18,30.2500,1,6050.0000,2,S,30.2500,30.2400,30.1400,30.1300,30.1200,30.2600,30.2700,30.2800,30.2900,30.3000,1,41,6,48,121,12,19,34,38,81
SZ,002324,2017-01-03 11:02:36,30.2500,1,3025.0000,1,S,30.2400,30.1400,30.1300,30.1200,30.1100,30.2500,30.2600,30.2700,30.2800,30.2900,41,6,48,121,107,4,17,19,34,38
SZ,002324,2017-01-03 11:02:45,30.2400,1,30240.0000,10,S,30.2400,30.1400,30.1300,30.1200,30.1100,30.2500,30.2600,30.2700,30.2800,30.2900,31,6,48,121,107,4,17,19,34,38
SZ,002324,2017-01-03 11:03:00,30.2400,1,30240.0000,10,S,30.2400,30.1400,30.1300,30.1200,30.1100,30.2500,30.2600,30.2700,30.2800,30.2900,21,6,48,121,107,8,17,19,34,38
SZ,002324,2017-01-03 11:03:27,30.2400,1,21168.0000,7,S,30.2400,30.1400,30.1300,30.1200,30.1100,30.2500,30.2600,30.2700,30.2800,30.2900,14,10,48,121,107,8,17,19,34,38
SZ,002324,2017-01-03 11:03:33,30.2400,1,15120.0000,5,S,30.2400,30.1400,30.1300,30.1200,30.1100,30.2500,30.2600,30.2700,30.2800,30.2900,9,10,48,121,107,8,17,19,34,38
SZ,002324,2017-01-03 11:03:39,30.2400,1,6048.0000,2,S,30.2400,30.1400,30.1300,30.1200,30.1100,30.2500,30.2600,30.2700,30.2800,30.2900,7,10,48,121,107,8,17,19,34,38
SZ,002324,2017-01-03 11:03:42,30.2400,1,18144.0000,6,S,30.2400,30.1400,30.1300,30.1200,30.1100,30.2500,30.2600,30.2700,30.2800,30.2900,3,10,48,121,107,8,17,19,34,38
SZ,002324,2017-01-03 11:03:57,30.2400,2,9072.0000,3,S,30.1500,30.1400,30.1300,30.1200,30.1100,30.2500,30.2600,30.2700,30.2800,30.2900,7,10,48,121,107,8,17,19,34,38
SZ,002324,2017-01-03 11:04:27,30.1500,1,15075.0000,5,S,30.1500,30.1400,30.1300,30.1200,30.1100,30.2300,30.2400,30.2500,30.2600,30.2700,2,10,48,102,107,2,8,18,17,19
SZ,002324,2017-01-03 11:04:54,30.1400,2,18086.0000,6,S,30.1400,30.1300,30.1200,30.1100,30.1000,30.2300,30.2400,30.2500,30.2600,30.2700,6,48,102,107,45,2,8,14,17,19
SZ,002324,2017-01-03 11:05:39,30.1500,1,9045.0000,3,S,30.1500,30.1400,30.1300,30.1200,30.1100,30.2000,30.2300,30.2400,30.2500,30.2600,21,6,48,102,107,3,2,14,14,11
SZ,002324,2017-01-03 11:05:57,30.1500,1,18090.0000,6,S,30.1500,30.1400,30.1300,30.1200,30.1100,30.2000,30.2300,30.2400,30.2500,30.2600,15,6,48,102,107,8,10,14,17,6
SZ,002324,2017-01-03 11:06:06,30.1500,1,15075.0000,5,S,30.1500,30.1400,30.1300,30.1200,30.1100,30.2000,30.2300,30.2400,30.2500,30.2600,5,6,48,102,107,8,10,14,17,6
SZ,002324,2017-01-03 11:06:57,30.1500,1,6030.0000,2,S,30.1500,30.1400,30.1300,30.1200,30.1100,30.2000,30.2300,30.2400,30.2500,30.2600,3,6,48,102,107,8,31,14,17,6
SZ,002324,2017-01-03 11:07:03,30.1500,1,6030.0000,2,S,30.1500,30.1400,30.1300,30.1200,30.1100,30.2000,30.2300,30.2400,30.2500,30.2600,1,6,48,102,107,8,31,14,17,6
SZ,002324,2017-01-03 11:07:18,30.1400,3,15071.0000,5,S,30.1400,30.1300,30.1200,30.1100,30.1000,30.2000,30.2300,30.2400,30.2500,30.2600,2,48,102,107,45,3,31,14,17,6
SZ,002324,2017-01-03 11:07:36,30.1400,2,15070.0000,5,S,30.1400,30.1300,30.1200,30.1100,30.1000,30.2000,30.2300,30.2400,30.2500,30.2600,3,48,102,107,45,6,31,14,17,6
SZ,002324,2017-01-03 11:08:21,30.1400,2,15070.0000,5,S,30.1400,30.1300,30.1200,30.1100,30.1000,30.1900,30.2000,30.2300,30.2400,30.2500,3,48,102,107,45,1,3,31,14,17
SZ,002324,2017-01-03 11:08:57,30.1600,1,6032.0000,2,S,30.1600,30.1500,30.1300,30.1200,30.1100,30.1900,30.2000,30.2300,30.2400,30.2500,58,50,48,102,107,13,3,31,14,17
SZ,002324,2017-01-03 11:09:03,30.1600,1,3016.0000,1,S,30.1600,30.1500,30.1300,30.1200,30.1100,30.1900,30.2000,30.2300,30.2400,30.2500,57,50,48,102,107,13,3,31,14,17
SZ,002324,2017-01-03 11:09:12,30.1600,1,15080.0000,5,S,30.1600,30.1500,30.1300,30.1200,30.1100,30.1900,30.2000,30.2300,30.2400,30.2500,52,50,48,102,107,13,3,31,14,17
SZ,002324,2017-01-03 11:09:30,30.1600,1,15080.0000,5,S,30.1600,30.1500,30.1300,30.1200,30.1100,30.1900,30.2000,30.2300,30.2400,30.2500,47,50,48,102,107,13,3,31,14,17
SZ,002324,2017-01-03 11:10:24,30.1600,1,15080.0000,5,S,30.1600,30.1500,30.1300,30.1200,30.1100,30.1900,30.2000,30.2300,30.2400,30.2500,42,50,48,102,107,13,3,31,14,17
SZ,002324,2017-01-03 11:10:30,30.1600,1,6032.0000,2,S,30.1600,30.1500,30.1300,30.1200,30.1100,30.1900,30.2000,30.2300,30.2400,30.2500,40,50,48,102,107,13,3,31,14,17
SZ,002324,2017-01-03 11:10:33,30.1900,3,39247.0000,13,B,30.1900,30.1600,30.1500,30.1300,30.1200,30.2000,30.2300,30.2400,30.2500,30.2700,27,40,50,48,102,3,31,14,17,19
SZ,002324,2017-01-03 11:11:09,30.1900,1,15095.0000,5,S,30.1900,30.1600,30.1500,30.1300,30.1200,30.2000,30.2300,30.2400,30.2500,30.2700,22,40,50,48,102,12,31,14,17,19
SZ,002324,2017-01-03 11:11:15,30.2000,2,24160.0000,8,B,30.1900,30.1600,30.1500,30.1300,30.1200,30.2000,30.2300,30.2400,30.2500,30.2700,22,40,50,48,102,9,31,14,17,19
SZ,002324,2017-01-03 11:11:42,30.2300,5,145077.0000,48,B,30.2300,30.1900,30.1600,30.1500,30.1300,30.2400,30.2500,30.2600,30.2700,30.2800,1,22,40,50,48,14,17,5,19,34
SZ,002324,2017-01-03 11:11:45,30.2300,1,3023.0000,1,S,30.2300,30.1900,30.1600,30.1500,30.1300,30.2400,30.2500,30.2600,30.2700,30.2800,0,22,40,50,48,14,17,5,19,34
SZ,002324,2017-01-03 11:11:57,30.2300,1,2993.0000,1,S,30.1900,30.1600,30.1500,30.1300,30.1200,30.2300,30.2400,30.2500,30.2600,30.2700,22,40,50,48,102,2,14,17,5,19
SZ,002324,2017-01-03 11:12:39,30.1900,1,15095.0000,5,S,30.1900,30.1600,30.1500,30.1300,30.1200,30.2300,30.2400,30.2500,30.2600,30.2700,17,40,50,48,102,7,14,17,5,19
SZ,002324,2017-01-03 11:13:09,30.1900,1,15095.0000,5,S,30.1900,30.1600,30.1500,30.1300,30.1200,30.2300,30.2400,30.2500,30.2600,30.2700,12,40,50,48,102,17,14,17,5,19
SZ,002324,2017-01-03 11:13:36,30.1900,1,6038.0000,2,S,30.1900,30.1600,30.1500,30.1300,30.1200,30.2300,30.2400,30.2500,30.2600,30.2700,10,40,50,48,102,17,14,17,5,19
SZ,002324,2017-01-03 11:13:42,30.2300,2,18138.0000,6,B,30.1900,30.1600,30.1500,30.1300,30.1200,30.2300,30.2400,30.2500,30.2600,30.2700,10,40,50,48,102,11,14,17,5,19
SZ,002324,2017-01-03 11:13:45,30.1900,1,3019.0000,1,S,30.1900,30.1600,30.1500,30.1300,30.1200,30.2300,30.2400,30.2500,30.2600,30.2700,9,40,50,48,102,11,14,17,5,19
SZ,002324,2017-01-03 11:14:30,30.1900,1,15095.0000,5,S,30.1900,30.1600,30.1500,30.1300,30.1200,30.2300,30.2400,30.2500,30.2600,30.2700,4,40,50,48,102,11,14,17,6,19
SZ,002324,2017-01-03 11:14:54,30.1600,2,30172.0000,10,S,30.1600,30.1500,30.1300,30.1200,30.1100,30.2300,30.2400,30.2500,30.2600,30.2700,34,50,48,102,107,11,14,17,6,19
SZ,002324,2017-01-03 11:15:18,30.1600,1,6032.0000,2,S,30.1600,30.1500,30.1300,30.1200,30.1100,30.1900,30.2300,30.2400,30.2500,30.2600,32,50,48,102,107,10,11,14,17,6
SZ,002324,2017-01-03 11:15:33,30.1600,1,3016.0000,1,S,30.1600,30.1500,30.1300,30.1200,30.1100,30.1900,30.2300,30.2400,30.2500,30.2600,31,50,48,102,107,10,11,14,17,6
SZ,002324,2017-01-03 11:15:48,30.1600,2,45270.0000,15,S,30.1600,30.1500,30.1300,30.1200,30.1100,30.2300,30.2400,30.2500,30.2600,30.2700,26,50,48,102,107,11,14,17,6,19
SZ,002324,2017-01-03 11:16:30,30.1600,1,21112.0000,7,S,30.1600,30.1500,30.1300,30.1200,30.1100,30.1900,30.2300,30.2400,30.2500,30.2600,19,50,48,102,107,10,11,14,17,6
SZ,002324,2017-01-03 11:16:51,30.1900,1,6038.0000,2,B,30.1700,30.1600,30.1500,30.1300,30.1200,30.1900,30.2300,30.2400,30.2500,30.2600,2,19,50,48,102,8,11,14,17,6
SZ,002324,2017-01-03 11:17:09,30.1700,1,6034.0000,2,S,30.1600,30.1500,30.1300,30.1200,30.1100,30.1900,30.2300,30.2400,30.2500,30.2600,19,50,48,102,107,8,11,14,17,6
SZ,002324,2017-01-03 11:17:15,30.1600,1,3016.0000,1,S,30.1600,30.1500,30.1300,30.1200,30.1100,30.1900,30.2300,30.2400,30.2500,30.2600,18,50,48,102,107,8,10,14,17,6
SZ,002324,2017-01-03 11:17:27,30.1600,1,6032.0000,2,S,30.1600,30.1500,30.1300,30.1200,30.1100,30.1900,30.2300,30.2400,30.2500,30.2600,16,50,48,102,107,8,10,14,17,6
SZ,002324,2017-01-03 11:17:30,30.1900,1,24152.0000,8,B,30.1900,30.1600,30.1500,30.1300,30.1200,30.2300,30.2400,30.2500,30.2600,30.2700,2,16,50,48,102,10,14,17,6,19
SZ,002324,2017-01-03 11:17:33,30.1900,1,3019.0000,1,S,30.1900,30.1600,30.1500,30.1300,30.1200,30.2300,30.2400,30.2500,30.2600,30.2700,1,16,50,48,102,10,14,17,6,19
SZ,002324,2017-01-03 11:17:51,30.1600,2,3049.0000,1,S,30.1600,30.1500,30.1300,30.1200,30.1100,30.1900,30.2300,30.2400,30.2500,30.2600,71,50,48,102,107,3,10,14,17,6
SZ,002324,2017-01-03 11:18:12,30.1600,1,36192.0000,12,S,30.1600,30.1500,30.1300,30.1200,30.1100,30.1900,30.2300,30.2400,30.2500,30.2600,59,50,48,102,107,3,10,14,17,6
SZ,002324,2017-01-03 11:18:42,30.1600,1,9048.0000,3,S,30.1600,30.1500,30.1300,30.1200,30.1100,30.1900,30.2200,30.2300,30.2400,30.2500,56,50,48,102,107,8,10,10,14,17
SZ,002324,2017-01-03 11:18:51,30.1900,2,24152.0000,8,B,30.1900,30.1700,30.1600,30.1500,30.1300,30.2200,30.2300,30.2400,30.2500,30.2600,2,5,56,50,48,10,10,14,17,6
SZ,002324,2017-01-03 11:19:12,30.1900,1,6038.0000,2,S,30.1700,30.1600,30.1500,30.1300,30.1200,30.1900,30.2200,30.2300,30.2400,30.2500,5,86,50,48,102,3,10,10,14,17
SZ,002324,2017-01-03 11:19:18,30.1700,1,3017.0000,1,S,30.1700,30.1600,30.1500,30.1300,30.1200,30.1900,30.2200,30.2300,30.2400,30.2500,4,86,50,48,102,3,10,10,14,17
SZ,002324,2017-01-03 11:19:54,30.1700,1,12068.0000,4,S,30.1600,30.1500,30.1300,30.1200,30.1100,30.1700,30.1900,30.2200,30.2300,30.2400,86,50,48,102,107,26,33,10,10,14
SZ,002324,2017-01-03 11:20:09,30.1700,1,60340.0000,20,B,30.1600,30.1500,30.1300,30.1200,30.1100,30.1700,30.1900,30.2200,30.2300,30.2400,86,50,48,102,107,6,33,10,10,14
SZ,002324,2017-01-03 11:20:15,30.1600,2,6032.0000,2,S,30.1600,30.1500,30.1300,30.1200,30.1100,30.1700,30.1900,30.2200,30.2300,30.2400,84,50,48,102,107,6,33,10,10,14
SZ,002324,2017-01-03 11:20:51,30.1700,2,24136.0000,8,B,30.1600,30.1500,30.1300,30.1200,30.1100,30.1700,30.1900,30.2200,30.2300,30.2400,96,50,48,102,107,1,33,10,10,14
SZ,002324,2017-01-03 11:20:57,30.1600,1,15080.0000,5,S,30.1600,30.1500,30.1300,30.1200,30.1100,30.1700,30.1900,30.2200,30.2300,30.2400,91,50,48,102,107,1,33,10,10,14
SZ,002324,2017-01-03 11:21:09,30.1600,1,90480.0000,30,S,30.1600,30.1500,30.1300,30.1200,30.1100,30.1700,30.1900,30.2200,30.2300,30.2400,61,50,48,102,107,1,33,10,10,14
SZ,002324,2017-01-03 11:21:24,30.1600,1,3016.0000,1,S,30.1600,30.1500,30.1300,30.1200,30.1100,30.1700,30.1900,30.2200,30.2300,30.2400,60,50,48,102,107,1,30,10,10,14
SZ,002324,2017-01-03 11:21:48,30.1700,1,3017.0000,1,B,30.1700,30.1600,30.1500,30.1300,30.1200,30.1900,30.2200,30.2300,30.2400,30.2500,3,60,50,48,102,30,10,10,14,17
SZ,002324,2017-01-03 11:21:57,30.1700,1,6034.0000,2,S,30.1700,30.1600,30.1500,30.1300,30.1200,30.1900,30.2200,30.2300,30.2400,30.2500,1,60,50,48,102,30,10,10,14,17
SZ,002324,2017-01-03 11:22:12,30.1700,1,3017.0000,1,S,30.1600,30.1500,30.1300,30.1200,30.1100,30.1700,30.1900,30.2200,30.2300,30.2400,60,50,48,102,107,1,30,10,10,14
SZ,002324,2017-01-03 11:22:27,30.1600,1,9048.0000,3,S,30.1600,30.1500,30.1300,30.1200,30.1100,30.1700,30.1900,30.2200,30.2300,30.2400,57,50,48,102,107,1,30,10,10,14
SZ,002324,2017-01-03 11:22:36,30.1600,3,57304.0000,19,S,30.1600,30.1500,30.1300,30.1200,30.1100,30.1700,30.1900,30.2200,30.2300,30.2400,38,50,48,102,107,1,30,10,10,14
SZ,002324,2017-01-03 11:22:48,30.1600,2,51272.0000,17,S,30.1600,30.1500,30.1300,30.1200,30.1100,30.1700,30.1900,30.2200,30.2300,30.2400,21,50,48,102,107,1,30,10,10,14
SZ,002324,2017-01-03 11:23:39,30.1600,1,6032.0000,2,S,30.1600,30.1500,30.1300,30.1200,30.1100,30.1700,30.1900,30.2200,30.2300,30.2400,19,50,48,102,107,1,30,10,10,14
SZ,002324,2017-01-03 11:23:51,30.1600,2,30160.0000,10,S,30.1600,30.1500,30.1300,30.1200,30.1100,30.1700,30.1900,30.2200,30.2300,30.2400,9,50,48,102,107,10,30,10,10,14
SZ,002324,2017-01-03 11:23:57,30.1600,2,30130.0000,10,S,30.1500,30.1300,30.1200,30.1100,30.1000,30.1600,30.1700,30.1900,30.2200,30.2300,50,48,102,107,45,0,10,30,10,10
SZ,002324,2017-01-03 11:24:24,30.1500,1,15075.0000,5,S,30.1500,30.1300,30.1200,30.1100,30.1000,30.1600,30.1700,30.1900,30.2200,30.2300,45,48,102,107,45,10,10,30,10,10
SZ,002324,2017-01-03 11:24:45,30.1500,1,135675.0000,45,S,30.1300,30.1200,30.1100,30.1000,30.0800,30.1500,30.1600,30.1700,30.1900,30.2200,48,102,107,45,34,5,10,10,30,10
SZ,002324,2017-01-03 11:24:54,30.1300,1,27117.0000,9,S,30.1300,30.1200,30.1100,30.1000,30.0800,30.1500,30.1600,30.1700,30.1900,30.2200,39,102,107,45,34,5,10,10,30,10
SZ,002324,2017-01-03 11:25:15,30.1300,1,9039.0000,3,S,30.1300,30.1200,30.1100,30.1000,30.0800,30.1500,30.1600,30.1700,30.1900,30.2200,36,102,107,45,34,5,10,10,30,10
SZ,002324,2017-01-03 11:25:48,30.1500,2,30140.0000,10,B,30.1500,30.1300,30.1200,30.1100,30.1000,30.1600,30.1700,30.1900,30.2200,30.2300,45,31,102,107,45,10,10,36,10,10
SZ,002324,2017-01-03 11:25:51,30.1500,1,3015.0000,1,S,30.1500,30.1300,30.1200,30.1100,30.1000,30.1600,30.1700,30.1900,30.2200,30.2300,44,31,102,107,45,10,10,36,10,10
SZ,002324,2017-01-03 11:25:54,30.1500,2,33165.0000,11,S,30.1500,30.1300,30.1200,30.1100,30.1000,30.1600,30.1700,30.1900,30.2200,30.2300,33,31,102,107,45,10,10,36,10,10
SZ,002324,2017-01-03 11:25:57,30.1500,1,30150.0000,10,S,30.1500,30.1300,30.1200,30.1100,30.1000,30.1600,30.1700,30.1900,30.2200,30.2300,23,31,102,107,45,10,10,36,10,10
SZ,002324,2017-01-03 11:26:09,30.1600,2,30160.0000,10,B,30.1500,30.1300,30.1200,30.1100,30.1000,30.1600,30.1700,30.1900,30.2200,30.2300,23,31,102,107,45,0,10,36,10,10
SZ,002324,2017-01-03 11:26:45,30.1600,2,3016.0000,1,S,30.1500,30.1300,30.1200,30.1100,30.1000,30.1600,30.1700,30.1900,30.2200,30.2300,23,31,102,107,45,9,10,36,10,10
SZ,002324,2017-01-03 11:26:48,30.1500,1,24120.0000,8,S,30.1500,30.1300,30.1200,30.1100,30.1000,30.1600,30.1700,30.1900,30.2200,30.2300,15,31,102,107,45,9,10,36,10,10
SZ,002324,2017-01-03 11:27:21,30.1500,1,6030.0000,2,S,30.1500,30.1300,30.1200,30.1100,30.1000,30.1600,30.1700,30.1900,30.2200,30.2300,19,31,102,107,45,9,10,36,10,10
SZ,002324,2017-01-03 11:27:39,30.1500,1,15075.0000,5,S,30.1500,30.1300,30.1200,30.1100,30.1000,30.1600,30.1700,30.1900,30.2200,30.2300,14,31,102,107,45,9,10,36,10,10
SZ,002324,2017-01-03 11:27:45,30.1500,2,27135.0000,9,S,30.1500,30.1300,30.1200,30.1100,30.1000,30.1600,30.1700,30.1900,30.2200,30.2300,5,31,102,107,45,9,10,36,10,10
SZ,002324,2017-01-03 11:28:33,30.1300,1,6026.0000,2,S,30.1300,30.1200,30.1100,30.1000,30.0800,30.1600,30.1700,30.1900,30.2200,30.2300,29,102,107,45,34,9,10,36,10,10
SZ,002324,2017-01-03 11:28:45,30.1300,1,9039.0000,3,S,30.1300,30.1200,30.1100,30.1000,30.0800,30.1600,30.1700,30.1900,30.2200,30.2300,26,102,107,45,34,9,10,36,10,10
SZ,002324,2017-01-03 11:28:51,30.1300,1,27117.0000,9,S,30.1300,30.1200,30.1100,30.1000,30.0800,30.1600,30.1700,30.1900,30.2200,30.2300,17,102,107,45,34,9,1,36,10,10
SZ,002324,2017-01-03 11:29:06,30.1300,1,24104.0000,8,S,30.1300,30.1200,30.1100,30.1000,30.0800,30.1600,30.1700,30.1900,30.2200,30.2300,59,102,107,45,34,9,1,36,10,10
SZ,002324,2017-01-03 11:29:18,30.1500,1,15075.0000,5,S,30.1500,30.1300,30.1200,30.1100,30.1000,30.1600,30.1700,30.1900,30.2200,30.2300,45,59,102,107,45,9,1,36,10,10
SZ,002324,2017-01-03 11:29:36,30.1500,1,24120.0000,8,S,30.1500,30.1300,30.1200,30.1100,30.1000,30.1600,30.1700,30.1900,30.2200,30.2300,37,59,102,107,45,9,1,36,10,10
SZ,002324,2017-01-03 13:00:03,30.1500,9,186983.0000,62,S,30.1500,30.1300,30.1200,30.1100,30.1000,30.1700,30.1900,30.2200,30.2300,30.2400,1,59,102,107,45,1,36,10,10,14
SZ,002324,2017-01-03 13:00:06,30.1500,2,6030.0000,2,S,30.1600,30.1500,30.1300,30.1200,30.1100,30.1700,30.1900,30.2200,30.2300,30.2400,34,27,59,102,107,1,36,10,10,14
SZ,002324,2017-01-03 13:00:12,30.1600,1,15080.0000,5,S,30.1600,30.1300,30.1200,30.1100,30.1000,30.1700,30.1900,30.2200,30.2300,30.2400,29,59,102,107,45,1,36,10,10,14
SZ,002324,2017-01-03 13:01:15,30.1700,1,3017.0000,1,B,30.1700,30.1600,30.1300,30.1200,30.1100,30.1900,30.2200,30.2300,30.2400,30.2500,2,57,59,102,107,36,10,10,14,27
SZ,002324,2017-01-03 13:02:27,30.1700,1,6034.0000,2,S,30.1700,30.1600,30.1300,30.1200,30.1100,30.1900,30.2000,30.2200,30.2300,30.2400,28,29,59,152,107,42,50,10,10,14
SZ,002324,2017-01-03 13:02:30,30.1600,1,12064.0000,4,S,30.1600,30.1300,30.1200,30.1100,30.1000,30.1900,30.2000,30.2200,30.2300,30.2400,25,59,152,107,45,42,50,10,10,14
SZ,002324,2017-01-03 13:02:42,30.1600,2,15080.0000,5,S,30.1600,30.1300,30.1200,30.1100,30.1000,30.1900,30.2000,30.2200,30.2300,30.2400,48,59,152,107,45,42,50,10,10,14
SZ,002324,2017-01-03 13:03:15,30.1600,1,12064.0000,4,S,30.1600,30.1500,30.1400,30.1300,30.1200,30.1900,30.2000,30.2200,30.2300,30.2400,16,50,30,59,152,42,50,10,10,14
SZ,002324,2017-01-03 13:04:00,30.1700,2,24136.0000,8,S,30.1700,30.1600,30.1500,30.1400,30.1300,30.1900,30.2000,30.2200,30.2300,30.2400,20,16,50,30,59,42,50,10,10,14
SZ,002324,2017-01-03 13:04:36,30.1700,1,15085.0000,5,S,30.1700,30.1600,30.1500,30.1300,30.1200,30.1900,30.2000,30.2200,30.2300,30.2400,15,16,50,59,50,42,50,10,10,14
SZ,002324,2017-01-03 13:05:00,30.1600,1,15080.0000,5,S,30.1600,30.1500,30.1300,30.1200,30.1100,30.1900,30.2000,30.2200,30.2300,30.2400,41,50,59,50,107,42,50,10,10,14
SZ,002324,2017-01-03 13:05:42,30.1600,1,6032.0000,2,S,30.1600,30.1500,30.1300,30.1200,30.1100,30.1800,30.1900,30.2000,30.2200,30.2300,39,50,59,50,107,1,42,50,10,10
SZ,002324,2017-01-03 13:05:51,30.1600,1,18096.0000,6,S,30.1600,30.1500,30.1300,30.1200,30.1100,30.1800,30.1900,30.2000,30.2200,30.2300,33,50,59,50,107,1,36,50,10,10
SZ,002324,2017-01-03 13:06:03,30.1600,2,12064.0000,4,S,30.1600,30.1500,30.1300,30.1200,30.1100,30.1800,30.1900,30.2000,30.2200,30.2300,29,50,59,50,107,6,36,50,10,10
SZ,002324,2017-01-03 13:06:21,30.1600,1,15080.0000,5,S,30.1600,30.1500,30.1300,30.1200,30.1100,30.1800,30.1900,30.2000,30.2200,30.2300,24,50,59,50,107,6,36,50,10,10
SZ,002324,2017-01-03 13:07:00,30.1600,1,18096.0000,6,S,30.1600,30.1500,30.1300,30.1200,30.1100,30.1800,30.1900,30.2000,30.2200,30.2300,18,50,59,50,107,6,36,50,10,10
SZ,002324,2017-01-03 13:07:15,30.1600,1,6032.0000,2,S,30.1600,30.1500,30.1300,30.1200,30.1100,30.1800,30.1900,30.2000,30.2200,30.2300,16,50,59,50,107,6,36,50,10,10
SZ,002324,2017-01-03 13:07:51,30.1600,1,15080.0000,5,S,30.1600,30.1500,30.1300,30.1200,30.1100,30.1800,30.1900,30.2000,30.2200,30.2300,26,50,59,50,107,6,36,50,10,10
SZ,002324,2017-01-03 13:08:00,30.1600,1,18096.0000,6,S,30.1600,30.1500,30.1300,30.1200,30.1100,30.1800,30.1900,30.2000,30.2200,30.2300,20,50,59,50,107,6,36,50,10,10
SZ,002324,2017-01-03 13:08:33,30.1600,1,6032.0000,2,S,30.1600,30.1500,30.1300,30.1200,30.1100,30.1800,30.1900,30.2000,30.2200,30.2300,3,50,59,50,107,6,36,50,10,10
SZ,002324,2017-01-03 13:08:36,30.1600,1,3016.0000,1,S,30.1600,30.1500,30.1300,30.1200,30.1100,30.1800,30.1900,30.2000,30.2200,30.2300,2,50,59,50,107,6,36,50,10,10
SZ,002324,2017-01-03 13:09:06,30.1600,2,21112.0000,7,S,30.1600,30.1500,30.1300,30.1200,30.1100,30.1800,30.1900,30.2000,30.2200,30.2300,19,50,59,50,107,6,36,50,10,10
SZ,002324,2017-01-03 13:09:09,30.1600,2,15080.0000,5,S,30.1600,30.1500,30.1300,30.1200,30.1100,30.1800,30.1900,30.2000,30.2200,30.2300,14,50,59,50,107,6,36,50,10,10
SZ,002324,2017-01-03 13:10:09,30.1600,1,15080.0000,5,S,30.1600,30.1500,30.1300,30.1200,30.1100,30.1800,30.1900,30.2000,30.2200,30.2300,9,50,59,50,107,11,36,50,10,10
SZ,002324,2017-01-03 13:10:18,30.1600,1,9048.0000,3,S,30.1600,30.1500,30.1300,30.1200,30.1100,30.1800,30.1900,30.2000,30.2200,30.2300,6,50,59,50,107,11,36,50,10,10
SZ,002324,2017-01-03 13:10:51,30.1600,1,6032.0000,2,S,30.1600,30.1500,30.1300,30.1200,30.1100,30.1800,30.1900,30.2000,30.2200,30.2300,4,50,59,50,107,11,36,50,10,10
SZ,002324,2017-01-03 13:11:09,30.1600,1,12064.0000,4,S,30.1500,30.1300,30.1200,30.1100,30.1000,30.1600,30.1800,30.1900,30.2000,30.2200,50,59,50,107,45,1,17,36,50,10
SZ,002324,2017-01-03 13:11:54,30.1500,1,21105.0000,7,S,30.1500,30.1300,30.1200,30.1100,30.1000,30.1600,30.1800,30.1900,30.2000,30.2200,43,59,50,107,45,1,17,36,50,10
SZ,002324,2017-01-03 13:11:57,30.1500,1,6030.0000,2,S,30.1500,30.1300,30.1200,30.1100,30.1000,30.1600,30.1800,30.1900,30.2000,30.2200,41,59,50,107,45,1,17,36,50,10
SZ,002324,2017-01-03 13:12:12,30.1500,1,60300.0000,20,S,30.1500,30.1300,30.1200,30.1100,30.1000,30.1600,30.1800,30.1900,30.2000,30.2200,21,59,50,107,45,1,17,36,50,10
SZ,002324,2017-01-03 13:12:42,30.1500,1,15075.0000,5,S,30.1500,30.1400,30.1300,30.1200,30.1100,30.1600,30.1800,30.1900,30.2000,30.2200,16,99,59,50,107,1,17,36,60,10
SZ,002324,2017-01-03 13:12:57,30.1500,1,21105.0000,7,S,30.1500,30.1400,30.1300,30.1200,30.1100,30.1600,30.1800,30.1900,30.2000,30.2200,9,99,59,50,107,1,17,36,60,10
SZ,002324,2017-01-03 13:13:51,30.1500,1,6030.0000,2,S,30.1500,30.1400,30.1300,30.1200,30.1100,30.1800,30.1900,30.2000,30.2200,30.2300,57,99,59,50,107,17,36,60,10,10
SZ,002324,2017-01-03 13:14:03,30.1500,2,21107.0000,7,S,30.1500,30.1400,30.1300,30.1200,30.1100,30.1800,30.1900,30.2000,30.2200,30.2300,52,99,59,50,107,17,36,60,10,10
SZ,002324,2017-01-03 13:14:21,30.1500,2,15075.0000,5,S,30.1500,30.1400,30.1300,30.1200,30.1100,30.1800,30.1900,30.2000,30.2200,30.2300,47,99,59,50,107,17,36,60,10,10
SZ,002324,2017-01-03 13:15:09,30.1600,1,15080.0000,5,S,30.1600,30.1500,30.1400,30.1300,30.1200,30.1800,30.1900,30.2000,30.2200,30.2300,72,47,99,59,50,17,36,60,10,10
SZ,002324,2017-01-03 13:15:18,30.1600,1,6032.0000,2,S,30.1600,30.1500,30.1400,30.1300,30.1200,30.1800,30.1900,30.2000,30.2200,30.2300,70,47,99,59,50,17,36,60,10,10
SZ,002324,2017-01-03 13:16:00,30.1600,1,15080.0000,5,S,30.1600,30.1500,30.1400,30.1300,30.1200,30.1800,30.1900,30.2000,30.2200,30.2300,65,47,99,59,50,17,36,60,10,10
SZ,002324,2017-01-03 13:16:09,30.1600,1,15080.0000,5,S,30.1600,30.1500,30.1400,30.1300,30.1200,30.1800,30.1900,30.2000,30.2200,30.2300,60,47,99,59,50,17,36,60,10,10
SZ,002324,2017-01-03 13:16:57,30.1600,1,15080.0000,5,S,30.1600,30.1500,30.1400,30.1300,30.1200,30.1800,30.1900,30.2000,30.2200,30.2300,55,52,99,59,50,17,36,60,10,10
SZ,002324,2017-01-03 13:17:00,30.1600,1,9048.0000,3,S,30.1600,30.1500,30.1400,30.1300,30.1200,30.1800,30.1900,30.2000,30.2200,30.2300,52,52,99,59,50,17,36,60,10,10
SZ,002324,2017-01-03 13:17:18,30.1800,2,9054.0000,3,B,30.1600,30.1500,30.1400,30.1300,30.1200,30.1800,30.1900,30.2000,30.2200,30.2300,52,52,99,59,50,14,36,60,10,10
SZ,002324,2017-01-03 13:17:54,30.1600,2,33176.0000,11,S,30.1600,30.1500,30.1400,30.1300,30.1200,30.1800,30.1900,30.2000,30.2200,30.2300,41,52,99,59,50,14,36,60,10,10
SZ,002324,2017-01-03 13:18:18,30.1600,1,6032.0000,2,S,30.1600,30.1500,30.1400,30.1300,30.1200,30.1800,30.1900,30.2000,30.2200,30.2300,39,52,99,59,50,14,36,60,10,10
SZ,002324,2017-01-03 13:18:33,30.1600,1,6032.0000,2,S,30.1600,30.1500,30.1400,30.1300,30.1200,30.1800,30.1900,30.2000,30.2200,30.2300,37,52,99,59,50,14,36,60,10,10
SZ,002324,2017-01-03 13:18:45,30.1800,1,15090.0000,5,B,30.1600,30.1500,30.1400,30.1300,30.1200,30.1800,30.1900,30.2000,30.2200,30.2300,46,52,99,59,50,9,36,60,10,10
SZ,002324,2017-01-03 13:18:54,30.1600,2,18099.0000,6,S,30.1600,30.1500,30.1400,30.1300,30.1200,30.1800,30.1900,30.2000,30.2200,30.2300,43,52,99,59,50,3,36,60,10,10
SZ,002324,2017-01-03 13:19:12,30.1600,1,15080.0000,5,S,30.1600,30.1500,30.1400,30.1300,30.1200,30.1800,30.1900,30.2000,30.2200,30.2300,38,52,99,59,50,3,36,60,10,10
SZ,002324,2017-01-03 13:20:18,30.1600,1,6032.0000,2,S,30.1600,30.1500,30.1300,30.1200,30.1100,30.1800,30.1900,30.2000,30.2200,30.2300,57,52,59,50,107,3,36,10,10,10
SZ,002324,2017-01-03 13:20:33,30.1600,1,24128.0000,8,S,30.1600,30.1500,30.1300,30.1200,30.1100,30.1800,30.1900,30.2000,30.2200,30.2300,49,52,59,50,107,3,36,10,10,10
SZ,002324,2017-01-03 13:20:51,30.1600,6,150800.0000,50,S,30.1600,30.1500,30.1300,30.1200,30.1100,30.1800,30.1900,30.2000,30.2200,30.2300,4,52,59,50,107,3,36,10,10,10
SZ,002324,2017-01-03 13:21:12,30.1600,2,15080.0000,5,S,30.1600,30.1500,30.1300,30.1200,30.1100,30.1800,30.1900,30.2000,30.2200,30.2300,33,52,59,50,107,3,36,10,10,10
SZ,002324,2017-01-03 13:21:42,30.1600,1,15080.0000,5,S,30.1600,30.1500,30.1300,30.1200,30.1100,30.1800,30.1900,30.2000,30.2200,30.2300,40,52,59,50,107,3,36,10,10,10
SZ,002324,2017-01-03 13:21:57,30.1600,1,6032.0000,2,S,30.1600,30.1500,30.1300,30.1200,30.1100,30.1800,30.1900,30.2000,30.2200,30.2300,47,52,59,50,107,23,36,10,10,10
SZ,002324,2017-01-03 13:22:42,30.1600,1,15080.0000,5,S,30.1600,30.1500,30.1300,30.1200,30.1100,30.1800,30.1900,30.2000,30.2200,30.2300,42,52,59,50,107,28,36,10,10,10
SZ,002324,2017-01-03 13:22:57,30.1600,1,15080.0000,5,S,30.1600,30.1500,30.1300,30.1200,30.1100,30.1800,30.1900,30.2000,30.2200,30.2300,40,52,59,50,107,28,36,10,10,10
SZ,002324,2017-01-03 13:23:33,30.1600,1,33176.0000,11,S,30.1600,30.1500,30.1300,30.1200,30.1100,30.1800,30.1900,30.2000,30.2200,30.2300,36,52,59,50,100,28,30,10,10,10
SZ,002324,2017-01-03 13:23:42,30.1600,2,9048.0000,3,S,30.1600,30.1500,30.1300,30.1200,30.1100,30.1800,30.1900,30.2000,30.2200,30.2300,33,52,59,50,100,33,30,10,10,10
SZ,002324,2017-01-03 13:23:54,30.1600,1,3016.0000,1,S,30.1600,30.1500,30.1300,30.1200,30.1100,30.1800,30.1900,30.2000,30.2200,30.2300,32,52,59,50,100,33,30,10,10,10
SZ,002324,2017-01-03 13:24:27,30.1600,2,12064.0000,4,S,30.1600,30.1500,30.1300,30.1200,30.1100,30.1800,30.1900,30.2000,30.2200,30.2300,58,52,59,50,100,49,30,10,10,10
SZ,002324,2017-01-03 13:25:18,30.1600,1,6032.0000,2,S,30.1600,30.1500,30.1300,30.1200,30.1100,30.1700,30.1800,30.1900,30.2000,30.2200,56,52,59,50,100,5,49,30,10,10
SZ,002324,2017-01-03 13:25:21,30.1600,3,51272.0000,17,S,30.1600,30.1500,30.1300,30.1200,30.1100,30.1700,30.1800,30.1900,30.2000,30.2200,39,52,59,50,100,5,49,30,10,10
SZ,002324,2017-01-03 13:25:42,30.1600,3,33176.0000,11,S,30.1600,30.1500,30.1300,30.1200,30.1100,30.1700,30.1800,30.1900,30.2000,30.2200,28,52,59,50,100,5,49,30,10,10
SZ,002324,2017-01-03 13:25:54,30.1600,1,15080.0000,5,S,30.1600,30.1500,30.1300,30.1200,30.1100,30.1700,30.1800,30.1900,30.2000,30.2200,23,52,59,50,100,5,49,30,10,10
SZ,002324,2017-01-03 13:26:03,30.1700,1,15085.0000,5,B,30.1700,30.1600,30.1500,30.1300,30.1200,30.1800,30.1900,30.2000,30.2200,30.2300,5,23,52,59,50,49,30,10,10,10
SZ,002324,2017-01-03 13:26:12,30.1600,2,45245.0000,15,S,30.1600,30.1500,30.1300,30.1200,30.1100,30.1800,30.1900,30.2000,30.2200,30.2300,50,52,59,50,100,49,30,10,10,10
SZ,002324,2017-01-03 13:26:36,30.1600,2,48256.0000,16,S,30.1600,30.1500,30.1300,30.1200,30.1100,30.1800,30.1900,30.2000,30.2200,30.2300,34,52,59,50,100,33,30,10,10,10
SZ,002324,2017-01-03 13:26:51,30.1600,1,3016.0000,1,S,30.1600,30.1500,30.1300,30.1200,30.1100,30.1800,30.1900,30.2000,30.2200,30.2300,33,52,59,50,100,33,30,10,10,10
SZ,002324,2017-01-03 13:26:54,30.1600,2,81436.0000,27,S,30.1600,30.1500,30.1300,30.1200,30.1100,30.1800,30.1900,30.2000,30.2200,30.2300,8,52,59,50,100,31,30,10,10,10
SZ,002324,2017-01-03 13:27:00,30.1600,1,6032.0000,2,S,30.1600,30.1500,30.1300,30.1200,30.1100,30.1800,30.1900,30.2000,30.2200,30.2300,6,52,59,50,100,31,30,10,10,10
SZ,002324,2017-01-03 13:27:12,30.1600,1,18096.0000,6,S,30.1500,30.1300,30.1200,30.1100,30.1000,30.1600,30.1800,30.1900,30.2000,30.2200,52,59,50,100,73,24,31,30,10,10
SZ,002324,2017-01-03 13:27:33,30.1500,1,15075.0000,5,S,30.1500,30.1300,30.1200,30.1100,30.1000,30.1600,30.1800,30.1900,30.2000,30.2200,47,59,50,100,73,24,31,30,10,10
SZ,002324,2017-01-03 13:27:45,30.1500,1,30150.0000,10,S,30.1500,30.1300,30.1200,30.1100,30.1000,30.1600,30.1800,30.1900,30.2000,30.2200,37,59,50,100,73,24,31,30,10,10
SZ,002324,2017-01-03 13:28:00,30.1600,1,72384.0000,24,B,30.1600,30.1500,30.1300,30.1200,30.1100,30.1800,30.1900,30.2000,30.2200,30.2300,39,37,59,50,100,31,30,10,10,10
SZ,002324,2017-01-03 13:28:12,30.1600,1,30160.0000,10,S,30.1600,30.1500,30.1300,30.1200,30.1100,30.1800,30.1900,30.2000,30.2200,30.2300,29,37,59,50,100,31,30,10,10,10
SZ,002324,2017-01-03 13:28:57,30.1600,1,6032.0000,2,S,30.1600,30.1500,30.1300,30.1200,30.1100,30.1800,30.1900,30.2000,30.2200,30.2300,27,37,59,50,100,31,30,10,10,10
SZ,002324,2017-01-03 13:29:36,30.1600,1,15080.0000,5,S,30.1600,30.1500,30.1300,30.1200,30.1100,30.1800,30.1900,30.2000,30.2200,30.2300,22,37,59,50,100,52,30,10,10,10
SZ,002324,2017-01-03 13:30:18,30.1600,1,9048.0000,3,S,30.1600,30.1500,30.1300,30.1200,30.1100,30.1800,30.1900,30.2000,30.2200,30.2300,112,37,59,50,100,55,30,10,10,10
SZ,002324,2017-01-03 13:30:24,30.1600,1,15080.0000,5,S,30.1600,30.1500,30.1300,30.1200,30.1100,30.1800,30.1900,30.2000,30.2200,30.2300,107,37,59,50,100,55,30,10,10,10
SZ,002324,2017-01-03 13:30:30,30.1800,7,165990.0000,55,B,30.1800,30.1600,30.1500,30.1300,30.1200,30.1900,30.2000,30.2200,30.2300,30.2400,33,107,37,59,50,30,10,10,10,14
SZ,002324,2017-01-03 13:30:36,30.1800,1,51306.0000,17,S,30.1800,30.1600,30.1500,30.1300,30.1200,30.1900,30.2000,30.2200,30.2300,30.2400,16,107,37,59,50,30,10,10,10,14
SZ,002324,2017-01-03 13:30:57,30.1800,1,15090.0000,5,S,30.1800,30.1600,30.1500,30.1300,30.1200,30.1900,30.2000,30.2200,30.2300,30.2400,11,110,37,59,50,30,10,10,10,14
SZ,002324,2017-01-03 13:31:18,30.1900,2,30189.0000,10,B,30.1800,30.1600,30.1500,30.1300,30.1200,30.1900,30.2000,30.2200,30.2300,30.2400,10,110,37,59,50,21,10,10,10,14
SZ,002324,2017-01-03 13:31:21,30.1900,1,63399.0000,21,B,30.1900,30.1800,30.1600,30.1500,30.1300,30.2000,30.2200,30.2300,30.2400,30.2500,67,10,118,37,59,10,10,10,14,27
SZ,002324,2017-01-03 13:31:42,30.2000,1,30200.0000,10,B,30.2000,30.1900,30.1800,30.1600,30.1500,30.2200,30.2300,30.2400,30.2500,30.2600,1,67,10,118,37,10,10,14,27,1
SZ,002324,2017-01-03 13:32:15,30.2200,1,30220.0000,10,B,30.2200,30.2000,30.1600,30.1500,30.1300,30.2300,30.2400,30.2500,30.2600,30.2700,3,100,118,37,59,10,14,27,1,19
SZ,002324,2017-01-03 13:32:18,30.2200,1,3022.0000,1,S,30.2200,30.2000,30.1600,30.1500,30.1300,30.2300,30.2400,30.2500,30.2600,30.2700,2,100,118,37,59,10,14,27,1,19
SZ,002324,2017-01-03 13:32:24,30.2200,1,6044.0000,2,S,30.2200,30.2000,30.1600,30.1500,30.1300,30.2300,30.2400,30.2500,30.2600,30.2700,13,100,118,37,59,10,14,32,1,19
SZ,002324,2017-01-03 13:32:33,30.2300,2,45345.0000,15,B,30.2300,30.2200,30.2000,30.1600,30.1500,30.2400,30.2500,30.2600,30.2700,30.2800,84,13,100,118,37,14,32,1,19,34
SZ,002324,2017-01-03 13:33:09,30.2300,1,15115.0000,5,S,30.2300,30.2200,30.2000,30.1600,30.1500,30.2400,30.2500,30.2600,30.2700,30.2800,79,13,1,118,37,14,22,1,19,24
SZ,002324,2017-01-03 13:33:18,30.2300,1,3023.0000,1,S,30.2300,30.2200,30.2000,30.1600,30.1500,30.2400,30.2500,30.2600,30.2700,30.2800,78,13,1,118,37,14,22,1,19,24
SZ,002324,2017-01-03 13:33:24,30.2400,2,42336.0000,14,B,30.2400,30.2300,30.2200,30.2000,30.1600,30.2500,30.2600,30.2700,30.2800,30.2900,15,78,13,1,118,22,1,19,24,64
SZ,002324,2017-01-03 13:33:27,30.2400,1,15120.0000,5,S,30.2400,30.2300,30.2200,30.2000,30.1600,30.2500,30.2600,30.2700,30.2800,30.2900,10,78,13,1,118,22,1,19,24,64
SZ,002324,2017-01-03 13:33:36,30.2400,1,6048.0000,2,S,30.2400,30.2300,30.2200,30.2000,30.1600,30.2500,30.2600,30.2700,30.2800,30.2900,8,78,13,1,118,22,1,19,24,64
SZ,002324,2017-01-03 13:33:39,30.2500,5,69574.0000,23,B,30.2500,30.2400,30.2300,30.2200,30.2000,30.2600,30.2700,30.2800,30.2900,30.3000,45,7,78,13,1,1,19,24,64,69
SZ,002324,2017-01-03 13:33:57,30.2600,1,3026.0000,1,B,30.2600,30.2500,30.2400,30.2300,30.2200,30.2700,30.2800,30.2900,30.3000,30.3300,107,145,7,78,13,19,24,64,69,407
SZ,002324,2017-01-03 13:34:18,30.2600,1,3026.0000,1,S,30.2600,30.2500,30.2400,30.2300,30.2200,30.2700,30.2800,30.2900,30.3000,30.3300,106,145,7,78,13,19,24,64,69,407
SZ,002324,2017-01-03 13:34:27,30.2700,4,72648.0000,24,B,30.2700,30.2600,30.2500,30.2400,30.2300,30.2800,30.2900,30.3000,30.3300,30.3400,76,106,145,7,78,24,64,69,407,100
SZ,002324,2017-01-03 13:34:51,30.2700,1,15135.0000,5,S,30.2700,30.2600,30.2500,30.2400,30.2300,30.2800,30.2900,30.3000,30.3300,30.3400,71,106,145,7,78,24,64,69,407,100
SZ,002324,2017-01-03 13:34:54,30.2800,3,72672.0000,24,B,30.2800,30.2700,30.2600,30.2500,30.2400,30.2900,30.3000,30.3300,30.3400,30.3500,20,71,106,145,7,64,69,407,100,10
SZ,002324,2017-01-03 13:35:18,30.2800,1,3028.0000,1,S,30.2800,30.2700,30.2600,30.2500,30.2400,30.2900,30.3000,30.3200,30.3300,30.3400,19,71,106,145,7,69,68,51,407,100
SZ,002324,2017-01-03 13:35:30,30.2900,7,199914.0000,66,B,30.2800,30.2700,30.2600,30.2500,30.2400,30.2900,30.3000,30.3200,30.3300,30.3400,19,71,106,145,7,3,68,51,407,100
SZ,002324,2017-01-03 13:35:33,30.2800,1,6056.0000,2,S,30.2800,30.2700,30.2600,30.2500,30.2400,30.2900,30.3000,30.3200,30.3300,30.3400,17,71,106,145,7,8,68,51,407,100
SZ,002324,2017-01-03 13:35:39,30.2900,1,6059.0000,2,B,30.2800,30.2700,30.2600,30.2500,30.2400,30.2900,30.3000,30.3200,30.3300,30.3400,17,71,106,145,7,6,71,51,407,100
SZ,002324,2017-01-03 13:36:15,30.2800,1,6056.0000,2,S,30.2800,30.2700,30.2600,30.2500,30.2400,30.2900,30.3000,30.3200,30.3300,30.3400,15,71,106,145,7,13,71,61,407,100
SZ,002324,2017-01-03 13:36:18,30.2800,2,6056.0000,2,S,30.2800,30.2700,30.2600,30.2500,30.2400,30.2900,30.3000,30.3200,30.3300,30.3400,13,71,106,145,7,13,71,61,407,100
SZ,002324,2017-01-03 13:36:24,30.2800,1,15140.0000,5,S,30.2800,30.2700,30.2600,30.2500,30.2400,30.2900,30.3000,30.3200,30.3300,30.3400,8,71,106,145,7,13,71,62,407,100
SZ,002324,2017-01-03 13:36:39,30.2800,1,18168.0000,6,S,30.2800,30.2700,30.2600,30.2500,30.2400,30.2900,30.3000,30.3200,30.3300,30.3400,2,71,106,145,7,25,71,62,407,100
SZ,002324,2017-01-03 13:36:54,30.2800,1,6056.0000,2,S,30.2700,30.2600,30.2500,30.2400,30.2200,30.2800,30.2900,30.3000,30.3200,30.3300,71,106,145,7,13,1,51,71,62,407
SZ,002324,2017-01-03 13:36:57,30.2800,1,3028.0000,1,B,30.2800,30.2700,30.2600,30.2500,30.2400,30.2900,30.3000,30.3200,30.3300,30.3400,3,71,106,145,7,51,71,72,407,100
SZ,002324,2017-01-03 13:37:00,30.2800,1,9084.0000,3,S,30.2700,30.2600,30.2500,30.2400,30.2200,30.2800,30.2900,30.3000,30.3200,30.3300,71,106,145,7,13,2,51,71,72,407
SZ,002324,2017-01-03 13:37:06,30.2700,1,33296.0000,11,S,30.2700,30.2600,30.2500,30.2400,30.2200,30.2800,30.2900,30.3000,30.3200,30.3300,159,106,145,7,13,2,39,71,72,407
SZ,002324,2017-01-03 13:37:18,30.2700,3,15136.0000,5,S,30.2700,30.2600,30.2500,30.2400,30.2200,30.2800,30.2900,30.3000,30.3200,30.3300,154,106,145,7,13,2,36,71,72,407
SZ,002324,2017-01-03 13:37:21,30.2700,1,3026.0000,1,S,30.2700,30.2600,30.2500,30.2400,30.2200,30.2800,30.2900,30.3000,30.3200,30.3300,153,106,145,7,13,2,36,71,72,407
SZ,002324,2017-01-03 13:37:24,30.2900,4,115100.0000,38,B,30.2900,30.2700,30.2600,30.2500,30.2400,30.3000,30.3200,30.3300,30.3400,30.3500,44,153,106,145,7,71,76,407,100,14
SZ,002324,2017-01-03 13:37:33,30.2900,1,36348.0000,12,S,30.2900,30.2700,30.2600,30.2500,30.2400,30.3000,30.3200,30.3300,30.3400,30.3500,32,153,106,145,7,71,80,407,100,14
SZ,002324,2017-01-03 13:37:36,30.2900,1,9086.0000,3,S,30.2900,30.2700,30.2600,30.2500,30.2400,30.3000,30.3200,30.3300,30.3400,30.3500,29,153,106,145,7,71,80,407,100,14
SZ,002324,2017-01-03 13:37:39,30.2900,1,9088.0000,3,S,30.2900,30.2700,30.2600,30.2500,30.2400,30.3000,30.3200,30.3300,30.3400,30.3500,26,153,106,145,7,71,80,407,100,14
SZ,002324,2017-01-03 13:37:45,30.2900,1,15144.0000,5,S,30.2900,30.2700,30.2600,30.2500,30.2400,30.3000,30.3200,30.3300,30.3400,30.3500,21,153,106,145,7,75,80,407,100,14
SZ,002324,2017-01-03 13:37:48,30.3000,3,27268.0000,9,B,30.2900,30.2700,30.2600,30.2500,30.2400,30.3000,30.3200,30.3300,30.3400,30.3500,18,153,106,145,7,69,80,407,100,14
SZ,002324,2017-01-03 13:37:54,30.2900,1,3028.0000,1,S,30.2900,30.2700,30.2600,30.2500,30.2400,30.3000,30.3200,30.3300,30.3400,30.3500,17,153,106,145,7,69,76,407,100,14
SZ,002324,2017-01-03 13:37:57,30.3000,3,30300.0000,10,B,30.2900,30.2700,30.2600,30.2500,30.2400,30.3000,30.3200,30.3300,30.3400,30.3500,17,153,106,145,7,59,76,407,100,14
SZ,002324,2017-01-03 13:38:00,30.2900,1,51494.0000,17,S,30.2700,30.2600,30.2500,30.2400,30.2200,30.2900,30.3000,30.3200,30.3300,30.3400,153,106,145,7,13,9,59,76,407,100
SZ,002324,2017-01-03 13:38:06,30.3000,5,90890.0000,30,B,30.2700,30.2600,30.2500,30.2400,30.2200,30.3000,30.3200,30.3300,30.3400,30.3500,153,106,145,7,13,38,76,407,100,14
SZ,002324,2017-01-03 13:38:12,30.2700,1,15136.0000,5,S,30.2700,30.2600,30.2500,30.2400,30.2200,30.3000,30.3200,30.3300,30.3400,30.3500,148,106,145,7,13,38,76,407,100,14
SZ,002324,2017-01-03 13:38:18,30.2700,2,6054.0000,2,S,30.2700,30.2600,30.2500,30.2400,30.2200,30.3000,30.3200,30.3300,30.3400,30.3500,146,106,145,7,13,38,77,407,100,14
SZ,002324,2017-01-03 13:39:06,30.2800,2,30280.0000,10,S,30.2700,30.2600,30.2500,30.2400,30.2200,30.3000,30.3100,30.3200,30.3300,30.3400,146,106,145,7,13,63,1,97,407,100
SZ,002324,2017-01-03 13:39:57,30.2800,1,15140.0000,5,S,30.2800,30.2700,30.2600,30.2500,30.2400,30.3000,30.3100,30.3200,30.3300,30.3400,6,146,106,145,608,63,1,97,407,100
SZ,002324,2017-01-03 13:40:18,30.2800,1,3028.0000,1,S,30.2800,30.2700,30.2600,30.2500,30.2400,30.2900,30.3000,30.3100,30.3200,30.3300,25,146,106,145,608,80,63,1,97,407
SZ,002324,2017-01-03 13:40:24,30.2800,1,3028.0000,1,S,30.2800,30.2700,30.2600,30.2500,30.2400,30.2900,30.3000,30.3100,30.3200,30.3300,24,146,106,145,608,80,63,1,97,407
SZ,002324,2017-01-03 13:40:27,30.2800,2,15140.0000,5,S,30.2800,30.2700,30.2600,30.2500,30.2400,30.2900,30.3000,30.3100,30.3200,30.3300,19,146,106,145,608,80,63,1,97,407
SZ,002324,2017-01-03 13:40:42,30.2800,2,48448.0000,16,S,30.2800,30.2700,30.2600,30.2500,30.2400,30.2900,30.3000,30.3100,30.3200,30.3300,23,146,106,145,608,90,59,1,97,407
SZ,002324,2017-01-03 13:40:54,30.2900,1,24232.0000,8,B,30.2800,30.2700,30.2600,30.2500,30.2400,30.2900,30.3000,30.3100,30.3200,30.3300,23,166,106,145,608,82,59,1,97,407
SZ,002324,2017-01-03 13:41:12,30.2900,1,30290.0000,10,B,30.2800,30.2700,30.2600,30.2500,30.2400,30.2900,30.3000,30.3100,30.3200,30.3300,23,166,126,145,608,72,59,1,96,407
SZ,002324,2017-01-03 13:41:18,30.2800,4,21196.0000,7,S,30.2800,30.2700,30.2600,30.2500,30.2400,30.2900,30.3000,30.3100,30.3200,30.3300,16,166,126,145,608,68,59,1,46,407
SZ,002324,2017-01-03 13:41:51,30.2800,1,18168.0000,6,S,30.2800,30.2700,30.2600,30.2500,30.2400,30.2900,30.3000,30.3100,30.3200,30.3300,10,166,126,145,608,68,59,1,46,407
SZ,002324,2017-01-03 13:42:09,30.2800,1,15140.0000,5,S,30.2800,30.2700,30.2600,30.2500,30.2400,30.2900,30.3000,30.3100,30.3200,30.3300,5,166,126,145,608,68,59,1,46,407
SZ,002324,2017-01-03 13:42:18,30.2800,1,3028.0000,1,S,30.2800,30.2700,30.2600,30.2500,30.2400,30.2900,30.3000,30.3100,30.3200,30.3300,4,166,126,145,608,68,59,1,50,407
SZ,002324,2017-01-03 13:42:27,30.2800,1,12112.0000,4,S,30.2700,30.2600,30.2500,30.2400,30.2200,30.2800,30.2900,30.3000,30.3100,30.3200,20,20,45,601,13,6,73,59,1,40
SZ,002324,2017-01-03 13:42:48,30.2700,1,6054.0000,2,S,30.2700,30.2600,30.2500,30.2400,30.2200,30.2800,30.2900,30.3000,30.3100,30.3200,18,20,45,601,13,10,76,59,1,40
SZ,002324,2017-01-03 13:43:06,30.2700,1,18162.0000,6,S,30.2700,30.2600,30.2500,30.2400,30.2200,30.2800,30.2900,30.3000,30.3100,30.3200,12,20,45,601,13,15,76,59,1,40
SZ,002324,2017-01-03 13:43:15,30.2700,1,12108.0000,4,S,30.2700,30.2600,30.2500,30.2400,30.2200,30.2800,30.2900,30.3000,30.3100,30.3200,8,20,45,601,13,15,73,59,1,40
SZ,002324,2017-01-03 13:43:24,30.2700,1,3028.0000,1,S,30.2700,30.2600,30.2500,30.2400,30.2200,30.2800,30.2900,30.3000,30.3100,30.3200,7,20,45,601,13,15,73,59,1,40
SZ,002324,2017-01-03 13:43:27,30.2700,1,6052.0000,2,S,30.2700,30.2600,30.2500,30.2400,30.2200,30.2800,30.2900,30.3000,30.3100,30.3200,5,20,45,601,13,15,73,59,1,40
SZ,002324,2017-01-03 13:43:33,30.2700,1,15136.0000,5,S,30.2600,30.2500,30.2400,30.2200,30.2000,30.2700,30.2800,30.2900,30.3000,30.3100,20,45,601,13,1,15,15,73,59,1
SZ,002324,2017-01-03 13:44:00,30.2600,1,30260.0000,10,S,30.2600,30.2500,30.2400,30.2200,30.2000,30.2700,30.2800,30.2900,30.3000,30.3100,10,45,601,13,1,16,15,73,59,1
SZ,002324,2017-01-03 13:44:12,30.2600,1,18156.0000,6,S,30.2600,30.2500,30.2400,30.2200,30.2000,30.2700,30.2800,30.2900,30.3000,30.3100,4,100,601,13,1,16,15,73,59,1
SZ,002324,2017-01-03 13:44:15,30.2600,1,3026.0000,1,S,30.2600,30.2500,30.2400,30.2200,30.2000,30.2700,30.2800,30.2900,30.3000,30.3100,3,100,601,13,1,16,15,73,59,1
SZ,002324,2017-01-03 13:44:33,30.2700,2,48432.0000,16,B,30.2700,30.2600,30.2500,30.2400,30.2200,30.2800,30.2900,30.3000,30.3100,30.3200,67,3,100,601,13,15,73,59,1,40
SZ,002324,2017-01-03 13:44:51,30.2800,3,45420.0000,15,B,30.2800,30.2700,30.2600,30.2500,30.2400,30.2900,30.3000,30.3100,30.3200,30.3300,66,67,3,100,601,73,59,1,40,407
SZ,002324,2017-01-03 13:44:54,30.2800,1,6056.0000,2,S,30.2800,30.2700,30.2600,30.2500,30.2400,30.2900,30.3000,30.3100,30.3200,30.3300,64,67,3,100,601,73,59,1,40,407
SZ,002324,2017-01-03 13:45:03,30.3000,6,302926.0000,100,B,30.2800,30.2700,30.2600,30.2500,30.2400,30.3000,30.3100,30.3200,30.3300,30.3400,64,67,3,100,601,32,1,45,407,100
SZ,002324,2017-01-03 13:45:18,30.2800,1,3028.0000,1,S,30.2800,30.2700,30.2600,30.2500,30.2400,30.3000,30.3100,30.3200,30.3300,30.3400,63,67,402,100,601,42,1,45,407,100
SZ,002324,2017-01-03 13:46:18,30.2800,1,3028.0000,1,S,30.2800,30.2700,30.2600,30.2500,30.2400,30.3000,30.3100,30.3200,30.3300,30.3400,62,67,402,55,601,45,2,50,407,100
SZ,002324,2017-01-03 13:46:21,30.2800,1,24224.0000,8,S,30.2800,30.2700,30.2600,30.2500,30.2400,30.3000,30.3100,30.3200,30.3300,30.3400,54,67,402,55,601,45,2,50,407,100
SZ,002324,2017-01-03 13:46:27,30.2800,1,3028.0000,1,S,30.2800,30.2700,30.2600,30.2500,30.2400,30.3000,30.3100,30.3200,30.3300,30.3400,53,67,402,55,601,45,2,50,407,100
SZ,002324,2017-01-03 13:46:36,30.2800,1,9084.0000,3,S,30.2800,30.2700,30.2600,30.2500,30.2400,30.3000,30.3100,30.3200,30.3300,30.3400,50,67,402,55,601,45,2,50,407,100
SZ,002324,2017-01-03 13:46:51,30.3000,9,136352.0000,45,B,30.3000,30.2800,30.2700,30.2600,30.2500,30.3100,30.3200,30.3300,30.3400,30.3500,14,50,67,402,55,2,52,407,100,64
SZ,002324,2017-01-03 13:46:57,30.3000,1,15148.0000,5,S,30.3000,30.2800,30.2700,30.2600,30.2500,30.3100,30.3200,30.3300,30.3400,30.3500,9,50,67,402,55,2,52,407,100,64
SZ,002324,2017-01-03 13:47:15,30.3000,1,9092.0000,3,S,30.3000,30.2800,30.2700,30.2600,30.2500,30.3100,30.3200,30.3300,30.3400,30.3500,6,50,67,402,55,7,52,407,100,64
SZ,002324,2017-01-03 13:47:36,30.3200,8,127336.0000,42,B,30.3000,30.2800,30.2700,30.2600,30.2500,30.3200,30.3300,30.3400,30.3500,30.3700,6,50,67,402,55,12,407,100,64,4
SZ,002324,2017-01-03 13:48:12,30.3000,1,18180.0000,6,S,30.2800,30.2700,30.2600,30.2500,30.2200,30.3000,30.3200,30.3300,30.3400,30.3500,50,67,402,55,13,6,22,407,100,64
SZ,002324,2017-01-03 13:48:18,30.2800,1,3028.0000,1,S,30.2900,30.2800,30.2700,30.2600,30.2500,30.3000,30.3200,30.3300,30.3400,30.3500,99,49,67,402,55,6,22,407,100,64
SZ,002324,2017-01-03 13:48:51,30.2900,1,15144.0000,5,S,30.2900,30.2800,30.2700,30.2600,30.2500,30.3000,30.3200,30.3300,30.3400,30.3500,94,49,67,402,55,12,16,407,100,64
SZ,002324,2017-01-03 13:48:54,30.3000,3,36360.0000,12,B,30.3000,30.2900,30.2800,30.2700,30.2600,30.3200,30.3300,30.3400,30.3500,30.3700,18,94,49,67,402,16,407,100,64,4
SZ,002324,2017-01-03 13:48:57,30.3000,1,21212.0000,7,S,30.3000,30.2900,30.2800,30.2700,30.2600,30.3200,30.3300,30.3400,30.3500,30.3700,11,94,49,67,402,16,407,100,64,4
SZ,002324,2017-01-03 13:49:18,30.3000,1,3028.0000,1,S,30.3000,30.2900,30.2800,30.2700,30.2600,30.3200,30.3300,30.3400,30.3500,30.3700,10,94,49,67,402,14,407,100,64,4
