市场代码,证券代码,时间,最新价,成交笔数,成交额,成交量,方向,买一价,买二价,买三价,买四价,买五价,卖一价,卖二价,卖三价,卖四价,卖五价,买一量,买二量,买三量,买四量,买五量,卖一量,卖二量,卖三量,卖四量,卖五量
SZ,002378,2017-01-03 09:25:03,9.7400,15,112010.0000,115,B,9.7300,9.7200,9.7100,9.7000,9.6900,9.7400,9.7900,9.8300,9.8400,9.8500,45,50,5,225,94,8,17,12,68,155
SZ,002378,2017-01-03 09:30:03,9.7900,9,74271.0000,76,B,9.7900,9.7500,9.7400,9.7300,9.7200,9.8200,9.8300,9.8400,9.8500,9.8600,483,36,1371,369,114,39,47,98,125,30
SZ,002378,2017-01-03 09:30:39,9.7900,2,49040.0000,50,S,9.7900,9.7500,9.7400,9.7300,9.7200,9.8200,9.8300,9.8400,9.8500,9.8600,483,80,1328,345,74,9,48,98,126,30
SZ,002378,2017-01-03 09:30:48,9.7900,1,1958.0000,2,S,9.7900,9.7500,9.7400,9.7300,9.7200,9.8200,9.8300,9.8400,9.8500,9.8600,501,180,1328,345,74,9,48,78,126,30
SZ,002378,2017-01-03 09:30:51,9.8300,2,10804.0000,11,B,9.7900,9.7500,9.7400,9.7300,9.7200,9.8300,9.8400,9.8500,9.8600,9.8800,501,202,1216,345,74,46,78,126,30,40
SZ,002378,2017-01-03 09:31:09,9.8300,1,983.0000,1,B,9.8200,9.7900,9.7500,9.7400,9.7300,9.8300,9.8400,9.8500,9.8600,9.8800,3,551,213,1168,345,59,78,91,30,40
SZ,002378,2017-01-03 09:31:15,9.8300,1,5898.0000,6,B,9.8200,9.8000,9.7900,9.7500,9.7400,9.8300,9.8400,9.8500,9.8600,9.8800,3,1,551,213,1168,53,78,91,30,40
SZ,002378,2017-01-03 09:31:21,9.8200,1,2946.0000,3,S,9.8000,9.7900,9.7500,9.7400,9.7300,9.8200,9.8300,9.8400,9.8500,9.8600,1,551,223,1168,348,35,53,78,91,30
SZ,002378,2017-01-03 09:31:33,9.8200,1,29460.0000,30,B,9.8100,9.8000,9.7900,9.7500,9.7400,9.8200,9.8300,9.8400,9.8500,9.8600,4,1,551,223,1168,5,53,78,91,30
SZ,002378,2017-01-03 09:31:45,9.8200,1,982.0000,1,B,9.8100,9.8000,9.7900,9.7500,9.7400,9.8200,9.8300,9.8400,9.8500,9.8600,4,2,551,254,1168,4,39,78,91,30
SZ,002378,2017-01-03 09:31:48,9.8100,1,3924.0000,4,S,9.8000,9.7900,9.7500,9.7400,9.7300,9.8100,9.8200,9.8300,9.8400,9.8500,2,551,254,1168,348,10,4,39,78,91
SZ,002378,2017-01-03 09:31:57,9.8200,3,14719.0000,15,B,9.8000,9.7900,9.7500,9.7400,9.7300,9.8300,9.8400,9.8500,9.8600,9.8800,2,551,254,1138,342,38,78,91,30,40
SZ,002378,2017-01-03 09:32:15,9.8200,1,19640.0000,20,B,9.8100,9.8000,9.7900,9.7500,9.7400,9.8200,9.8300,9.8400,9.8500,9.8600,23,8,551,286,1138,40,38,78,91,30
SZ,002378,2017-01-03 09:32:27,9.8200,1,2946.0000,3,B,9.8100,9.8000,9.7900,9.7500,9.7400,9.8200,9.8300,9.8400,9.8500,9.8600,28,20,551,292,1133,37,38,83,91,30
SZ,002378,2017-01-03 09:32:30,9.8100,1,10791.0000,11,S,9.8100,9.8000,9.7900,9.7500,9.7400,9.8200,9.8300,9.8400,9.8500,9.8600,17,23,551,292,1113,37,38,83,91,30
SZ,002378,2017-01-03 09:32:36,9.8200,1,9820.0000,10,B,9.8100,9.8000,9.7900,9.7500,9.7400,9.8200,9.8300,9.8400,9.8500,9.8600,17,23,551,292,1113,27,38,83,91,30
SZ,002378,2017-01-03 09:32:45,9.8200,2,24550.0000,25,B,9.8100,9.8000,9.7900,9.7500,9.7400,9.8200,9.8300,9.8400,9.8500,9.8600,21,23,551,292,1113,2,38,83,91,30
SZ,002378,2017-01-03 09:32:57,9.8300,3,22607.0000,23,B,9.8100,9.8000,9.7900,9.7500,9.7400,9.8300,9.8400,9.8500,9.8600,9.8800,21,23,551,292,1113,17,83,91,30,60
SZ,002378,2017-01-03 09:33:03,9.8300,1,14745.0000,15,B,9.8200,9.8100,9.8000,9.7900,9.7500,9.8300,9.8400,9.8500,9.8600,9.8800,21,21,23,551,292,2,83,91,30,60
SZ,002378,2017-01-03 09:33:06,9.8300,1,1966.0000,2,B,9.8300,9.8200,9.8100,9.8000,9.7900,9.8400,9.8500,9.8600,9.8800,9.8900,6,21,21,23,551,83,91,30,60,207
SZ,002378,2017-01-03 09:33:18,9.8300,1,3932.0000,4,S,9.8300,9.8200,9.8100,9.8000,9.7900,9.8400,9.8500,9.8600,9.8800,9.8900,2,21,21,25,551,83,91,30,60,207
SZ,002378,2017-01-03 09:33:21,9.8300,2,21626.0000,22,S,9.8200,9.8100,9.8000,9.7900,9.7500,9.8300,9.8400,9.8500,9.8600,9.8700,21,21,22,551,292,8,83,91,30,140
SZ,002378,2017-01-03 09:33:24,9.8300,1,2949.0000,3,B,9.8200,9.8100,9.8000,9.7900,9.7500,9.8300,9.8400,9.8500,9.8600,9.8700,21,21,22,551,292,5,83,91,30,140
SZ,002378,2017-01-03 09:33:33,9.8300,1,4915.0000,5,B,9.8300,9.8200,9.8100,9.8000,9.7900,9.8400,9.8500,9.8600,9.8700,9.8800,3,26,21,22,551,83,91,30,140,77
SZ,002378,2017-01-03 09:33:45,9.8300,1,2949.0000,3,S,9.8200,9.8100,9.8000,9.7900,9.7500,9.8300,9.8400,9.8500,9.8600,9.8700,40,21,16,551,292,8,83,91,30,140
SZ,002378,2017-01-03 09:34:00,9.8300,3,9830.0000,10,B,9.8200,9.8100,9.8000,9.7900,9.7500,9.8300,9.8400,9.8500,9.8600,9.8700,35,4,16,551,302,4,83,91,30,140
SZ,002378,2017-01-03 09:34:12,9.8200,3,11793.0000,12,S,9.8200,9.8100,9.8000,9.7900,9.7500,9.8400,9.8500,9.8600,9.8700,9.8800,37,4,20,551,302,96,91,30,140,77
SZ,002378,2017-01-03 09:34:18,9.8300,1,17694.0000,18,B,9.8300,9.8200,9.8100,9.8000,9.7900,9.8400,9.8500,9.8600,9.8700,9.8800,35,37,4,20,551,106,91,46,140,77
SZ,002378,2017-01-03 09:34:21,9.8300,1,15728.0000,16,S,9.8300,9.8200,9.8100,9.8000,9.7900,9.8400,9.8500,9.8600,9.8700,9.8800,21,37,4,20,551,106,91,46,140,77
SZ,002378,2017-01-03 09:34:27,9.8200,5,56977.0000,58,S,9.8100,9.8000,9.7900,9.7500,9.7400,9.8200,9.8400,9.8500,9.8600,9.8700,4,20,551,302,1082,66,106,91,46,140
SZ,002378,2017-01-03 09:34:30,9.8200,1,2946.0000,3,B,9.8100,9.8000,9.7900,9.7500,9.7400,9.8200,9.8300,9.8400,9.8500,9.8600,4,20,551,302,1082,63,55,106,91,46
SZ,002378,2017-01-03 09:34:39,9.8200,1,4910.0000,5,B,9.8100,9.8000,9.7900,9.7600,9.7500,9.8200,9.8300,9.8400,9.8500,9.8600,4,20,551,18,272,58,55,106,91,46
SZ,002378,2017-01-03 09:34:42,9.8200,1,19640.0000,20,B,9.8100,9.8000,9.7900,9.7600,9.7500,9.8200,9.8300,9.8400,9.8500,9.8600,4,20,551,18,272,38,55,106,91,46
SZ,002378,2017-01-03 09:34:51,9.8000,6,23524.0000,24,S,9.7900,9.7600,9.7500,9.7400,9.7300,9.8000,9.8200,9.8300,9.8400,9.8500,551,18,272,1082,312,26,38,55,106,91
SZ,002378,2017-01-03 09:34:54,9.8000,1,25480.0000,26,B,9.8000,9.7900,9.7600,9.7500,9.7400,9.8200,9.8300,9.8400,9.8500,9.8600,4,551,18,272,1082,48,55,106,91,46
SZ,002378,2017-01-03 09:35:27,9.8200,1,9820.0000,10,B,9.8000,9.7900,9.7600,9.7500,9.7400,9.8200,9.8300,9.8400,9.8500,9.8600,105,501,18,272,1022,38,138,76,41,46
SZ,002378,2017-01-03 09:35:30,9.8000,6,49000.0000,50,S,9.8000,9.7900,9.7600,9.7500,9.7400,9.8200,9.8300,9.8400,9.8500,9.8600,55,501,18,272,1022,38,138,76,41,46
SZ,002378,2017-01-03 09:35:39,9.8200,1,1964.0000,2,B,9.8000,9.7900,9.7600,9.7500,9.7400,9.8200,9.8300,9.8400,9.8500,9.8600,75,501,18,272,1022,96,138,76,41,46
SZ,002378,2017-01-03 09:35:42,9.8200,1,1964.0000,2,B,9.8000,9.7900,9.7600,9.7500,9.7400,9.8200,9.8300,9.8400,9.8500,9.8600,75,501,18,272,1022,94,154,76,41,46
SZ,002378,2017-01-03 09:35:48,9.8200,1,982.0000,1,B,9.8000,9.7900,9.7700,9.7600,9.7500,9.8200,9.8300,9.8400,9.8500,9.8600,75,501,3,18,262,144,154,76,41,46
SZ,002378,2017-01-03 09:35:54,9.8200,1,12766.0000,13,B,9.8000,9.7900,9.7700,9.7600,9.7500,9.8200,9.8300,9.8400,9.8500,9.8600,75,501,3,18,262,131,154,76,41,46
SZ,002378,2017-01-03 09:35:57,9.8200,3,45172.0000,46,B,9.8000,9.7900,9.7700,9.7600,9.7500,9.8200,9.8300,9.8400,9.8500,9.8600,75,501,3,18,262,85,154,76,41,46
SZ,002378,2017-01-03 09:36:00,9.8200,1,16694.0000,17,B,9.8000,9.7900,9.7700,9.7600,9.7500,9.8200,9.8300,9.8400,9.8500,9.8600,75,501,3,18,262,68,154,76,41,46
SZ,002378,2017-01-03 09:36:09,9.8000,2,6864.0000,7,S,9.8000,9.7900,9.7700,9.7600,9.7500,9.8200,9.8300,9.8400,9.8500,9.8600,75,501,3,18,262,66,71,76,41,46
SZ,002378,2017-01-03 09:36:12,9.8200,2,20582.0000,21,B,9.8000,9.7900,9.7700,9.7600,9.7500,9.8200,9.8300,9.8400,9.8500,9.8600,50,501,3,68,267,65,71,76,41,46
SZ,002378,2017-01-03 09:36:15,9.8000,3,58800.0000,60,S,9.8000,9.7900,9.7700,9.7600,9.7500,9.8200,9.8300,9.8400,9.8500,9.8600,117,501,3,68,267,65,71,76,61,46
SZ,002378,2017-01-03 09:36:21,9.8200,2,19640.0000,20,B,9.8000,9.7900,9.7700,9.7600,9.7500,9.8200,9.8300,9.8400,9.8500,9.8600,117,501,3,68,267,45,71,76,61,46
SZ,002378,2017-01-03 09:36:57,9.8100,1,19620.0000,20,S,9.8000,9.7900,9.7700,9.7600,9.7500,9.8100,9.8200,9.8300,9.8400,9.8500,165,501,3,108,270,20,45,93,38,61
SZ,002378,2017-01-03 09:37:09,9.8100,1,19620.0000,20,B,9.8100,9.8000,9.7900,9.7700,9.7600,9.8200,9.8300,9.8400,9.8500,9.8600,80,180,501,3,108,45,93,38,61,46
SZ,002378,2017-01-03 09:37:24,9.8200,1,14730.0000,15,B,9.8100,9.8000,9.7900,9.7700,9.7600,9.8200,9.8300,9.8400,9.8500,9.8600,180,193,501,3,108,30,93,38,61,46
SZ,002378,2017-01-03 09:37:36,9.8100,2,81423.0000,83,S,9.8100,9.8000,9.7900,9.7700,9.7600,9.8200,9.8300,9.8400,9.8500,9.8600,97,193,501,3,108,30,93,38,61,46
SZ,002378,2017-01-03 09:37:45,9.8200,1,11784.0000,12,B,9.8100,9.8000,9.7900,9.7700,9.7600,9.8200,9.8300,9.8400,9.8500,9.8600,97,193,501,3,108,18,93,38,61,46
SZ,002378,2017-01-03 09:37:51,9.8200,1,9820.0000,10,B,9.8100,9.8000,9.7900,9.7700,9.7600,9.8200,9.8300,9.8400,9.8500,9.8600,97,193,501,3,108,8,93,43,61,46
SZ,002378,2017-01-03 09:37:57,9.8200,1,7856.0000,8,B,9.8200,9.8100,9.8000,9.7900,9.7700,9.8300,9.8400,9.8500,9.8600,9.8700,19,97,193,501,3,93,43,61,46,144
SZ,002378,2017-01-03 09:38:18,9.8200,1,11784.0000,12,S,9.8200,9.8100,9.8000,9.7900,9.7700,9.8300,9.8400,9.8500,9.8600,9.8700,10,104,188,501,3,93,43,81,46,144
SZ,002378,2017-01-03 09:38:21,9.8300,3,12777.0000,13,B,9.8200,9.8100,9.8000,9.7900,9.7700,9.8300,9.8400,9.8500,9.8600,9.8700,8,104,188,501,3,82,43,81,46,144
SZ,002378,2017-01-03 09:38:24,9.8300,1,9830.0000,10,B,9.8200,9.8100,9.8000,9.7900,9.7700,9.8300,9.8400,9.8500,9.8600,9.8700,8,104,188,501,3,72,43,81,46,162
SZ,002378,2017-01-03 09:38:30,9.8200,2,7856.0000,8,S,9.8100,9.8000,9.7900,9.7700,9.7600,9.8200,9.8300,9.8400,9.8500,9.8600,104,188,501,28,108,7,72,43,81,66
SZ,002378,2017-01-03 09:38:36,9.8200,1,6874.0000,7,B,9.8200,9.8100,9.8000,9.7900,9.7700,9.8300,9.8400,9.8500,9.8600,9.8700,14,104,188,501,28,72,43,81,66,162
SZ,002378,2017-01-03 09:38:39,9.8100,4,115772.0000,118,S,9.8000,9.7900,9.7700,9.7600,9.7500,9.8100,9.8300,9.8400,9.8500,9.8600,188,501,28,108,270,7,72,43,81,66
SZ,002378,2017-01-03 09:38:54,9.8000,9,184240.0000,188,S,9.7900,9.7700,9.7600,9.7500,9.7400,9.8000,9.8100,9.8300,9.8400,9.8500,501,28,108,270,802,342,7,72,43,81
SZ,002378,2017-01-03 09:39:00,9.8000,1,1960.0000,2,B,9.7900,9.7700,9.7600,9.7500,9.7400,9.8000,9.8100,9.8300,9.8400,9.8500,501,28,108,270,802,340,7,72,43,81
SZ,002378,2017-01-03 09:39:06,9.8000,1,32340.0000,33,B,9.7900,9.7700,9.7600,9.7500,9.7400,9.8000,9.8100,9.8300,9.8400,9.8500,501,28,98,270,802,307,7,72,43,99
SZ,002378,2017-01-03 09:39:09,9.8000,1,1960.0000,2,B,9.7900,9.7700,9.7600,9.7500,9.7400,9.8000,9.8100,9.8300,9.8400,9.8500,501,28,98,270,802,305,7,72,38,99
SZ,002378,2017-01-03 09:39:15,9.8000,1,4900.0000,5,B,9.7900,9.7700,9.7600,9.7500,9.7400,9.8000,9.8100,9.8300,9.8400,9.8500,501,28,98,270,802,300,7,72,38,99
SZ,002378,2017-01-03 09:39:18,9.8000,2,147000.0000,150,B,9.7900,9.7700,9.7600,9.7500,9.7400,9.8000,9.8100,9.8300,9.8400,9.8500,501,28,98,270,802,150,7,72,38,99
SZ,002378,2017-01-03 09:39:21,9.8000,1,19600.0000,20,B,9.7900,9.7700,9.7600,9.7500,9.7400,9.8000,9.8100,9.8300,9.8400,9.8500,501,28,98,270,802,130,7,72,38,99
SZ,002378,2017-01-03 09:39:24,9.8000,1,74480.0000,76,B,9.7900,9.7700,9.7600,9.7500,9.7400,9.8000,9.8100,9.8300,9.8400,9.8500,501,28,98,270,802,54,7,72,38,99
SZ,002378,2017-01-03 09:39:27,9.8000,1,52920.0000,54,B,9.8000,9.7900,9.7700,9.7600,9.7500,9.8100,9.8300,9.8400,9.8500,9.8600,8,501,28,124,273,7,72,58,99,66
SZ,002378,2017-01-03 09:39:54,9.8100,1,6867.0000,7,B,9.8100,9.8000,9.7900,9.7700,9.7600,9.8300,9.8400,9.8500,9.8600,9.8700,129,33,501,28,124,72,58,141,66,144
SZ,002378,2017-01-03 09:40:30,9.8300,1,8847.0000,9,B,9.8100,9.8000,9.7900,9.7700,9.7600,9.8300,9.8400,9.8500,9.8600,9.8700,129,13,501,28,124,63,58,141,66,144
SZ,002378,2017-01-03 09:40:33,9.8300,1,2949.0000,3,B,9.8100,9.8000,9.7900,9.7700,9.7600,9.8300,9.8400,9.8500,9.8600,9.8700,129,13,501,28,124,110,58,141,66,144
SZ,002378,2017-01-03 09:40:36,9.8100,1,5886.0000,6,S,9.8100,9.8000,9.7900,9.7700,9.7600,9.8300,9.8400,9.8500,9.8600,9.8700,123,13,501,28,124,110,58,141,66,144
SZ,002378,2017-01-03 09:40:51,9.8300,1,9830.0000,10,B,9.8100,9.8000,9.7900,9.7700,9.7600,9.8300,9.8400,9.8500,9.8600,9.8700,123,13,501,28,124,100,58,141,66,162
SZ,002378,2017-01-03 09:41:06,9.8300,1,5898.0000,6,B,9.8100,9.8000,9.7900,9.7700,9.7600,9.8300,9.8400,9.8500,9.8600,9.8700,123,10,501,25,124,100,58,141,66,162
SZ,002378,2017-01-03 09:41:18,9.8300,1,983.0000,1,B,9.8100,9.8000,9.7900,9.7700,9.7600,9.8300,9.8400,9.8500,9.8600,9.8700,123,20,501,25,124,99,58,81,66,144
SZ,002378,2017-01-03 09:41:24,9.8300,1,983.0000,1,B,9.8100,9.8000,9.7900,9.7700,9.7600,9.8300,9.8400,9.8500,9.8600,9.8700,123,20,501,25,124,98,58,81,66,144
SZ,002378,2017-01-03 09:41:27,9.8300,2,4915.0000,5,B,9.8200,9.8100,9.8000,9.7900,9.7700,9.8300,9.8400,9.8500,9.8600,9.8700,5,123,22,501,25,93,58,81,66,144
SZ,002378,2017-01-03 09:41:39,9.8300,1,6881.0000,7,B,9.8200,9.8100,9.8000,9.7900,9.7700,9.8300,9.8400,9.8500,9.8600,9.8700,5,123,22,501,30,86,58,81,66,144
SZ,002378,2017-01-03 09:41:48,9.8200,1,4910.0000,5,S,9.8100,9.8000,9.7900,9.7700,9.7600,9.8200,9.8300,9.8400,9.8500,9.8600,123,25,501,30,124,25,86,58,81,66
SZ,002378,2017-01-03 09:41:57,9.8200,1,24550.0000,25,B,9.8100,9.8000,9.7900,9.7700,9.7600,9.8300,9.8400,9.8500,9.8600,9.8700,123,325,501,30,124,86,58,81,66,144
SZ,002378,2017-01-03 09:42:09,9.8200,1,9820.0000,10,B,9.8100,9.8000,9.7900,9.7700,9.7600,9.8200,9.8300,9.8400,9.8500,9.8600,123,326,501,30,124,20,36,58,81,66
SZ,002378,2017-01-03 09:42:18,9.8200,1,3928.0000,4,B,9.8100,9.8000,9.7900,9.7700,9.7600,9.8200,9.8300,9.8400,9.8500,9.8600,142,326,501,30,124,16,36,58,81,66
SZ,002378,2017-01-03 09:42:21,9.8200,1,15712.0000,16,B,9.8200,9.8100,9.8000,9.7900,9.7700,9.8300,9.8400,9.8500,9.8600,9.8700,4,142,326,501,30,36,58,81,66,144
SZ,002378,2017-01-03 09:42:27,9.8200,2,13748.0000,14,S,9.8100,9.8000,9.7900,9.7700,9.7600,9.8200,9.8300,9.8400,9.8500,9.8600,142,326,501,30,124,36,36,58,81,66
SZ,002378,2017-01-03 09:42:39,9.8200,10,447457.0000,456,B,9.8000,9.7900,9.7700,9.7600,9.7500,9.8300,9.8400,9.8500,9.8600,9.8700,47,501,150,124,127,36,58,81,71,144
SZ,002378,2017-01-03 09:42:57,9.8300,2,19660.0000,20,B,9.8000,9.7900,9.7700,9.7600,9.7500,9.8300,9.8400,9.8500,9.8600,9.8700,69,501,150,124,127,30,58,81,71,144
SZ,002378,2017-01-03 09:43:18,9.8100,3,18663.0000,19,S,9.8100,9.8000,9.7900,9.7700,9.7600,9.8300,9.8400,9.8500,9.8600,9.8700,15,172,501,150,124,18,45,81,71,144
SZ,002378,2017-01-03 09:43:24,9.8000,6,98015.0000,100,S,9.8000,9.7900,9.7700,9.7600,9.7500,9.8300,9.8400,9.8500,9.8600,9.8700,87,501,150,124,135,18,45,81,71,144
SZ,002378,2017-01-03 09:43:45,9.8300,2,14745.0000,15,B,9.8100,9.8000,9.7900,9.7700,9.7600,9.8300,9.8400,9.8500,9.8600,9.8700,16,91,608,150,124,19,45,81,71,144
SZ,002378,2017-01-03 09:44:09,9.8200,1,11784.0000,12,B,9.8100,9.8000,9.7900,9.7700,9.7600,9.8300,9.8400,9.8500,9.8600,9.8700,60,437,608,174,124,19,45,81,71,144
SZ,002378,2017-01-03 09:44:12,9.8100,1,8829.0000,9,S,9.8100,9.8000,9.7900,9.7700,9.7600,9.8300,9.8400,9.8500,9.8600,9.8700,51,447,608,174,124,119,45,81,71,144
SZ,002378,2017-01-03 09:44:21,9.8300,4,19660.0000,20,B,9.8100,9.8000,9.7900,9.7700,9.7600,9.8300,9.8400,9.8500,9.8600,9.8700,151,447,608,54,124,99,45,81,71,144
SZ,002378,2017-01-03 09:44:54,9.8200,1,15712.0000,16,S,9.8200,9.8100,9.8000,9.7900,9.7800,9.8300,9.8400,9.8500,9.8600,9.8700,4,227,397,608,120,224,45,81,81,144
SZ,002378,2017-01-03 09:45:09,9.8200,1,3928.0000,4,S,9.8100,9.8000,9.7900,9.7800,9.7700,9.8200,9.8300,9.8400,9.8500,9.8600,237,397,608,120,54,1,224,45,81,87
SZ,002378,2017-01-03 09:45:18,9.8200,1,982.0000,1,B,9.8200,9.8100,9.8000,9.7900,9.7800,9.8300,9.8400,9.8500,9.8600,9.8700,29,237,397,608,120,224,45,81,87,144
SZ,002378,2017-01-03 09:45:21,9.8200,1,982.0000,1,S,9.8200,9.8100,9.8000,9.7900,9.7800,9.8300,9.8400,9.8500,9.8600,9.8700,28,237,397,608,120,224,45,81,87,144
SZ,002378,2017-01-03 09:45:24,9.8200,1,12766.0000,13,S,9.8200,9.8100,9.8000,9.7900,9.7800,9.8300,9.8400,9.8500,9.8600,9.8700,15,237,397,608,120,224,45,81,87,144
SZ,002378,2017-01-03 09:45:33,9.8300,1,12779.0000,13,B,9.8200,9.8100,9.8000,9.7900,9.7800,9.8300,9.8400,9.8500,9.8600,9.8700,36,237,397,608,120,211,45,81,87,144
SZ,002378,2017-01-03 09:45:42,9.8200,1,9820.0000,10,S,9.8200,9.8100,9.8000,9.7900,9.7800,9.8300,9.8400,9.8500,9.8600,9.8700,122,237,397,608,120,211,45,81,87,144
SZ,002378,2017-01-03 09:45:48,9.8300,2,98300.0000,100,B,9.8200,9.8100,9.8000,9.7900,9.7800,9.8300,9.8400,9.8500,9.8600,9.8700,122,237,410,608,289,111,45,81,87,144
SZ,002378,2017-01-03 09:45:51,9.8300,1,3932.0000,4,B,9.8200,9.8100,9.8000,9.7900,9.7800,9.8300,9.8400,9.8500,9.8600,9.8700,132,237,410,608,289,107,45,81,87,144
SZ,002378,2017-01-03 09:46:06,9.8300,5,103215.0000,105,B,9.8200,9.8100,9.8000,9.7900,9.7800,9.8300,9.8400,9.8500,9.8600,9.8700,132,243,410,608,289,5,45,81,87,144
SZ,002378,2017-01-03 09:46:18,9.8300,4,11789.0000,12,B,9.8300,9.8200,9.8100,9.8000,9.7900,9.8400,9.8500,9.8600,9.8700,9.8800,30,125,209,380,608,45,81,87,144,69
SZ,002378,2017-01-03 09:46:45,9.8300,1,10813.0000,11,S,9.8300,9.8200,9.8100,9.8000,9.7900,9.8400,9.8500,9.8600,9.8700,9.8800,49,30,191,389,658,45,95,87,144,69
SZ,002378,2017-01-03 09:46:54,9.8300,4,52112.0000,53,S,9.8300,9.8200,9.8100,9.8000,9.7900,9.8400,9.8500,9.8600,9.8700,9.8800,9,30,191,389,658,32,105,87,144,69
SZ,002378,2017-01-03 09:46:57,9.8400,1,4920.0000,5,B,9.8300,9.8200,9.8100,9.8000,9.7900,9.8400,9.8500,9.8600,9.8700,9.8800,9,30,191,389,658,27,105,87,144,69
SZ,002378,2017-01-03 09:47:15,9.8400,3,7872.0000,8,B,9.8300,9.8200,9.8100,9.8000,9.7900,9.8400,9.8500,9.8600,9.8700,9.8800,32,30,191,389,658,19,105,87,144,69
SZ,002378,2017-01-03 09:47:18,9.8400,1,984.0000,1,B,9.8300,9.8200,9.8100,9.8000,9.7900,9.8400,9.8500,9.8600,9.8700,9.8800,32,130,191,389,658,18,91,87,144,69
SZ,002378,2017-01-03 09:47:21,9.8400,2,10824.0000,11,B,9.8300,9.8200,9.8100,9.8000,9.7900,9.8400,9.8500,9.8600,9.8700,9.8800,32,130,191,389,658,7,91,87,144,69
SZ,002378,2017-01-03 09:47:30,9.8400,2,7872.0000,8,B,9.8400,9.8300,9.8200,9.8100,9.8000,9.8500,9.8600,9.8700,9.8800,9.8900,59,32,130,191,389,91,87,144,69,527
SZ,002378,2017-01-03 09:47:39,9.8400,1,1968.0000,2,S,9.8400,9.8300,9.8200,9.8100,9.8000,9.8500,9.8600,9.8700,9.8800,9.8900,57,32,130,191,389,91,97,144,87,527
SZ,002378,2017-01-03 09:47:54,9.8500,2,14765.0000,15,B,9.8400,9.8300,9.8200,9.8100,9.8000,9.8500,9.8600,9.8700,9.8800,9.8900,47,32,130,191,379,96,97,144,137,527
SZ,002378,2017-01-03 09:48:03,9.8400,1,5904.0000,6,S,9.8400,9.8300,9.8200,9.8100,9.8000,9.8500,9.8600,9.8700,9.8800,9.8900,41,32,130,191,379,96,97,144,137,527
SZ,002378,2017-01-03 09:48:12,9.8400,2,5904.0000,6,S,9.8400,9.8300,9.8200,9.8100,9.8000,9.8500,9.8600,9.8700,9.8800,9.8900,242,32,130,191,379,101,97,144,137,527
SZ,002378,2017-01-03 09:48:21,9.8500,7,93575.0000,95,B,9.8400,9.8300,9.8200,9.8100,9.8000,9.8500,9.8600,9.8700,9.8800,9.8900,267,32,156,191,379,6,97,144,137,529
SZ,002378,2017-01-03 09:48:27,9.8500,3,19700.0000,20,B,9.8400,9.8300,9.8200,9.8100,9.8000,9.8500,9.8600,9.8700,9.8800,9.8900,267,32,156,191,379,36,97,144,137,529
SZ,002378,2017-01-03 09:48:54,9.8500,4,59100.0000,60,B,9.8400,9.8300,9.8200,9.8100,9.8000,9.8500,9.8600,9.8700,9.8800,9.8900,277,52,156,191,379,100,97,164,137,529
SZ,002378,2017-01-03 09:48:57,9.8500,4,98500.0000,100,B,9.8400,9.8300,9.8200,9.8100,9.8000,9.8600,9.8700,9.8800,9.8900,9.9000,277,52,156,191,379,97,164,137,529,26
SZ,002378,2017-01-03 09:49:06,9.8600,9,135042.0000,137,B,9.8600,9.8400,9.8300,9.8200,9.8100,9.8700,9.8800,9.8900,9.9000,9.9100,54,277,52,156,221,164,137,529,26,171
SZ,002378,2017-01-03 09:49:15,9.8600,1,29580.0000,30,S,9.8600,9.8400,9.8300,9.8200,9.8100,9.8700,9.8800,9.8900,9.9000,9.9100,24,277,52,156,221,164,119,529,26,171
SZ,002378,2017-01-03 09:49:18,9.8600,1,19720.0000,20,S,9.8600,9.8400,9.8300,9.8200,9.8100,9.8700,9.8800,9.8900,9.9000,9.9100,4,277,52,156,221,164,119,529,26,171
SZ,002378,2017-01-03 09:49:24,9.8600,2,43384.0000,44,S,9.8600,9.8400,9.8300,9.8200,9.8100,9.8700,9.8800,9.8900,9.9000,9.9100,7,277,52,156,221,164,69,529,26,171
SZ,002378,2017-01-03 09:49:30,9.8600,1,6902.0000,7,S,9.8400,9.8300,9.8200,9.8100,9.8000,9.8700,9.8800,9.8900,9.9000,9.9100,277,52,156,221,332,164,84,529,26,171
SZ,002378,2017-01-03 09:49:45,9.8700,6,188490.0000,191,B,9.8700,9.8500,9.8400,9.8300,9.8200,9.8800,9.8900,9.9000,9.9100,9.9200,200,50,247,34,137,84,529,49,171,42
SZ,002378,2017-01-03 09:49:51,9.8700,1,6909.0000,7,S,9.8700,9.8600,9.8500,9.8400,9.8300,9.8800,9.8900,9.9000,9.9100,9.9200,193,10,50,247,34,94,529,49,171,42
SZ,002378,2017-01-03 09:50:00,9.8800,1,9880.0000,10,B,9.8700,9.8600,9.8500,9.8400,9.8300,9.8800,9.8900,9.9000,9.9100,9.9200,193,10,50,247,30,176,229,49,171,42
SZ,002378,2017-01-03 09:50:03,9.8800,1,17784.0000,18,B,9.8700,9.8600,9.8500,9.8400,9.8300,9.8800,9.8900,9.9000,9.9100,9.9200,193,10,50,247,30,184,229,49,171,42
SZ,002378,2017-01-03 09:50:06,9.8800,7,46436.0000,47,B,9.8600,9.8500,9.8400,9.8300,9.8200,9.8800,9.8900,9.9000,9.9100,9.9200,10,50,247,30,137,137,229,35,171,92
SZ,002378,2017-01-03 09:50:18,9.8700,1,3948.0000,4,B,9.8600,9.8500,9.8400,9.8300,9.8200,9.8700,9.8800,9.8900,9.9000,9.9100,10,50,247,30,137,6,466,229,35,171
SZ,002378,2017-01-03 09:50:21,9.8800,2,7898.0000,8,B,9.8600,9.8500,9.8400,9.8300,9.8200,9.8800,9.8900,9.9000,9.9100,9.9200,10,50,247,30,137,474,229,35,171,110
SZ,002378,2017-01-03 09:50:51,9.8600,1,9860.0000,10,S,9.8500,9.8400,9.8300,9.8200,9.8100,9.8700,9.8800,9.8900,9.9000,9.9100,50,247,30,137,221,273,414,229,65,171
SZ,002378,2017-01-03 09:50:54,9.8700,1,987.0000,1,B,9.8500,9.8400,9.8300,9.8200,9.8100,9.8700,9.8800,9.8900,9.9000,9.9100,50,247,30,137,221,272,414,229,95,171
SZ,002378,2017-01-03 09:51:00,9.8600,2,26622.0000,27,B,9.8500,9.8400,9.8300,9.8200,9.8100,9.8600,9.8700,9.8800,9.8900,9.9000,50,247,30,137,221,33,272,414,229,95
SZ,002378,2017-01-03 09:51:30,9.8600,3,48314.0000,49,B,9.8500,9.8400,9.8300,9.8200,9.8100,9.8600,9.8700,9.8800,9.8900,9.9000,62,247,45,137,221,25,282,414,229,250
SZ,002378,2017-01-03 09:51:42,9.8600,1,986.0000,1,B,9.8500,9.8400,9.8300,9.8200,9.8100,9.8600,9.8700,9.8800,9.8900,9.9000,62,247,45,137,221,34,282,414,229,267
SZ,002378,2017-01-03 09:51:54,9.8600,2,13804.0000,14,B,9.8500,9.8400,9.8300,9.8200,9.8100,9.8600,9.8700,9.8800,9.8900,9.9000,63,247,45,137,221,20,282,414,258,289
SZ,002378,2017-01-03 09:52:03,9.8600,1,9860.0000,10,B,9.8500,9.8400,9.8300,9.8200,9.8100,9.8600,9.8700,9.8800,9.8900,9.9000,62,247,45,137,221,20,282,414,258,277
SZ,002378,2017-01-03 09:52:06,9.8600,1,986.0000,1,B,9.8500,9.8400,9.8300,9.8200,9.8100,9.8600,9.8700,9.8800,9.8900,9.9000,62,247,45,163,221,57,282,414,258,277
SZ,002378,2017-01-03 09:52:12,9.8600,1,3944.0000,4,B,9.8500,9.8400,9.8300,9.8200,9.8100,9.8600,9.8700,9.8800,9.8900,9.9000,62,247,45,163,221,136,282,414,258,277
SZ,002378,2017-01-03 09:52:21,9.8600,1,4930.0000,5,B,9.8500,9.8400,9.8300,9.8200,9.8100,9.8600,9.8700,9.8800,9.8900,9.9000,62,247,45,163,221,159,282,482,258,277
SZ,002378,2017-01-03 09:52:27,9.8500,3,61070.0000,62,S,9.8400,9.8300,9.8200,9.8100,9.8000,9.8500,9.8600,9.8700,9.8800,9.8900,247,45,163,221,364,27,159,282,482,258
SZ,002378,2017-01-03 09:52:30,9.8400,2,7872.0000,8,S,9.8400,9.8300,9.8200,9.8100,9.8000,9.8500,9.8600,9.8700,9.8800,9.8900,239,45,163,221,574,27,164,282,482,258
SZ,002378,2017-01-03 09:52:45,9.8500,1,26595.0000,27,B,9.8500,9.8400,9.8300,9.8200,9.8100,9.8600,9.8700,9.8800,9.8900,9.9000,83,239,45,176,221,164,282,482,258,277
SZ,002378,2017-01-03 09:52:51,9.8500,1,9850.0000,10,S,9.8500,9.8400,9.8300,9.8200,9.8100,9.8600,9.8700,9.8800,9.8900,9.9000,73,239,45,176,224,164,282,482,258,277
SZ,002378,2017-01-03 09:53:03,9.8500,1,49250.0000,50,S,9.8500,9.8400,9.8300,9.8200,9.8100,9.8600,9.8700,9.8800,9.8900,9.9000,28,239,70,176,200,164,282,482,258,277
SZ,002378,2017-01-03 09:53:18,9.8500,1,985.0000,1,S,9.8500,9.8400,9.8300,9.8200,9.8100,9.8600,9.8700,9.8800,9.8900,9.9000,27,239,70,176,200,189,282,436,268,277
SZ,002378,2017-01-03 09:53:30,9.8500,7,57130.0000,58,S,9.8400,9.8300,9.8200,9.8100,9.8000,9.8500,9.8600,9.8700,9.8800,9.8900,239,70,176,200,578,253,189,32,424,268
SZ,002378,2017-01-03 09:53:33,9.8500,1,98500.0000,100,B,9.8400,9.8300,9.8200,9.8100,9.8000,9.8500,9.8600,9.8700,9.8800,9.8900,239,70,176,200,578,153,189,32,424,268
SZ,002378,2017-01-03 09:53:45,9.8400,1,7872.0000,8,S,9.8400,9.8300,9.8200,9.8100,9.8000,9.8500,9.8600,9.8700,9.8800,9.8900,231,70,176,200,578,153,189,32,424,268
SZ,002378,2017-01-03 09:53:57,9.8400,4,228288.0000,232,S,9.8300,9.8200,9.8100,9.8000,9.7900,9.8400,9.8500,9.8600,9.8700,9.8800,70,176,200,578,567,18,253,189,32,519
SZ,002378,2017-01-03 09:54:06,9.8400,1,17712.0000,18,B,9.8300,9.8200,9.8100,9.8000,9.7900,9.8500,9.8600,9.8700,9.8800,9.8900,100,176,200,615,567,253,189,32,519,268
SZ,002378,2017-01-03 09:54:12,9.8400,1,9840.0000,10,B,9.8300,9.8200,9.8100,9.8000,9.7900,9.8400,9.8500,9.8600,9.8700,9.8800,100,176,200,615,567,7,253,222,32,539
SZ,002378,2017-01-03 09:54:21,9.8400,1,6888.0000,7,B,9.8300,9.8200,9.8100,9.8000,9.7900,9.8500,9.8600,9.8700,9.8800,9.8900,100,192,200,615,570,253,222,32,387,268
SZ,002378,2017-01-03 09:55:00,9.8400,2,34440.0000,35,S,9.8400,9.8300,9.8200,9.8100,9.8000,9.8500,9.8600,9.8700,9.8800,9.8900,115,100,192,210,615,253,197,82,387,304
SZ,002378,2017-01-03 09:55:09,9.8500,2,249205.0000,253,B,9.8500,9.8400,9.8300,9.8200,9.8100,9.8600,9.8700,9.8800,9.8900,9.9000,68,115,100,192,210,197,82,387,304,386
SZ,002378,2017-01-03 09:55:15,9.8500,1,7880.0000,8,S,9.8500,9.8400,9.8300,9.8200,9.8100,9.8600,9.8700,9.8800,9.8900,9.9000,60,115,100,192,210,197,82,387,304,386
SZ,002378,2017-01-03 09:55:21,9.8600,8,192270.0000,195,B,9.8500,9.8400,9.8300,9.8200,9.8100,9.8600,9.8700,9.8800,9.8900,9.9000,60,130,100,192,210,2,72,387,304,386
SZ,002378,2017-01-03 09:55:33,9.8500,1,7880.0000,8,S,9.8500,9.8400,9.8300,9.8200,9.8100,9.8600,9.8700,9.8800,9.8900,9.9000,52,130,100,200,210,2,72,387,268,386
SZ,002378,2017-01-03 09:55:42,9.8500,1,7880.0000,8,S,9.8500,9.8400,9.8300,9.8200,9.8100,9.8600,9.8700,9.8800,9.8900,9.9000,44,130,100,200,210,2,82,387,268,386
SZ,002378,2017-01-03 09:55:45,9.8600,1,986.0000,1,B,9.8500,9.8400,9.8300,9.8200,9.8100,9.8600,9.8700,9.8800,9.8900,9.9000,44,130,100,200,210,1,82,387,268,386
SZ,002378,2017-01-03 09:55:54,9.8500,2,48265.0000,49,S,9.8400,9.8300,9.8200,9.8100,9.8000,9.8500,9.8600,9.8700,9.8800,9.8900,130,100,200,210,615,52,11,82,387,288
SZ,002378,2017-01-03 09:55:57,9.8400,1,7872.0000,8,S,9.8400,9.8300,9.8200,9.8100,9.8000,9.8500,9.8600,9.8700,9.8800,9.8900,122,100,200,210,615,52,11,82,387,288
SZ,002378,2017-01-03 09:56:06,9.8400,1,15744.0000,16,S,9.8400,9.8300,9.8200,9.8100,9.8000,9.8500,9.8600,9.8700,9.8800,9.8900,144,100,200,210,615,52,11,82,387,288
SZ,002378,2017-01-03 09:56:09,9.8500,1,2955.0000,3,B,9.8400,9.8300,9.8200,9.8100,9.8000,9.8500,9.8600,9.8700,9.8800,9.8900,144,100,226,210,615,49,11,82,387,288
SZ,002378,2017-01-03 09:56:12,9.8400,1,7872.0000,8,S,9.8400,9.8300,9.8200,9.8100,9.8000,9.8500,9.8600,9.8700,9.8800,9.8900,136,100,226,210,615,49,11,117,387,288
SZ,002378,2017-01-03 09:56:15,9.8500,1,48265.0000,49,B,9.8500,9.8400,9.8300,9.8200,9.8100,9.8600,9.8700,9.8800,9.8900,9.9000,61,147,100,226,210,11,117,387,288,366
SZ,002378,2017-01-03 09:56:33,9.8500,3,73875.0000,75,S,9.8400,9.8300,9.8200,9.8100,9.8000,9.8500,9.8600,9.8700,9.8800,9.8900,147,75,226,210,638,25,31,119,407,288
SZ,002378,2017-01-03 09:56:36,9.8600,3,33499.0000,34,B,9.8400,9.8300,9.8200,9.8100,9.8000,9.8600,9.8700,9.8800,9.8900,9.9000,147,75,226,210,638,174,119,407,288,366
SZ,002378,2017-01-03 09:57:09,9.8600,4,32538.0000,33,B,9.8400,9.8300,9.8200,9.8100,9.8000,9.8600,9.8700,9.8800,9.8900,9.9000,125,120,246,210,638,158,129,407,288,366
SZ,002378,2017-01-03 09:57:33,9.8600,1,4930.0000,5,B,9.8400,9.8300,9.8200,9.8100,9.8000,9.8600,9.8700,9.8800,9.8900,9.9000,125,120,246,210,638,153,129,407,288,366
SZ,002378,2017-01-03 09:57:39,9.8400,1,7872.0000,8,S,9.8400,9.8300,9.8200,9.8100,9.8000,9.8600,9.8700,9.8800,9.8900,9.9000,118,120,246,210,638,153,129,407,288,366
SZ,002378,2017-01-03 09:58:00,9.8500,1,985.0000,1,B,9.8400,9.8300,9.8200,9.8100,9.8000,9.8500,9.8600,9.8700,9.8800,9.8900,120,120,246,210,638,23,170,119,407,288
SZ,002378,2017-01-03 09:58:06,9.8500,2,32505.0000,33,B,9.8500,9.8400,9.8300,9.8200,9.8100,9.8600,9.8700,9.8800,9.8900,9.9000,37,150,120,246,210,170,119,407,288,366
SZ,002378,2017-01-03 09:58:15,9.8500,1,2955.0000,3,S,9.8500,9.8400,9.8300,9.8200,9.8100,9.8600,9.8700,9.8800,9.8900,9.9000,34,150,120,246,210,180,119,407,288,366
SZ,002378,2017-01-03 09:58:24,9.8500,1,33490.0000,34,S,9.8400,9.8300,9.8200,9.8100,9.8000,9.8500,9.8600,9.8700,9.8800,9.8900,150,120,246,210,638,9,180,152,407,268
SZ,002378,2017-01-03 09:58:33,9.8500,1,8865.0000,9,B,9.8500,9.8400,9.8300,9.8200,9.8100,9.8600,9.8700,9.8800,9.8900,9.9000,1,150,120,246,210,180,152,407,268,366
SZ,002378,2017-01-03 09:59:21,9.8500,3,4925.0000,5,S,9.8500,9.8400,9.8300,9.8200,9.8100,9.8600,9.8700,9.8800,9.8900,9.9000,14,150,120,246,203,200,172,407,268,366
SZ,002378,2017-01-03 09:59:48,9.8500,3,14775.0000,15,S,9.8500,9.8400,9.8300,9.8200,9.8100,9.8600,9.8700,9.8800,9.8900,9.9000,9,150,120,246,203,200,172,407,268,375
SZ,002378,2017-01-03 09:59:51,9.8500,1,8865.0000,9,S,9.8400,9.8300,9.8200,9.8100,9.8000,9.8500,9.8600,9.8700,9.8800,9.8900,150,120,246,203,629,5,200,172,407,268
SZ,002378,2017-01-03 09:59:57,9.8500,1,4925.0000,5,B,9.8500,9.8400,9.8300,9.8200,9.8100,9.8600,9.8700,9.8800,9.8900,9.9000,5,150,120,246,203,200,172,407,268,375
SZ,002378,2017-01-03 10:00:03,9.8500,1,4925.0000,5,S,9.8400,9.8300,9.8200,9.8100,9.8000,9.8500,9.8600,9.8700,9.8800,9.8900,150,120,246,203,629,5,183,172,407,268
SZ,002378,2017-01-03 10:00:27,9.8500,2,5910.0000,6,B,9.8400,9.8300,9.8200,9.8100,9.8000,9.8500,9.8600,9.8700,9.8800,9.8900,180,120,246,203,619,4,183,182,407,468
SZ,002378,2017-01-03 10:00:36,9.8500,1,2955.0000,3,B,9.8400,9.8300,9.8200,9.8100,9.8000,9.8500,9.8600,9.8700,9.8800,9.8900,180,120,251,203,619,1,183,147,407,468
SZ,002378,2017-01-03 10:00:48,9.8500,1,985.0000,1,B,9.8500,9.8400,9.8300,9.8200,9.8100,9.8600,9.8700,9.8800,9.8900,9.9000,2,180,120,251,203,183,147,407,468,375
SZ,002378,2017-01-03 10:01:12,9.8500,1,1970.0000,2,S,9.8400,9.8300,9.8200,9.8100,9.8000,9.8500,9.8600,9.8700,9.8800,9.8900,180,120,251,203,619,8,186,147,407,468
SZ,002378,2017-01-03 10:01:24,9.8500,2,9850.0000,10,B,9.8400,9.8300,9.8200,9.8100,9.8000,9.8500,9.8600,9.8700,9.8800,9.8900,180,120,251,203,619,8,186,147,407,468
SZ,002378,2017-01-03 10:01:39,9.8500,1,2955.0000,3,B,9.8400,9.8300,9.8200,9.8100,9.8000,9.8500,9.8600,9.8700,9.8800,9.8900,180,120,251,203,634,105,186,147,407,468
SZ,002378,2017-01-03 10:01:45,9.8400,1,2952.0000,3,S,9.8400,9.8300,9.8200,9.8100,9.8000,9.8500,9.8600,9.8700,9.8800,9.8900,177,120,251,203,634,105,186,147,407,468
SZ,002378,2017-01-03 10:02:00,9.8400,5,98400.0000,100,S,9.8400,9.8300,9.8200,9.8100,9.8000,9.8500,9.8600,9.8700,9.8800,9.8900,77,120,251,203,634,115,186,147,407,468
SZ,002378,2017-01-03 10:02:03,9.8500,2,9850.0000,10,B,9.8400,9.8300,9.8200,9.8100,9.8000,9.8500,9.8600,9.8700,9.8800,9.8900,77,120,251,203,634,105,186,147,407,468
SZ,002378,2017-01-03 10:02:09,9.8500,1,4925.0000,5,B,9.8400,9.8300,9.8200,9.8100,9.8000,9.8500,9.8600,9.8700,9.8800,9.8900,77,120,251,203,634,100,186,147,407,468
SZ,002378,2017-01-03 10:02:15,9.8400,4,24600.0000,25,S,9.8400,9.8300,9.8200,9.8100,9.8000,9.8500,9.8600,9.8700,9.8800,9.8900,52,120,251,203,634,143,186,147,407,468
SZ,002378,2017-01-03 10:02:21,9.8400,2,51168.0000,52,S,9.8300,9.8200,9.8100,9.8000,9.7900,9.8500,9.8600,9.8700,9.8800,9.8900,120,251,203,654,564,143,186,147,407,468
SZ,002378,2017-01-03 10:02:42,9.8400,1,19680.0000,20,S,9.8300,9.8200,9.8100,9.8000,9.7900,9.8400,9.8500,9.8600,9.8700,9.8800,140,251,203,654,564,10,143,186,147,407
SZ,002378,2017-01-03 10:03:18,9.8400,1,4920.0000,5,B,9.8300,9.8200,9.8100,9.8000,9.7900,9.8400,9.8500,9.8600,9.8700,9.8800,140,294,203,654,564,59,217,186,147,407
SZ,002378,2017-01-03 10:03:33,9.8400,6,63900.0000,65,B,9.8300,9.8200,9.8100,9.8000,9.7900,9.8400,9.8500,9.8600,9.8700,9.8800,80,294,203,654,564,54,217,186,147,407
SZ,002378,2017-01-03 10:04:09,9.8300,1,7864.0000,8,S,9.8300,9.8200,9.8100,9.8000,9.7900,9.8400,9.8500,9.8600,9.8700,9.8800,72,271,203,668,564,46,217,50,147,407
SZ,002378,2017-01-03 10:04:18,9.8400,1,4920.0000,5,B,9.8300,9.8200,9.8100,9.8000,9.7900,9.8400,9.8500,9.8600,9.8700,9.8800,72,271,203,668,564,41,217,50,147,387
SZ,002378,2017-01-03 10:05:03,9.8300,1,2949.0000,3,S,9.8300,9.8200,9.8100,9.8000,9.7900,9.8400,9.8500,9.8600,9.8700,9.8800,132,330,216,668,574,41,220,27,147,387
SZ,002378,2017-01-03 10:05:15,9.8400,1,4920.0000,5,B,9.8300,9.8200,9.8100,9.8000,9.7900,9.8400,9.8500,9.8600,9.8700,9.8800,186,330,216,668,574,54,220,27,147,387
SZ,002378,2017-01-03 10:05:36,9.8400,4,53136.0000,54,B,9.8400,9.8300,9.8200,9.8100,9.8000,9.8500,9.8600,9.8700,9.8800,9.8900,41,186,430,216,668,220,27,147,387,466
SZ,002378,2017-01-03 10:06:30,9.8400,1,984.0000,1,S,9.8400,9.8300,9.8200,9.8100,9.8000,9.8500,9.8600,9.8700,9.8800,9.8900,95,186,436,216,650,200,32,97,387,466
SZ,002378,2017-01-03 10:06:36,9.8400,1,19680.0000,20,S,9.8400,9.8300,9.8200,9.8100,9.8000,9.8500,9.8600,9.8700,9.8800,9.8900,76,186,436,216,650,200,32,97,387,466
SZ,002378,2017-01-03 10:07:00,9.8500,6,197000.0000,200,B,9.8400,9.8300,9.8200,9.8100,9.8000,9.8600,9.8700,9.8800,9.8900,9.9000,120,186,436,216,650,32,105,387,466,168
SZ,002378,2017-01-03 10:07:21,9.8500,1,17730.0000,18,S,9.8500,9.8400,9.8300,9.8200,9.8100,9.8600,9.8700,9.8800,9.8900,9.9000,2,139,186,436,216,32,105,387,466,168
SZ,002378,2017-01-03 10:07:33,9.8600,2,31552.0000,32,B,9.8600,9.8500,9.8400,9.8300,9.8200,9.8700,9.8800,9.8900,9.9000,9.9100,68,2,139,186,436,105,387,466,168,195
SZ,002378,2017-01-03 10:07:57,9.8400,7,89630.0000,91,S,9.8500,9.8400,9.8300,9.8200,9.8100,9.8700,9.8800,9.8900,9.9000,9.9100,3,87,186,436,216,117,387,466,168,195
SZ,002378,2017-01-03 10:08:09,9.8700,1,12831.0000,13,B,9.8600,9.8500,9.8400,9.8300,9.8200,9.8700,9.8800,9.8900,9.9000,9.9100,1,24,87,186,436,104,387,466,168,195
SZ,002378,2017-01-03 10:08:27,9.8600,7,30584.0000,31,S,9.8600,9.8500,9.8400,9.8300,9.8200,9.8700,9.8800,9.8900,9.9000,9.9100,33,524,97,186,420,96,387,466,183,195
SZ,002378,2017-01-03 10:08:39,9.8700,6,86856.0000,88,B,9.8700,9.8600,9.8500,9.8400,9.8300,9.8800,9.8900,9.9000,9.9100,9.9200,9,33,503,103,186,387,466,203,195,95
SZ,002378,2017-01-03 10:08:45,9.8600,2,41421.0000,42,S,9.8500,9.8400,9.8300,9.8200,9.8100,9.8600,9.8800,9.8900,9.9000,9.9100,503,93,186,420,216,58,387,466,203,195
SZ,002378,2017-01-03 10:08:48,9.8600,1,20706.0000,21,B,9.8500,9.8400,9.8300,9.8200,9.8100,9.8600,9.8700,9.8800,9.8900,9.9000,503,93,186,420,216,37,20,387,466,203
SZ,002378,2017-01-03 10:09:00,9.8600,1,9860.0000,10,B,9.8500,9.8400,9.8300,9.8200,9.8100,9.8600,9.8700,9.8800,9.8900,9.9000,503,93,186,420,216,27,20,387,466,203
SZ,002378,2017-01-03 10:09:03,9.8600,2,21692.0000,22,B,9.8500,9.8400,9.8300,9.8200,9.8100,9.8600,9.8700,9.8800,9.8900,9.9000,503,93,186,420,216,5,20,387,466,203
SZ,002378,2017-01-03 10:09:24,9.8600,1,4930.0000,5,B,9.8600,9.8500,9.8400,9.8300,9.8200,9.8700,9.8800,9.8900,9.9000,9.9100,15,503,93,186,320,58,387,470,203,195
SZ,002378,2017-01-03 10:10:00,9.8700,1,9870.0000,10,B,9.8600,9.8500,9.8400,9.8300,9.8200,9.8700,9.8800,9.8900,9.9000,9.9100,119,503,113,306,320,71,387,470,403,195
SZ,002378,2017-01-03 10:10:36,9.8700,1,8883.0000,9,B,9.8600,9.8500,9.8400,9.8300,9.8200,9.8700,9.8800,9.8900,9.9000,9.9100,119,3,182,311,251,106,387,470,424,195
SZ,002378,2017-01-03 10:10:51,9.8600,2,27608.0000,28,S,9.8600,9.8500,9.8400,9.8300,9.8200,9.8700,9.8800,9.8900,9.9000,9.9100,91,3,182,311,251,110,387,470,419,195
SZ,002378,2017-01-03 10:11:12,9.8700,6,98700.0000,100,B,9.8600,9.8500,9.8400,9.8300,9.8200,9.8700,9.8800,9.8900,9.9000,9.9100,100,6,182,311,251,30,392,466,419,195
SZ,002378,2017-01-03 10:11:15,9.8700,3,29610.0000,30,B,9.8700,9.8600,9.8500,9.8400,9.8300,9.8800,9.8900,9.9000,9.9100,9.9200,28,100,6,182,311,392,466,419,195,105
SZ,002378,2017-01-03 10:11:27,9.8700,1,11844.0000,12,S,9.8700,9.8600,9.8500,9.8400,9.8300,9.8800,9.8900,9.9000,9.9100,9.9200,66,100,6,182,304,387,466,419,195,105
SZ,002378,2017-01-03 10:11:33,9.8700,4,37506.0000,38,S,9.8700,9.8600,9.8500,9.8400,9.8300,9.8800,9.8900,9.9000,9.9100,9.9200,28,95,6,182,304,387,466,419,205,110
SZ,002378,2017-01-03 10:11:39,9.8700,2,19740.0000,20,S,9.8700,9.8600,9.8500,9.8400,9.8300,9.8800,9.8900,9.9000,9.9100,9.9200,8,95,6,182,304,387,476,449,205,110
SZ,002378,2017-01-03 10:11:45,9.8700,1,7896.0000,8,S,9.8600,9.8500,9.8400,9.8300,9.8200,9.8700,9.8800,9.8900,9.9000,9.9100,95,6,176,304,251,67,387,476,449,205
SZ,002378,2017-01-03 10:11:51,9.8700,1,2961.0000,3,B,9.8600,9.8500,9.8400,9.8300,9.8200,9.8700,9.8800,9.8900,9.9000,9.9100,95,6,176,304,251,64,387,476,449,205
SZ,002378,2017-01-03 10:12:06,9.8600,1,9860.0000,10,S,9.8600,9.8500,9.8400,9.8300,9.8200,9.8700,9.8800,9.8900,9.9000,9.9100,85,6,176,304,251,102,387,476,449,205
SZ,002378,2017-01-03 10:12:33,9.8600,4,87754.0000,89,S,9.8500,9.8400,9.8300,9.8200,9.8100,9.8600,9.8700,9.8800,9.8900,9.9000,11,176,304,251,226,11,116,412,476,629
SZ,002378,2017-01-03 10:12:42,9.8700,3,88819.0000,90,B,9.8500,9.8400,9.8300,9.8200,9.8100,9.8700,9.8800,9.8900,9.9000,9.9100,11,176,304,251,226,37,412,476,629,205
SZ,002378,2017-01-03 10:12:57,9.8500,4,21670.0000,22,S,9.8400,9.8300,9.8200,9.8100,9.8000,9.8500,9.8600,9.8700,9.8800,9.8900,176,304,251,226,638,22,41,37,412,476
SZ,002378,2017-01-03 10:13:09,9.8400,1,4920.0000,5,S,9.8400,9.8300,9.8200,9.8100,9.8000,9.8500,9.8600,9.8700,9.8800,9.8900,174,304,251,226,638,22,41,37,387,476
SZ,002378,2017-01-03 10:13:12,9.8800,12,323961.0000,328,B,9.8400,9.8300,9.8200,9.8100,9.8000,9.8800,9.8900,9.9000,9.9100,9.9200,190,304,251,226,638,118,476,629,405,110
SZ,002378,2017-01-03 10:13:18,9.8800,5,32604.0000,33,B,9.8500,9.8400,9.8300,9.8200,9.8100,9.8800,9.8900,9.9000,9.9100,9.9200,8,187,304,251,226,85,476,629,405,110
SZ,002378,2017-01-03 10:13:42,9.8500,1,4925.0000,5,S,9.8500,9.8400,9.8300,9.8200,9.8100,9.8700,9.8800,9.8900,9.9000,9.9100,23,197,199,251,226,40,185,476,629,405
SZ,002378,2017-01-03 10:13:54,9.8700,3,53272.0000,54,B,9.8500,9.8400,9.8300,9.8200,9.8100,9.8700,9.8800,9.8900,9.9000,9.9100,37,197,199,257,226,12,215,476,629,405
SZ,002378,2017-01-03 10:14:12,9.8600,1,19720.0000,20,S,9.8600,9.8500,9.8400,9.8300,9.8200,9.8700,9.8800,9.8900,9.9000,9.9100,480,60,187,377,257,12,215,476,629,405
SZ,002378,2017-01-03 10:14:30,9.8600,1,9860.0000,10,S,9.8600,9.8500,9.8400,9.8300,9.8200,9.8700,9.8800,9.8900,9.9000,9.9100,490,60,291,377,257,12,304,476,629,405
SZ,002378,2017-01-03 10:14:33,9.8600,1,5916.0000,6,S,9.8600,9.8500,9.8400,9.8300,9.8200,9.8700,9.8800,9.8900,9.9000,9.9100,484,80,291,377,257,32,304,476,629,405
SZ,002378,2017-01-03 10:14:48,9.8700,4,54285.0000,55,B,9.8700,9.8600,9.8500,9.8400,9.8300,9.8800,9.8900,9.9000,9.9100,9.9200,174,485,77,291,377,304,476,645,405,110
SZ,002378,2017-01-03 10:15:15,9.8800,1,19760.0000,20,B,9.8700,9.8600,9.8500,9.8400,9.8300,9.8800,9.8900,9.9000,9.9100,9.9200,208,515,77,291,377,444,476,645,405,110
SZ,002378,2017-01-03 10:15:24,9.8800,3,98800.0000,100,B,9.8700,9.8600,9.8500,9.8400,9.8300,9.8800,9.8900,9.9000,9.9100,9.9200,208,515,77,291,377,344,476,645,305,330
SZ,002378,2017-01-03 10:15:48,9.8800,1,988.0000,1,B,9.8700,9.8600,9.8500,9.8400,9.8300,9.8800,9.8900,9.9000,9.9100,9.9200,176,515,67,191,377,343,476,645,305,330
SZ,002378,2017-01-03 10:15:54,9.8800,1,5928.0000,6,B,9.8700,9.8600,9.8500,9.8400,9.8300,9.8800,9.8900,9.9000,9.9100,9.9200,176,515,95,191,377,337,486,645,305,330
SZ,002378,2017-01-03 10:16:00,9.8700,1,9870.0000,10,S,9.8700,9.8600,9.8500,9.8400,9.8300,9.8800,9.8900,9.9000,9.9100,9.9200,166,515,83,191,377,337,502,645,305,431
SZ,002378,2017-01-03 10:16:09,9.8700,1,2961.0000,3,S,9.8700,9.8600,9.8500,9.8400,9.8300,9.8800,9.8900,9.9000,9.9100,9.9200,163,51,83,191,377,426,502,645,305,431
SZ,002378,2017-01-03 10:16:12,9.8800,1,2964.0000,3,B,9.8700,9.8600,9.8500,9.8400,9.8300,9.8800,9.8900,9.9000,9.9100,9.9200,163,81,83,191,377,423,502,645,325,431
SZ,002378,2017-01-03 10:16:30,9.8700,1,9870.0000,10,S,9.8700,9.8600,9.8500,9.8400,9.8300,9.8800,9.8900,9.9000,9.9100,9.9200,163,81,83,191,377,432,502,645,325,431
SZ,002378,2017-01-03 10:16:36,9.8800,1,3952.0000,4,B,9.8700,9.8600,9.8500,9.8400,9.8300,9.8800,9.8900,9.9000,9.9100,9.9200,163,81,83,191,382,428,502,647,325,431
SZ,002378,2017-01-03 10:16:39,9.8700,3,160881.0000,163,S,9.8600,9.8500,9.8400,9.8300,9.8200,9.8700,9.8800,9.8900,9.9000,9.9100,81,83,191,382,271,179,428,502,647,325
SZ,002378,2017-01-03 10:16:42,9.8700,1,9870.0000,10,B,9.8600,9.8500,9.8400,9.8300,9.8200,9.8700,9.8800,9.8900,9.9000,9.9100,81,83,191,382,271,189,428,502,647,325
SZ,002378,2017-01-03 10:16:57,9.8700,1,97713.0000,99,B,9.8600,9.8500,9.8400,9.8300,9.8200,9.8700,9.8800,9.8900,9.9000,9.9100,81,83,191,382,271,115,428,502,647,325
SZ,002378,2017-01-03 10:17:03,9.8700,2,81921.0000,83,B,9.8600,9.8500,9.8400,9.8300,9.8200,9.8700,9.8800,9.8900,9.9000,9.9100,81,83,191,382,271,32,428,502,647,325
SZ,002378,2017-01-03 10:17:45,9.8700,2,9870.0000,10,B,9.8600,9.8500,9.8400,9.8300,9.8200,9.8700,9.8800,9.8900,9.9000,9.9100,81,83,247,386,271,42,429,502,647,325
SZ,002378,2017-01-03 10:17:51,9.8600,1,986.0000,1,S,9.8600,9.8500,9.8400,9.8300,9.8200,9.8700,9.8800,9.8900,9.9000,9.9100,80,83,247,386,271,42,430,502,647,325
SZ,002378,2017-01-03 10:17:57,9.8700,1,1974.0000,2,B,9.8600,9.8500,9.8400,9.8300,9.8200,9.8700,9.8800,9.8900,9.9000,9.9100,111,83,247,386,271,40,430,502,647,325
SZ,002378,2017-01-03 10:18:00,9.8600,3,49300.0000,50,S,9.8600,9.8500,9.8400,9.8300,9.8200,9.8700,9.8800,9.8900,9.9000,9.9100,61,83,247,386,271,57,430,502,647,325
SZ,002378,2017-01-03 10:18:15,9.8700,1,9870.0000,10,B,9.8600,9.8500,9.8400,9.8300,9.8200,9.8700,9.8800,9.8900,9.9000,9.9100,61,83,247,386,271,97,460,502,647,325
SZ,002378,2017-01-03 10:18:21,9.8600,1,19720.0000,20,S,9.8600,9.8500,9.8400,9.8300,9.8200,9.8700,9.8800,9.8900,9.9000,9.9100,41,146,247,386,271,97,460,502,647,325
SZ,002378,2017-01-03 10:18:33,9.8700,1,3948.0000,4,B,9.8600,9.8500,9.8400,9.8300,9.8200,9.8700,9.8800,9.8900,9.9000,9.9100,41,166,247,386,271,93,486,502,647,325
SZ,002378,2017-01-03 10:19:09,9.8700,1,3948.0000,4,B,9.8600,9.8500,9.8400,9.8300,9.8200,9.8700,9.8800,9.8900,9.9000,9.9100,41,166,247,386,271,139,486,502,625,325
SZ,002378,2017-01-03 10:19:27,9.8700,7,186543.0000,189,B,9.8700,9.8600,9.8500,9.8400,9.8300,9.8800,9.8900,9.9000,9.9100,9.9200,11,126,166,237,386,397,502,625,325,431
SZ,002378,2017-01-03 10:19:30,9.8700,1,10857.0000,11,S,9.8600,9.8500,9.8400,9.8300,9.8200,9.8700,9.8800,9.8900,9.9000,9.9100,126,166,237,386,271,33,397,502,625,325
SZ,002378,2017-01-03 10:19:54,9.8600,1,1972.0000,2,S,9.8600,9.8500,9.8400,9.8300,9.8200,9.8700,9.8800,9.8900,9.9000,9.9100,174,166,237,386,271,132,308,502,625,325
SZ,002378,2017-01-03 10:20:39,9.8600,1,986.0000,1,S,9.8600,9.8500,9.8400,9.8300,9.8200,9.8700,9.8800,9.8900,9.9000,9.9100,202,166,237,386,271,132,330,502,645,325
SZ,002378,2017-01-03 10:21:21,9.8700,1,987.0000,1,B,9.8600,9.8500,9.8400,9.8300,9.8200,9.8700,9.8800,9.8900,9.9000,9.9100,117,166,237,386,271,231,330,502,639,356
SZ,002378,2017-01-03 10:21:42,9.8700,1,28623.0000,29,B,9.8600,9.8500,9.8400,9.8300,9.8200,9.8700,9.8800,9.8900,9.9000,9.9100,139,166,237,386,271,202,330,502,639,356
SZ,002378,2017-01-03 10:21:48,9.8700,1,987.0000,1,B,9.8600,9.8500,9.8400,9.8300,9.8200,9.8700,9.8800,9.8900,9.9000,9.9100,147,166,237,386,271,201,330,502,639,356
SZ,002378,2017-01-03 10:22:00,9.8600,5,143956.0000,146,S,9.8500,9.8400,9.8300,9.8200,9.8100,9.8600,9.8700,9.8800,9.8900,9.9000,166,237,386,271,222,504,203,330,502,639
SZ,002378,2017-01-03 10:22:09,9.8600,1,49300.0000,50,B,9.8500,9.8400,9.8300,9.8200,9.8100,9.8600,9.8700,9.8800,9.8900,9.9000,103,237,386,271,222,454,203,170,502,639
SZ,002378,2017-01-03 10:22:18,9.8500,5,52218.0000,53,S,9.8500,9.8400,9.8300,9.8200,9.8100,9.8600,9.8700,9.8800,9.8900,9.9000,63,237,386,271,222,441,203,170,502,639
SZ,002378,2017-01-03 10:23:24,9.8600,1,4930.0000,5,B,9.8500,9.8400,9.8300,9.8200,9.8100,9.8600,9.8700,9.8800,9.8900,9.9000,659,237,386,271,222,436,231,190,502,639
SZ,002378,2017-01-03 10:23:39,9.8600,1,49300.0000,50,B,9.8500,9.8400,9.8300,9.8200,9.8100,9.8600,9.8700,9.8800,9.8900,9.9000,658,237,386,271,222,396,231,192,502,639
SZ,002378,2017-01-03 10:23:45,9.8600,1,986.0000,1,B,9.8500,9.8400,9.8300,9.8200,9.8100,9.8600,9.8700,9.8800,9.8900,9.9000,658,237,386,271,222,395,231,192,502,639
SZ,002378,2017-01-03 10:24:09,9.8600,1,9860.0000,10,B,9.8500,9.8400,9.8300,9.8200,9.8100,9.8600,9.8700,9.8800,9.8900,9.9000,658,237,386,265,222,385,231,192,502,639
SZ,002378,2017-01-03 10:24:21,9.8600,2,10846.0000,11,B,9.8500,9.8400,9.8300,9.8200,9.8100,9.8600,9.8700,9.8800,9.8900,9.9000,658,337,386,265,222,374,238,203,502,639
SZ,002378,2017-01-03 10:24:48,9.8600,1,9860.0000,10,B,9.8500,9.8400,9.8300,9.8200,9.8100,9.8600,9.8700,9.8800,9.8900,9.9000,658,337,386,265,222,366,246,203,502,639
SZ,002378,2017-01-03 10:24:51,9.8600,1,98600.0000,100,B,9.8500,9.8400,9.8300,9.8200,9.8100,9.8600,9.8700,9.8800,9.8900,9.9000,658,337,386,265,222,266,246,203,502,639
SZ,002378,2017-01-03 10:25:18,9.8600,2,7888.0000,8,B,9.8500,9.8400,9.8300,9.8200,9.8100,9.8600,9.8700,9.8800,9.8900,9.9000,678,337,386,265,222,258,246,203,502,639
SZ,002378,2017-01-03 10:25:24,9.8600,1,4930.0000,5,B,9.8500,9.8400,9.8300,9.8200,9.8100,9.8600,9.8700,9.8800,9.8900,9.9000,678,337,386,265,222,253,246,203,502,639
SZ,002378,2017-01-03 10:25:30,9.8600,1,1972.0000,2,B,9.8500,9.8400,9.8300,9.8200,9.8100,9.8600,9.8700,9.8800,9.8900,9.9000,678,337,386,265,222,251,246,203,502,639
SZ,002378,2017-01-03 10:25:51,9.8600,3,247486.0000,251,B,9.8600,9.8500,9.8400,9.8300,9.8200,9.8700,9.8800,9.8900,9.9000,9.9100,249,178,337,381,265,246,213,502,639,356
SZ,002378,2017-01-03 10:26:21,9.8600,1,9860.0000,10,S,9.8600,9.8500,9.8400,9.8300,9.8200,9.8700,9.8800,9.8900,9.9000,9.9100,289,178,337,381,265,246,213,502,639,346
SZ,002378,2017-01-03 10:26:30,9.8600,1,11832.0000,12,S,9.8600,9.8500,9.8400,9.8300,9.8200,9.8700,9.8800,9.8900,9.9000,9.9100,277,178,342,381,265,246,193,502,639,346
SZ,002378,2017-01-03 10:26:48,9.8600,1,986.0000,1,S,9.8600,9.8500,9.8400,9.8300,9.8200,9.8700,9.8800,9.8900,9.9000,9.9100,276,178,342,381,265,246,193,502,639,346
SZ,002378,2017-01-03 10:26:54,9.8700,2,9870.0000,10,B,9.8600,9.8500,9.8400,9.8300,9.8200,9.8700,9.8800,9.8900,9.9000,9.9100,276,178,342,381,265,236,193,502,639,346
SZ,002378,2017-01-03 10:27:06,9.8700,1,10857.0000,11,B,9.8600,9.8500,9.8400,9.8300,9.8200,9.8700,9.8800,9.8900,9.9000,9.9100,276,178,342,381,265,225,193,502,639,346
SZ,002378,2017-01-03 10:27:12,9.8700,6,222075.0000,225,B,9.8700,9.8600,9.8500,9.8400,9.8300,9.8800,9.8900,9.9000,9.9100,9.9200,59,276,178,332,381,161,502,639,346,431
SZ,002378,2017-01-03 10:27:27,9.8700,2,68103.0000,69,S,9.8600,9.8500,9.8400,9.8300,9.8200,9.8700,9.8800,9.8900,9.9000,9.9100,301,115,332,381,265,438,161,502,639,346
SZ,002378,2017-01-03 10:27:33,9.8700,1,9870.0000,10,B,9.8600,9.8500,9.8400,9.8300,9.8200,9.8700,9.8800,9.8900,9.9000,9.9100,301,115,332,381,265,428,161,502,639,346
SZ,002378,2017-01-03 10:27:36,9.8700,1,280308.0000,284,B,9.8600,9.8500,9.8400,9.8300,9.8200,9.8700,9.8800,9.8900,9.9000,9.9100,301,115,332,381,265,144,161,502,639,346
SZ,002378,2017-01-03 10:27:39,9.8700,1,4935.0000,5,B,9.8600,9.8500,9.8400,9.8300,9.8200,9.8700,9.8800,9.8900,9.9000,9.9100,307,115,332,381,265,139,161,502,639,346
SZ,002378,2017-01-03 10:27:48,9.8700,2,74025.0000,75,B,9.8600,9.8500,9.8400,9.8300,9.8200,9.8700,9.8800,9.8900,9.9000,9.9100,307,115,332,381,265,84,161,502,639,346
SZ,002378,2017-01-03 10:27:54,9.8700,1,26649.0000,27,B,9.8600,9.8500,9.8400,9.8300,9.8200,9.8700,9.8800,9.8900,9.9000,9.9100,307,115,332,381,265,57,161,502,639,346
SZ,002378,2017-01-03 10:27:57,9.8700,1,9870.0000,10,B,9.8600,9.8500,9.8400,9.8300,9.8200,9.8700,9.8800,9.8900,9.9000,9.9100,307,115,332,381,265,47,161,502,639,346
SZ,002378,2017-01-03 10:28:00,9.8700,1,5922.0000,6,B,9.8600,9.8500,9.8400,9.8300,9.8200,9.8700,9.8800,9.8900,9.9000,9.9100,307,115,332,381,265,41,161,502,639,346
SZ,002378,2017-01-03 10:28:06,9.8700,1,9870.0000,10,B,9.8600,9.8500,9.8400,9.8300,9.8200,9.8700,9.8800,9.8900,9.9000,9.9100,307,115,332,381,265,31,171,502,639,346
SZ,002378,2017-01-03 10:28:12,9.8700,1,5922.0000,6,B,9.8600,9.8500,9.8400,9.8300,9.8200,9.8700,9.8800,9.8900,9.9000,9.9100,307,115,332,381,265,25,171,502,639,346
SZ,002378,2017-01-03 10:28:15,9.8700,3,13818.0000,14,B,9.8600,9.8500,9.8400,9.8300,9.8200,9.8700,9.8800,9.8900,9.9000,9.9100,307,115,332,381,265,21,171,502,639,346
SZ,002378,2017-01-03 10:28:21,9.8700,2,19740.0000,20,B,9.8600,9.8500,9.8400,9.8300,9.8200,9.8700,9.8800,9.8900,9.9000,9.9100,307,115,332,381,270,21,171,502,639,346
SZ,002378,2017-01-03 10:28:57,9.8700,4,23688.0000,24,B,9.8700,9.8600,9.8500,9.8400,9.8300,9.8800,9.8900,9.9000,9.9100,9.9200,36,282,115,232,381,171,502,639,346,431
SZ,002378,2017-01-03 10:29:24,9.8800,2,10867.0000,11,B,9.8700,9.8600,9.8500,9.8400,9.8300,9.8800,9.8900,9.9000,9.9100,9.9200,79,282,115,232,381,151,502,639,346,431
SZ,002378,2017-01-03 10:29:30,9.8700,1,29610.0000,30,S,9.8700,9.8600,9.8500,9.8400,9.8300,9.8800,9.8900,9.9000,9.9100,9.9200,49,282,115,232,381,151,502,639,346,431
SZ,002378,2017-01-03 10:29:36,9.8600,5,98649.0000,100,S,9.8600,9.8500,9.8400,9.8300,9.8200,9.8800,9.8900,9.9000,9.9100,9.9200,231,115,232,381,270,151,502,639,346,431
SZ,002378,2017-01-03 10:30:36,9.8700,1,9870.0000,10,S,9.8700,9.8600,9.8500,9.8400,9.8300,9.8800,9.8900,9.9000,9.9100,9.9200,3,326,117,227,381,138,532,639,356,424
SZ,002378,2017-01-03 10:30:42,9.8800,1,29640.0000,30,B,9.8700,9.8600,9.8500,9.8400,9.8300,9.8800,9.8900,9.9000,9.9100,9.9200,3,326,117,227,381,108,532,639,356,424
SZ,002378,2017-01-03 10:31:21,9.8800,1,5928.0000,6,B,9.8700,9.8600,9.8500,9.8400,9.8300,9.8800,9.8900,9.9000,9.9100,9.9200,61,326,123,227,381,85,537,639,356,424
SZ,002378,2017-01-03 10:31:45,9.8800,2,9880.0000,10,B,9.8700,9.8600,9.8500,9.8400,9.8300,9.8800,9.8900,9.9000,9.9100,9.9200,181,326,173,227,381,236,537,639,336,424
SZ,002378,2017-01-03 10:31:51,9.8800,5,23712.0000,24,B,9.8700,9.8600,9.8500,9.8400,9.8300,9.8800,9.8900,9.9000,9.9100,9.9200,181,326,173,227,381,212,537,639,336,424
SZ,002378,2017-01-03 10:31:57,9.8800,1,9880.0000,10,B,9.8700,9.8600,9.8500,9.8400,9.8300,9.8800,9.8900,9.9000,9.9100,9.9200,329,326,173,227,381,202,537,639,336,424
SZ,002378,2017-01-03 10:32:21,9.8700,2,3948.0000,4,S,9.8700,9.8600,9.8500,9.8400,9.8300,9.8800,9.8900,9.9000,9.9100,9.9200,325,326,183,227,377,258,532,641,336,424
SZ,002378,2017-01-03 10:32:24,9.8700,1,987.0000,1,S,9.8700,9.8600,9.8500,9.8400,9.8300,9.8800,9.8900,9.9000,9.9100,9.9200,324,326,183,227,377,258,532,641,336,424
SZ,002378,2017-01-03 10:32:48,9.8700,1,3948.0000,4,S,9.8700,9.8600,9.8500,9.8400,9.8300,9.8800,9.8900,9.9000,9.9100,9.9200,172,326,164,227,377,258,532,641,346,424
SZ,002378,2017-01-03 10:32:51,9.8800,1,988.0000,1,B,9.8700,9.8600,9.8500,9.8400,9.8300,9.8800,9.8900,9.9000,9.9100,9.9200,172,326,164,227,377,257,532,644,346,424
SZ,002378,2017-01-03 10:33:09,9.8800,1,988.0000,1,B,9.8700,9.8600,9.8500,9.8400,9.8300,9.8800,9.8900,9.9000,9.9100,9.9200,172,326,168,227,377,278,532,644,346,424
SZ,002378,2017-01-03 10:33:21,9.8700,1,20727.0000,21,S,9.8700,9.8600,9.8500,9.8400,9.8300,9.8800,9.8900,9.9000,9.9100,9.9200,151,326,168,227,377,291,532,644,346,424
SZ,002378,2017-01-03 10:34:00,9.8700,1,19740.0000,20,S,9.8700,9.8600,9.8500,9.8400,9.8300,9.8800,9.8900,9.9000,9.9100,9.9200,165,168,168,227,377,291,537,644,346,424
SZ,002378,2017-01-03 10:34:09,9.8800,1,3952.0000,4,B,9.8700,9.8600,9.8500,9.8400,9.8300,9.8800,9.8900,9.9000,9.9100,9.9200,165,168,168,227,377,312,532,644,346,424
SZ,002378,2017-01-03 10:34:33,9.8700,3,19740.0000,20,S,9.8700,9.8600,9.8500,9.8400,9.8300,9.8800,9.8900,9.9000,9.9100,9.9200,145,168,168,227,377,343,532,644,346,204
SZ,002378,2017-01-03 10:34:42,9.8700,3,59220.0000,60,S,9.8700,9.8600,9.8500,9.8400,9.8300,9.8800,9.8900,9.9000,9.9100,9.9200,85,168,168,227,377,343,532,644,346,204
SZ,002378,2017-01-03 10:34:45,9.8800,3,7904.0000,8,B,9.8700,9.8600,9.8500,9.8400,9.8300,9.8800,9.8900,9.9000,9.9100,9.9200,85,168,168,227,377,335,532,644,346,204
SZ,002378,2017-01-03 10:34:54,9.8700,6,45439.0000,46,S,9.8700,9.8600,9.8500,9.8400,9.8300,9.8800,9.8900,9.9000,9.9100,9.9200,76,168,168,227,377,322,532,644,346,204
SZ,002378,2017-01-03 10:34:57,9.8800,1,9880.0000,10,B,9.8700,9.8600,9.8500,9.8400,9.8300,9.8800,9.8900,9.9000,9.9100,9.9200,76,168,168,227,377,312,532,644,346,204
SZ,002378,2017-01-03 10:35:00,9.8700,1,14805.0000,15,S,9.8700,9.8600,9.8500,9.8400,9.8300,9.8800,9.8900,9.9000,9.9100,9.9200,61,168,168,227,377,312,532,644,346,204
SZ,002378,2017-01-03 10:35:03,9.8700,1,19740.0000,20,S,9.8700,9.8600,9.8500,9.8400,9.8300,9.8800,9.8900,9.9000,9.9100,9.9200,41,168,168,227,377,312,532,644,346,204
SZ,002378,2017-01-03 10:35:12,9.8700,4,48363.0000,49,S,9.8600,9.8500,9.8400,9.8300,9.8200,9.8700,9.8800,9.8900,9.9000,9.9100,168,168,227,377,270,171,312,532,644,346
SZ,002378,2017-01-03 10:35:51,9.8700,1,168777.0000,171,B,9.8700,9.8600,9.8500,9.8400,9.8300,9.8800,9.8900,9.9000,9.9100,9.9200,135,698,168,227,377,426,532,644,346,207
SZ,002378,2017-01-03 10:36:09,9.8800,1,5928.0000,6,B,9.8700,9.8600,9.8500,9.8400,9.8300,9.8800,9.8900,9.9000,9.9100,9.9200,135,698,168,227,377,420,532,644,346,207
SZ,002378,2017-01-03 10:37:06,9.8800,1,988.0000,1,B,9.8700,9.8600,9.8500,9.8400,9.8300,9.8800,9.8900,9.9000,9.9100,9.9200,155,651,178,227,377,419,532,644,346,207
SZ,002378,2017-01-03 10:37:18,9.8700,2,12831.0000,13,S,9.8700,9.8600,9.8500,9.8400,9.8300,9.8800,9.8900,9.9000,9.9100,9.9200,148,651,178,227,377,424,532,644,346,207
SZ,002378,2017-01-03 10:37:33,9.8700,1,49350.0000,50,S,9.8700,9.8600,9.8500,9.8400,9.8300,9.8800,9.8900,9.9000,9.9100,9.9200,98,656,330,227,377,424,532,655,346,207
SZ,002378,2017-01-03 10:37:45,9.8700,1,987.0000,1,S,9.8700,9.8600,9.8500,9.8400,9.8300,9.8800,9.8900,9.9000,9.9100,9.9200,105,656,330,227,377,444,532,655,346,207
SZ,002378,2017-01-03 10:37:51,9.8800,1,9880.0000,10,B,9.8700,9.8600,9.8500,9.8400,9.8300,9.8800,9.8900,9.9000,9.9100,9.9200,105,656,330,227,377,434,532,655,346,207
SZ,002378,2017-01-03 10:38:21,9.8800,1,988.0000,1,B,9.8700,9.8600,9.8500,9.8400,9.8300,9.8800,9.8900,9.9000,9.9100,9.9200,105,656,330,227,377,331,532,657,346,207
SZ,002378,2017-01-03 10:38:33,9.8800,1,7904.0000,8,B,9.8700,9.8600,9.8500,9.8400,9.8300,9.8800,9.8900,9.9000,9.9100,9.9200,97,656,330,227,377,333,547,657,346,157
SZ,002378,2017-01-03 10:38:39,9.8700,1,9870.0000,10,S,9.8700,9.8600,9.8500,9.8400,9.8300,9.8800,9.8900,9.9000,9.9100,9.9200,87,656,330,227,377,384,547,657,346,157
SZ,002378,2017-01-03 10:38:48,9.8800,3,32574.0000,33,B,9.8700,9.8600,9.8500,9.8400,9.8300,9.8800,9.8900,9.9000,9.9100,9.9200,57,656,331,227,377,431,547,657,346,157
SZ,002378,2017-01-03 10:38:54,9.8700,3,49350.0000,50,S,9.8700,9.8600,9.8500,9.8400,9.8300,9.8800,9.8900,9.9000,9.9100,9.9200,7,656,331,227,377,431,571,657,346,157
SZ,002378,2017-01-03 10:39:03,9.8700,2,4935.0000,5,S,9.8700,9.8600,9.8500,9.8400,9.8300,9.8800,9.8900,9.9000,9.9100,9.9200,2,656,331,227,377,481,571,657,346,157
SZ,002378,2017-01-03 10:39:09,9.8700,2,3948.0000,4,S,9.8600,9.8500,9.8400,9.8300,9.8200,9.8700,9.8800,9.8900,9.9000,9.9100,656,331,227,363,270,6,513,571,657,346
SZ,002378,2017-01-03 10:39:15,9.8600,3,9872.0000,10,S,9.8600,9.8500,9.8400,9.8300,9.8200,9.8700,9.8800,9.8900,9.9000,9.9100,655,331,227,363,270,212,510,571,657,346
SZ,002378,2017-01-03 10:39:18,9.8700,1,4935.0000,5,B,9.8600,9.8500,9.8400,9.8300,9.8200,9.8700,9.8800,9.8900,9.9000,9.9100,655,331,227,363,270,207,510,571,657,346
SZ,002378,2017-01-03 10:39:30,9.8600,2,19720.0000,20,S,9.8600,9.8500,9.8400,9.8300,9.8200,9.8700,9.8800,9.8900,9.9000,9.9100,635,331,227,363,270,217,510,571,661,346
SZ,002378,2017-01-03 10:39:45,9.8700,1,19740.0000,20,B,9.8600,9.8500,9.8400,9.8300,9.8200,9.8700,9.8800,9.8900,9.9000,9.9100,635,331,227,363,273,185,510,571,661,346
SZ,002378,2017-01-03 10:40:03,9.8700,1,4935.0000,5,B,9.8600,9.8500,9.8400,9.8300,9.8200,9.8700,9.8800,9.8900,9.9000,9.9100,635,331,227,363,273,180,510,561,661,346
SZ,002378,2017-01-03 10:40:30,9.8600,1,2958.0000,3,S,9.8600,9.8500,9.8400,9.8300,9.8200,9.8700,9.8800,9.8900,9.9000,9.9100,632,341,227,363,273,180,520,561,661,346
SZ,002378,2017-01-03 10:40:48,9.8600,1,986.0000,1,S,9.8600,9.8500,9.8400,9.8300,9.8200,9.8700,9.8800,9.8900,9.9000,9.9100,641,341,227,363,273,170,510,561,661,346
SZ,002378,2017-01-03 10:41:00,9.8700,1,9870.0000,10,B,9.8600,9.8500,9.8400,9.8300,9.8200,9.8700,9.8800,9.8900,9.9000,9.9100,641,341,227,363,273,160,510,561,661,346
SZ,002378,2017-01-03 10:41:27,9.8700,1,6909.0000,7,B,9.8600,9.8500,9.8400,9.8300,9.8200,9.8700,9.8800,9.8900,9.9000,9.9100,699,337,227,363,273,220,540,561,661,346
SZ,002378,2017-01-03 10:42:42,9.8700,1,2961.0000,3,B,9.8600,9.8500,9.8400,9.8300,9.8200,9.8700,9.8800,9.8900,9.9000,9.9100,699,343,231,363,273,250,540,546,671,346
SZ,002378,2017-01-03 10:43:21,9.8700,1,103635.0000,105,B,9.8600,9.8500,9.8400,9.8300,9.8200,9.8700,9.8800,9.8900,9.9000,9.9100,699,343,231,278,273,145,548,546,671,346
SZ,002378,2017-01-03 10:43:24,9.8600,2,9860.0000,10,S,9.8600,9.8500,9.8400,9.8300,9.8200,9.8700,9.8800,9.8900,9.9000,9.9100,689,343,231,278,273,145,548,546,671,346
SZ,002378,2017-01-03 10:43:57,9.8700,2,98700.0000,100,B,9.8600,9.8500,9.8400,9.8300,9.8200,9.8700,9.8800,9.8900,9.9000,9.9100,689,348,231,278,273,36,548,546,671,346
SZ,002378,2017-01-03 10:44:06,9.8700,3,35532.0000,36,B,9.8700,9.8600,9.8500,9.8400,9.8300,9.8800,9.8900,9.9000,9.9100,9.9200,112,689,348,231,278,548,546,671,346,167
SZ,002378,2017-01-03 10:45:09,9.8700,1,987.0000,1,S,9.8700,9.8600,9.8500,9.8400,9.8300,9.8800,9.8900,9.9000,9.9100,9.9200,167,653,349,231,278,558,546,671,346,167
SZ,002378,2017-01-03 10:45:54,9.8700,1,4935.0000,5,S,9.8700,9.8600,9.8500,9.8400,9.8300,9.8800,9.8900,9.9000,9.9100,9.9200,176,657,349,231,278,558,546,677,346,167
SZ,002378,2017-01-03 10:46:06,9.8700,1,9870.0000,10,S,9.8700,9.8600,9.8500,9.8400,9.8300,9.8800,9.8900,9.9000,9.9100,9.9200,186,657,359,231,278,558,546,677,346,167
SZ,002378,2017-01-03 10:46:45,9.8700,1,9870.0000,10,S,9.8700,9.8600,9.8500,9.8400,9.8300,9.8800,9.8900,9.9000,9.9100,9.9200,174,666,354,231,278,513,546,677,346,167
SZ,002378,2017-01-03 10:46:51,9.8700,1,23688.0000,24,S,9.8700,9.8600,9.8500,9.8400,9.8300,9.8800,9.8900,9.9000,9.9100,9.9200,150,666,354,231,278,513,546,677,346,167
SZ,002378,2017-01-03 10:48:06,9.8700,1,20727.0000,21,S,9.8700,9.8600,9.8500,9.8400,9.8300,9.8800,9.8900,9.9000,9.9100,9.9200,217,686,357,231,278,513,546,677,346,167
SZ,002378,2017-01-03 10:48:18,9.8700,1,27636.0000,28,S,9.8700,9.8600,9.8500,9.8400,9.8300,9.8800,9.8900,9.9000,9.9100,9.9200,189,686,357,231,278,513,546,677,346,167
SZ,002378,2017-01-03 10:48:45,9.8700,2,29610.0000,30,S,9.8700,9.8600,9.8500,9.8400,9.8300,9.8800,9.8900,9.9000,9.9100,9.9200,159,686,357,231,278,513,546,677,346,167
SZ,002378,2017-01-03 10:49:00,9.8700,1,4935.0000,5,S,9.8700,9.8600,9.8500,9.8400,9.8300,9.8800,9.8900,9.9000,9.9100,9.9200,154,686,357,231,278,513,561,677,346,167
SZ,002378,2017-01-03 10:49:12,9.8700,5,49350.0000,50,S,9.8700,9.8600,9.8500,9.8400,9.8300,9.8800,9.8900,9.9000,9.9100,9.9200,126,686,357,207,278,513,562,684,346,167
SZ,002378,2017-01-03 10:49:27,9.8700,1,4935.0000,5,S,9.8700,9.8600,9.8500,9.8400,9.8300,9.8800,9.8900,9.9000,9.9100,9.9200,121,686,357,207,278,513,562,684,346,167
SZ,002378,2017-01-03 10:49:30,9.8700,5,70077.0000,71,S,9.8700,9.8600,9.8500,9.8400,9.8300,9.8800,9.8900,9.9000,9.9100,9.9200,50,686,357,207,278,513,562,684,346,167
SZ,002378,2017-01-03 10:49:36,9.8800,1,988.0000,1,B,9.8600,9.8500,9.8400,9.8300,9.8200,9.8800,9.8900,9.9000,9.9100,9.9200,686,357,207,278,273,512,564,684,346,167
SZ,002378,2017-01-03 10:49:54,9.8800,3,50388.0000,51,B,9.8600,9.8500,9.8400,9.8300,9.8200,9.8800,9.8900,9.9000,9.9100,9.9200,686,357,207,278,273,475,563,684,346,167
SZ,002378,2017-01-03 10:51:18,9.8700,1,4935.0000,5,S,9.8600,9.8500,9.8400,9.8300,9.8200,9.8700,9.8800,9.8900,9.9000,9.9100,664,357,207,278,273,8,465,563,684,346
SZ,002378,2017-01-03 10:51:24,9.8700,2,9870.0000,10,B,9.8700,9.8600,9.8500,9.8400,9.8300,9.8800,9.8900,9.9000,9.9100,9.9200,7,664,357,207,278,465,563,688,346,182
SZ,002378,2017-01-03 10:52:06,9.8700,1,6909.0000,7,S,9.8600,9.8500,9.8400,9.8300,9.8200,9.8800,9.8900,9.9000,9.9100,9.9200,659,362,207,278,273,465,577,688,346,182
SZ,002378,2017-01-03 10:52:54,9.8700,1,4935.0000,5,S,9.8600,9.8500,9.8400,9.8300,9.8200,9.8700,9.8800,9.8900,9.9000,9.9100,662,361,207,278,273,71,465,577,718,346
SZ,002378,2017-01-03 10:53:09,9.8700,1,37506.0000,38,B,9.8600,9.8500,9.8400,9.8300,9.8200,9.8700,9.8800,9.8900,9.9000,9.9100,662,361,207,278,273,33,465,577,718,346
SZ,002378,2017-01-03 10:53:36,9.8700,1,5922.0000,6,B,9.8600,9.8500,9.8400,9.8300,9.8200,9.8700,9.8800,9.8900,9.9000,9.9100,662,361,207,278,273,27,465,577,718,346
SZ,002378,2017-01-03 10:54:18,9.8600,2,45366.0000,46,S,9.8600,9.8500,9.8400,9.8300,9.8200,9.8700,9.8800,9.8900,9.9000,9.9100,624,361,207,278,273,17,465,607,718,346
SZ,002378,2017-01-03 10:54:54,9.8700,1,11844.0000,12,B,9.8600,9.8500,9.8400,9.8300,9.8200,9.8700,9.8800,9.8900,9.9000,9.9100,625,366,207,278,273,5,475,607,743,346
SZ,002378,2017-01-03 10:56:42,9.8600,1,986.0000,1,S,9.8600,9.8500,9.8400,9.8300,9.8200,9.8700,9.8800,9.8900,9.9000,9.9100,624,366,207,278,273,281,430,593,743,346
SZ,002378,2017-01-03 10:56:48,9.8600,1,4930.0000,5,S,9.8600,9.8500,9.8400,9.8300,9.8200,9.8700,9.8800,9.8900,9.9000,9.9100,619,366,207,278,273,281,430,593,743,346
SZ,002378,2017-01-03 10:57:15,9.8600,1,8874.0000,9,S,9.8600,9.8500,9.8400,9.8300,9.8200,9.8700,9.8800,9.8900,9.9000,9.9100,615,366,207,278,273,345,430,564,729,346
SZ,002378,2017-01-03 10:57:18,9.8600,4,39440.0000,40,S,9.8600,9.8500,9.8400,9.8300,9.8200,9.8700,9.8800,9.8900,9.9000,9.9100,575,366,207,278,273,359,430,564,729,346
SZ,002378,2017-01-03 10:57:30,9.8600,1,28594.0000,29,S,9.8600,9.8500,9.8400,9.8300,9.8200,9.8700,9.8800,9.8900,9.9000,9.9100,552,366,207,278,273,359,450,564,729,346
SZ,002378,2017-01-03 10:58:00,9.8600,1,4930.0000,5,S,9.8600,9.8500,9.8400,9.8300,9.8200,9.8700,9.8800,9.8900,9.9000,9.9100,547,366,207,278,273,359,450,544,729,346
SZ,002378,2017-01-03 10:58:15,9.8600,1,72964.0000,74,S,9.8600,9.8500,9.8400,9.8300,9.8200,9.8700,9.8800,9.8900,9.9000,9.9100,473,366,207,278,273,359,450,544,729,346
SZ,002378,2017-01-03 10:58:24,9.8600,1,7888.0000,8,S,9.8600,9.8500,9.8400,9.8300,9.8200,9.8700,9.8800,9.8900,9.9000,9.9100,465,366,207,278,273,346,470,544,729,346
SZ,002378,2017-01-03 10:58:33,9.8600,1,8874.0000,9,S,9.8600,9.8500,9.8400,9.8300,9.8200,9.8700,9.8800,9.8900,9.9000,9.9100,456,366,207,278,273,346,470,544,729,346
SZ,002378,2017-01-03 10:59:09,9.8600,2,107474.0000,109,S,9.8600,9.8500,9.8400,9.8300,9.8200,9.8700,9.8800,9.8900,9.9000,9.9100,348,366,207,278,120,346,470,544,725,346
SZ,002378,2017-01-03 10:59:39,9.8600,2,21692.0000,22,S,9.8600,9.8500,9.8400,9.8300,9.8200,9.8700,9.8800,9.8900,9.9000,9.9100,326,366,207,278,120,346,475,544,725,346
SZ,002378,2017-01-03 11:00:06,9.8700,2,8883.0000,9,B,9.8600,9.8500,9.8400,9.8300,9.8200,9.8700,9.8800,9.8900,9.9000,9.9100,323,366,207,278,120,337,450,544,725,346
SZ,002378,2017-01-03 11:00:21,9.8700,1,2961.0000,3,B,9.8600,9.8500,9.8400,9.8300,9.8200,9.8700,9.8800,9.8900,9.9000,9.9100,361,366,207,278,120,366,450,544,725,346
SZ,002378,2017-01-03 11:00:42,9.8700,2,49350.0000,50,B,9.8600,9.8500,9.8400,9.8300,9.8200,9.8700,9.8800,9.8900,9.9000,9.9100,361,366,207,278,120,316,450,544,725,346
SZ,002378,2017-01-03 11:01:06,9.8700,1,11844.0000,12,B,9.8600,9.8500,9.8400,9.8300,9.8200,9.8700,9.8800,9.8900,9.9000,9.9100,458,366,207,278,120,304,450,544,936,346
SZ,002378,2017-01-03 11:01:12,9.8700,1,16779.0000,17,B,9.8600,9.8500,9.8400,9.8300,9.8200,9.8700,9.8800,9.8900,9.9000,9.9100,458,366,207,278,120,287,450,544,936,346
SZ,002378,2017-01-03 11:01:15,9.8700,3,15792.0000,16,B,9.8600,9.8500,9.8400,9.8300,9.8200,9.8700,9.8800,9.8900,9.9000,9.9100,458,366,207,278,120,271,450,544,936,346
SZ,002378,2017-01-03 11:01:33,9.8700,2,8883.0000,9,B,9.8600,9.8500,9.8400,9.8300,9.8200,9.8700,9.8800,9.8900,9.9000,9.9100,458,366,207,278,120,272,455,544,936,346
SZ,002378,2017-01-03 11:01:39,9.8600,2,69020.0000,70,S,9.8600,9.8500,9.8400,9.8300,9.8200,9.8700,9.8800,9.8900,9.9000,9.9100,388,366,207,278,120,272,455,544,936,346
SZ,002378,2017-01-03 11:01:42,9.8700,2,13818.0000,14,B,9.8600,9.8500,9.8400,9.8300,9.8200,9.8700,9.8800,9.8900,9.9000,9.9100,388,366,207,278,120,266,455,544,936,346
SZ,002378,2017-01-03 11:02:00,9.8600,1,7888.0000,8,S,9.8600,9.8500,9.8400,9.8300,9.8200,9.8700,9.8800,9.8900,9.9000,9.9100,380,366,207,278,120,288,494,544,936,346
SZ,002378,2017-01-03 11:02:21,9.8700,2,4935.0000,5,B,9.8600,9.8500,9.8400,9.8300,9.8200,9.8700,9.8800,9.8900,9.9000,9.9100,390,366,207,278,120,283,455,544,936,346
SZ,002378,2017-01-03 11:02:48,9.8700,1,140154.0000,142,B,9.8600,9.8500,9.8400,9.8300,9.8200,9.8700,9.8800,9.8900,9.9000,9.9100,384,366,207,278,120,191,455,544,936,346
SZ,002378,2017-01-03 11:03:03,9.8700,2,9870.0000,10,B,9.8600,9.8500,9.8400,9.8300,9.8200,9.8700,9.8800,9.8900,9.9000,9.9100,384,366,207,278,120,181,455,544,936,346
SZ,002378,2017-01-03 11:03:36,9.8700,1,987.0000,1,B,9.8600,9.8500,9.8400,9.8300,9.8200,9.8700,9.8800,9.8900,9.9000,9.9100,384,368,207,278,120,273,356,544,936,346
SZ,002378,2017-01-03 11:03:54,9.8700,1,987.0000,1,B,9.8600,9.8500,9.8400,9.8300,9.8200,9.8700,9.8800,9.8900,9.9000,9.9100,390,368,207,278,120,272,356,544,936,346
SZ,002378,2017-01-03 11:04:00,9.8600,3,180438.0000,183,S,9.8600,9.8500,9.8400,9.8300,9.8200,9.8700,9.8800,9.8900,9.9000,9.9100,207,368,207,278,120,272,356,544,936,346
SZ,002378,2017-01-03 11:05:30,9.8600,1,3944.0000,4,S,9.8600,9.8500,9.8400,9.8300,9.8200,9.8700,9.8800,9.8900,9.9000,9.9100,322,362,207,278,120,291,334,514,936,346
SZ,002378,2017-01-03 11:06:21,9.8600,9,59160.0000,60,S,9.8600,9.8500,9.8400,9.8300,9.8200,9.8700,9.8800,9.8900,9.9000,9.9100,262,362,207,278,120,301,334,514,936,346
SZ,002378,2017-01-03 11:06:33,9.8600,1,9860.0000,10,S,9.8600,9.8500,9.8400,9.8300,9.8200,9.8700,9.8800,9.8900,9.9000,9.9100,252,362,207,278,120,301,334,514,936,346
SZ,002378,2017-01-03 11:07:03,9.8700,2,49350.0000,50,B,9.8600,9.8500,9.8400,9.8300,9.8200,9.8700,9.8800,9.8900,9.9000,9.9100,283,373,207,278,120,241,334,514,936,346
SZ,002378,2017-01-03 11:07:15,9.8700,2,13818.0000,14,B,9.8600,9.8500,9.8400,9.8300,9.8200,9.8700,9.8800,9.8900,9.9000,9.9100,283,373,207,278,120,220,334,514,936,346
SZ,002378,2017-01-03 11:07:24,9.8600,1,6902.0000,7,S,9.8600,9.8500,9.8400,9.8300,9.8200,9.8700,9.8800,9.8900,9.9000,9.9100,276,373,207,278,120,220,334,514,936,346
SZ,002378,2017-01-03 11:07:36,9.8600,1,1972.0000,2,S,9.8600,9.8500,9.8400,9.8300,9.8200,9.8700,9.8800,9.8900,9.9000,9.9100,274,373,207,278,120,220,334,514,936,346
SZ,002378,2017-01-03 11:07:42,9.8600,7,22678.0000,23,S,9.8600,9.8500,9.8400,9.8300,9.8200,9.8700,9.8800,9.8900,9.9000,9.9100,251,373,207,278,120,220,334,514,936,346
SZ,002378,2017-01-03 11:08:09,9.8700,1,7896.0000,8,B,9.8600,9.8500,9.8400,9.8300,9.8200,9.8700,9.8800,9.8900,9.9000,9.9100,251,394,191,278,120,216,334,514,936,346
SZ,002378,2017-01-03 11:08:15,9.8700,5,197400.0000,200,B,9.8600,9.8500,9.8400,9.8300,9.8200,9.8700,9.8800,9.8900,9.9000,9.9100,251,394,191,278,120,16,334,514,936,346
SZ,002378,2017-01-03 11:08:36,9.8600,1,19720.0000,20,S,9.8600,9.8500,9.8400,9.8300,9.8200,9.8700,9.8800,9.8900,9.9000,9.9100,541,394,191,278,120,16,334,514,936,346
SZ,002378,2017-01-03 11:08:39,9.8700,3,15792.0000,16,B,9.8700,9.8600,9.8500,9.8400,9.8300,9.8800,9.8900,9.9000,9.9100,9.9200,12,541,394,191,278,334,514,936,346,82
SZ,002378,2017-01-03 11:08:51,9.8800,2,4940.0000,5,B,9.8700,9.8600,9.8500,9.8400,9.8300,9.8800,9.8900,9.9000,9.9100,9.9200,32,541,394,191,278,329,514,936,346,82
SZ,002378,2017-01-03 11:09:24,9.8800,4,49400.0000,50,B,9.8700,9.8600,9.8500,9.8400,9.8300,9.8800,9.8900,9.9000,9.9100,9.9200,86,225,394,191,278,289,514,936,346,82
SZ,002378,2017-01-03 11:10:36,9.8700,1,9870.0000,10,S,9.8700,9.8600,9.8500,9.8400,9.8300,9.8800,9.8900,9.9000,9.9100,9.9200,380,225,394,207,278,319,514,941,346,82
SZ,002378,2017-01-03 11:11:12,9.8800,1,4940.0000,5,B,9.8700,9.8600,9.8500,9.8400,9.8300,9.8800,9.8900,9.9000,9.9100,9.9200,380,225,394,207,278,304,514,941,346,92
SZ,002378,2017-01-03 11:11:18,9.8700,2,9870.0000,10,S,9.8700,9.8600,9.8500,9.8400,9.8300,9.8800,9.8900,9.9000,9.9100,9.9200,370,225,401,207,278,304,514,941,346,92
SZ,002378,2017-01-03 11:11:30,9.8800,4,36525.0000,37,B,9.8700,9.8600,9.8500,9.8400,9.8300,9.8800,9.8900,9.9000,9.9100,9.9200,339,225,401,207,278,298,514,941,346,92
SZ,002378,2017-01-03 11:11:39,9.8800,3,19760.0000,20,B,9.8700,9.8600,9.8500,9.8400,9.8300,9.8800,9.8900,9.9000,9.9100,9.9200,344,225,401,207,278,278,514,941,346,92
SZ,002378,2017-01-03 11:11:57,9.8700,1,987.0000,1,S,9.8700,9.8600,9.8500,9.8400,9.8300,9.8800,9.8900,9.9000,9.9100,9.9200,343,225,401,207,278,278,514,941,346,92
SZ,002378,2017-01-03 11:12:15,9.8800,1,4940.0000,5,B,9.8700,9.8600,9.8500,9.8400,9.8300,9.8800,9.8900,9.9000,9.9100,9.9200,343,225,401,207,278,288,514,941,346,92
SZ,002378,2017-01-03 11:12:36,9.8800,4,41496.0000,42,B,9.8700,9.8600,9.8500,9.8400,9.8300,9.8800,9.8900,9.9000,9.9100,9.9200,338,225,401,207,278,256,514,941,346,92
SZ,002378,2017-01-03 11:12:57,9.8800,7,107692.0000,109,B,9.8700,9.8600,9.8500,9.8400,9.8300,9.8800,9.8900,9.9000,9.9100,9.9200,338,225,490,207,278,147,514,941,346,92
SZ,002378,2017-01-03 11:13:21,9.8700,1,987.0000,1,S,9.8700,9.8600,9.8500,9.8400,9.8300,9.8800,9.8900,9.9000,9.9100,9.9200,337,235,490,207,278,102,514,941,346,92
SZ,002378,2017-01-03 11:13:36,9.8800,2,4940.0000,5,B,9.8700,9.8600,9.8500,9.8400,9.8300,9.8800,9.8900,9.9000,9.9100,9.9200,337,235,490,207,278,285,514,941,346,92
SZ,002378,2017-01-03 11:13:39,9.8800,1,1976.0000,2,B,9.8700,9.8600,9.8500,9.8400,9.8300,9.8800,9.8900,9.9000,9.9100,9.9200,337,235,490,207,278,295,514,941,346,92
SZ,002378,2017-01-03 11:13:45,9.8800,1,1976.0000,2,B,9.8700,9.8600,9.8500,9.8400,9.8300,9.8800,9.8900,9.9000,9.9100,9.9200,337,235,490,207,278,293,514,941,346,92
SZ,002378,2017-01-03 11:13:48,9.8800,1,1976.0000,2,B,9.8700,9.8600,9.8500,9.8400,9.8300,9.8800,9.8900,9.9000,9.9100,9.9200,337,235,490,207,278,291,514,941,346,92
SZ,002378,2017-01-03 11:14:00,9.8800,1,988.0000,1,B,9.8700,9.8600,9.8500,9.8400,9.8300,9.8800,9.8900,9.9000,9.9100,9.9200,337,235,500,207,278,310,482,946,346,92
SZ,002378,2017-01-03 11:14:12,9.8800,1,1976.0000,2,B,9.8700,9.8600,9.8500,9.8400,9.8300,9.8800,9.8900,9.9000,9.9100,9.9200,337,235,500,207,278,340,482,946,346,92
SZ,002378,2017-01-03 11:14:21,9.8800,1,1976.0000,2,B,9.8700,9.8600,9.8500,9.8400,9.8300,9.8800,9.8900,9.9000,9.9100,9.9200,337,235,500,207,278,338,482,946,346,92
SZ,002378,2017-01-03 11:14:30,9.8800,1,988.0000,1,B,9.8700,9.8600,9.8500,9.8400,9.8300,9.8800,9.8900,9.9000,9.9100,9.9200,337,235,500,207,278,337,482,946,346,92
SZ,002378,2017-01-03 11:14:42,9.8800,1,1976.0000,2,B,9.8700,9.8600,9.8500,9.8400,9.8300,9.8800,9.8900,9.9000,9.9100,9.9200,27,235,500,207,278,335,482,946,346,92
SZ,002378,2017-01-03 11:14:51,9.8800,10,296400.0000,300,B,9.8700,9.8600,9.8500,9.8400,9.8300,9.8800,9.8900,9.9000,9.9100,9.9200,27,235,500,207,278,35,482,946,346,92
SZ,002378,2017-01-03 11:14:54,9.8800,1,1976.0000,2,B,9.8700,9.8600,9.8500,9.8400,9.8300,9.8800,9.8900,9.9000,9.9100,9.9200,27,235,500,207,278,33,482,946,346,92
SZ,002378,2017-01-03 11:15:09,9.8800,1,988.0000,1,B,9.8700,9.8600,9.8500,9.8400,9.8300,9.8800,9.8900,9.9000,9.9100,9.9200,27,235,500,207,278,32,482,946,346,97
SZ,002378,2017-01-03 11:15:15,9.8800,1,1976.0000,2,B,9.8700,9.8600,9.8500,9.8400,9.8300,9.8800,9.8900,9.9000,9.9100,9.9200,27,235,500,207,278,30,482,946,346,97
SZ,002378,2017-01-03 11:15:30,9.8800,1,1976.0000,2,B,9.8700,9.8600,9.8500,9.8400,9.8300,9.8800,9.8900,9.9000,9.9100,9.9200,27,235,500,191,402,28,482,946,346,97
SZ,002378,2017-01-03 11:15:36,9.8800,1,988.0000,1,B,9.8700,9.8600,9.8500,9.8400,9.8300,9.8800,9.8900,9.9000,9.9100,9.9200,27,235,500,191,402,27,482,946,346,97
SZ,002378,2017-01-03 11:15:51,9.8700,2,7898.0000,8,S,9.8700,9.8600,9.8500,9.8400,9.8300,9.8800,9.8900,9.9000,9.9100,9.9200,29,235,500,191,402,25,482,939,346,97
SZ,002378,2017-01-03 11:16:00,9.8900,3,28656.0000,29,B,9.8700,9.8600,9.8500,9.8400,9.8300,9.8900,9.9000,9.9100,9.9200,9.9300,29,235,500,191,402,478,939,346,97,364
SZ,002378,2017-01-03 11:16:12,9.8800,1,1976.0000,2,B,9.8700,9.8600,9.8500,9.8400,9.8300,9.8800,9.8900,9.9000,9.9100,9.9200,165,235,500,191,402,108,508,934,346,97
SZ,002378,2017-01-03 11:16:15,9.8800,2,64220.0000,65,B,9.8700,9.8600,9.8500,9.8400,9.8300,9.8800,9.8900,9.9000,9.9100,9.9200,165,235,500,191,402,43,508,934,346,97
SZ,002378,2017-01-03 11:16:24,9.8800,1,4940.0000,5,B,9.8700,9.8600,9.8500,9.8400,9.8300,9.8800,9.8900,9.9000,9.9100,9.9200,165,235,500,191,402,38,508,934,346,97
SZ,002378,2017-01-03 11:16:27,9.8800,1,988.0000,1,B,9.8700,9.8600,9.8500,9.8400,9.8300,9.8800,9.8900,9.9000,9.9100,9.9200,165,235,500,191,402,37,508,934,346,97
SZ,002378,2017-01-03 11:16:33,9.8900,2,38534.0000,39,B,9.8800,9.8700,9.8600,9.8500,9.8400,9.8900,9.9000,9.9100,9.9200,9.9300,2,165,235,500,191,506,934,346,97,364
SZ,002378,2017-01-03 11:16:42,9.8900,1,1978.0000,2,B,9.8800,9.8700,9.8600,9.8500,9.8400,9.8900,9.9000,9.9100,9.9200,9.9300,43,165,235,500,209,504,934,346,97,364
SZ,002378,2017-01-03 11:16:48,9.8800,2,42484.0000,43,S,9.8700,9.8600,9.8500,9.8400,9.8300,9.8800,9.8900,9.9000,9.9100,9.9200,165,239,500,209,402,57,504,934,346,97
SZ,002378,2017-01-03 11:16:54,9.8800,1,1976.0000,2,B,9.8700,9.8600,9.8500,9.8400,9.8300,9.8800,9.8900,9.9000,9.9100,9.9200,165,239,500,209,402,55,504,934,346,97
SZ,002378,2017-01-03 11:17:00,9.8800,1,9880.0000,10,B,9.8700,9.8600,9.8500,9.8400,9.8300,9.8800,9.8900,9.9000,9.9100,9.9200,165,239,500,209,402,45,715,934,346,97
SZ,002378,2017-01-03 11:17:06,9.8800,1,988.0000,1,B,9.8700,9.8600,9.8500,9.8400,9.8300,9.8800,9.8900,9.9000,9.9100,9.9200,165,239,500,209,402,44,715,934,346,97
SZ,002378,2017-01-03 11:17:12,9.8800,1,4940.0000,5,B,9.8700,9.8600,9.8500,9.8400,9.8300,9.8800,9.8900,9.9000,9.9100,9.9200,165,242,508,209,402,49,715,934,346,97
SZ,002378,2017-01-03 11:17:15,9.8800,1,988.0000,1,B,9.8700,9.8600,9.8500,9.8400,9.8300,9.8800,9.8900,9.9000,9.9100,9.9200,165,242,508,209,402,48,715,934,346,97
SZ,002378,2017-01-03 11:17:21,9.8800,2,11856.0000,12,B,9.8700,9.8600,9.8500,9.8400,9.8300,9.8800,9.8900,9.9000,9.9100,9.9200,165,242,508,209,402,86,715,934,346,97
SZ,002378,2017-01-03 11:17:30,9.8700,5,40468.0000,41,S,9.8700,9.8600,9.8500,9.8400,9.8300,9.8800,9.8900,9.9000,9.9100,9.9200,125,242,508,209,402,96,715,934,346,97
SZ,002378,2017-01-03 11:17:39,9.8800,5,94848.0000,96,B,9.8800,9.8700,9.8600,9.8500,9.8400,9.8900,9.9000,9.9100,9.9200,9.9300,2,125,242,508,209,715,934,346,97,364
SZ,002378,2017-01-03 11:17:48,9.8900,1,1978.0000,2,B,9.8800,9.8700,9.8600,9.8500,9.8400,9.8900,9.9000,9.9100,9.9200,9.9300,2,125,242,508,209,713,934,346,97,364
SZ,002378,2017-01-03 11:17:51,9.8900,4,89999.0000,91,B,9.8800,9.8700,9.8600,9.8500,9.8400,9.8900,9.9000,9.9100,9.9200,9.9300,2,125,242,508,219,622,934,346,97,364
SZ,002378,2017-01-03 11:17:54,9.8800,1,1976.0000,2,S,9.8700,9.8600,9.8500,9.8400,9.8300,9.8800,9.8900,9.9000,9.9100,9.9200,125,242,508,219,402,28,622,934,346,97
SZ,002378,2017-01-03 11:18:00,9.8800,1,988.0000,1,B,9.8700,9.8600,9.8500,9.8400,9.8300,9.8800,9.8900,9.9000,9.9100,9.9200,125,242,508,219,402,27,622,934,346,97
SZ,002378,2017-01-03 11:18:12,9.8800,1,1976.0000,2,B,9.8700,9.8600,9.8500,9.8400,9.8300,9.8800,9.8900,9.9000,9.9100,9.9200,125,242,508,219,402,178,622,934,346,97
SZ,002378,2017-01-03 11:18:27,9.8800,1,1976.0000,2,B,9.8700,9.8600,9.8500,9.8400,9.8300,9.8800,9.8900,9.9000,9.9100,9.9200,135,242,508,219,278,176,622,934,346,97
SZ,002378,2017-01-03 11:18:33,9.8800,1,988.0000,1,B,9.8700,9.8600,9.8500,9.8400,9.8300,9.8800,9.8900,9.9000,9.9100,9.9200,135,232,508,219,278,175,622,934,346,97
SZ,002378,2017-01-03 11:18:36,9.8800,1,12844.0000,13,B,9.8700,9.8600,9.8500,9.8400,9.8300,9.8800,9.8900,9.9000,9.9100,9.9200,135,232,508,219,278,162,622,934,346,97
SZ,002378,2017-01-03 11:18:42,9.8700,1,98700.0000,100,S,9.8700,9.8600,9.8500,9.8400,9.8300,9.8800,9.8900,9.9000,9.9100,9.9200,35,232,508,219,278,162,622,934,346,97
SZ,002378,2017-01-03 11:18:48,9.8800,1,1976.0000,2,B,9.8700,9.8600,9.8500,9.8400,9.8300,9.8800,9.8900,9.9000,9.9100,9.9200,35,232,498,219,278,180,622,934,346,97
SZ,002378,2017-01-03 11:18:54,9.8800,2,2964.0000,3,B,9.8700,9.8600,9.8500,9.8400,9.8300,9.8800,9.8900,9.9000,9.9100,9.9200,35,232,498,219,278,177,622,935,346,97
SZ,002378,2017-01-03 11:18:57,9.8800,3,9880.0000,10,B,9.8700,9.8600,9.8500,9.8400,9.8300,9.8800,9.8900,9.9000,9.9100,9.9200,35,232,498,219,278,167,622,935,346,97
SZ,002378,2017-01-03 11:19:09,9.8800,1,988.0000,1,B,9.8700,9.8600,9.8500,9.8400,9.8300,9.8800,9.8900,9.9000,9.9100,9.9200,35,232,498,219,278,166,632,940,346,97
SZ,002378,2017-01-03 11:19:18,9.8800,1,1976.0000,2,B,9.8700,9.8600,9.8500,9.8400,9.8300,9.8800,9.8900,9.9000,9.9100,9.9200,35,232,498,209,278,175,632,940,346,97
SZ,002378,2017-01-03 11:19:30,9.8800,1,988.0000,1,B,9.8700,9.8600,9.8500,9.8400,9.8300,9.8800,9.8900,9.9000,9.9100,9.9200,35,260,490,209,288,184,632,940,346,97
SZ,002378,2017-01-03 11:19:33,9.8800,1,20748.0000,21,B,9.8700,9.8600,9.8500,9.8400,9.8300,9.8800,9.8900,9.9000,9.9100,9.9200,40,260,490,209,288,163,632,941,346,97
SZ,002378,2017-01-03 11:19:42,9.8800,1,1976.0000,2,B,9.8700,9.8600,9.8500,9.8400,9.8300,9.8800,9.8900,9.9000,9.9100,9.9200,40,260,490,209,288,161,632,941,346,97
SZ,002378,2017-01-03 11:19:51,9.8800,1,1976.0000,2,B,9.8700,9.8600,9.8500,9.8400,9.8300,9.8800,9.8900,9.9000,9.9100,9.9200,40,260,490,205,288,176,632,941,357,97
SZ,002378,2017-01-03 11:19:54,9.8800,1,9880.0000,10,B,9.8700,9.8600,9.8500,9.8400,9.8300,9.8800,9.8900,9.9000,9.9100,9.9200,40,260,490,205,288,166,632,941,357,97
SZ,002378,2017-01-03 11:20:06,9.8800,1,1976.0000,2,B,9.8700,9.8600,9.8500,9.8400,9.8300,9.8800,9.8900,9.9000,9.9100,9.9200,40,260,490,205,288,164,632,941,357,97
SZ,002378,2017-01-03 11:20:12,9.8800,2,3952.0000,4,B,9.8700,9.8600,9.8500,9.8400,9.8300,9.8800,9.8900,9.9000,9.9100,9.9200,40,260,490,205,288,160,632,941,357,97
SZ,002378,2017-01-03 11:20:18,9.8700,1,9870.0000,10,S,9.8700,9.8600,9.8500,9.8400,9.8300,9.8800,9.8900,9.9000,9.9100,9.9200,30,264,490,205,288,160,632,941,357,97
SZ,002378,2017-01-03 11:20:24,9.8800,1,1976.0000,2,B,9.8700,9.8600,9.8500,9.8400,9.8300,9.8800,9.8900,9.9000,9.9100,9.9200,30,264,490,205,288,158,632,941,357,97
SZ,002378,2017-01-03 11:20:36,9.8800,1,1976.0000,2,B,9.8700,9.8600,9.8500,9.8400,9.8300,9.8800,9.8900,9.9000,9.9100,9.9200,30,264,490,205,288,156,632,941,357,97
SZ,002378,2017-01-03 11:20:45,9.8800,1,988.0000,1,B,9.8700,9.8600,9.8500,9.8400,9.8300,9.8800,9.8900,9.9000,9.9100,9.9200,30,264,490,205,288,155,632,941,357,97
SZ,002378,2017-01-03 11:21:00,9.8800,1,1976.0000,2,B,9.8700,9.8600,9.8500,9.8400,9.8300,9.8800,9.8900,9.9000,9.9100,9.9200,30,264,490,205,288,153,632,946,357,97
SZ,002378,2017-01-03 11:21:06,9.8800,1,1976.0000,2,B,9.8700,9.8600,9.8500,9.8400,9.8300,9.8800,9.8900,9.9000,9.9100,9.9200,30,264,490,205,288,151,632,946,357,87
SZ,002378,2017-01-03 11:21:18,9.8800,2,3949.0000,4,B,9.8700,9.8600,9.8500,9.8400,9.8300,9.8800,9.8900,9.9000,9.9100,9.9200,27,264,495,205,288,170,632,946,357,87
SZ,002378,2017-01-03 11:21:27,9.8800,2,10859.0000,11,B,9.8700,9.8600,9.8500,9.8400,9.8300,9.8800,9.8900,9.9000,9.9100,9.9200,18,264,495,205,288,168,632,946,357,87
SZ,002378,2017-01-03 11:21:39,9.8800,1,988.0000,1,B,9.8700,9.8600,9.8500,9.8400,9.8300,9.8800,9.8900,9.9000,9.9100,9.9200,18,264,495,205,288,167,632,946,357,87
SZ,002378,2017-01-03 11:21:42,9.8800,1,2964.0000,3,B,9.8700,9.8600,9.8500,9.8400,9.8300,9.8800,9.8900,9.9000,9.9100,9.9200,18,264,495,205,288,164,632,946,357,87
SZ,002378,2017-01-03 11:21:54,9.8800,1,1976.0000,2,B,9.8700,9.8600,9.8500,9.8400,9.8300,9.8800,9.8900,9.9000,9.9100,9.9200,18,261,495,205,288,167,632,946,357,87
SZ,002378,2017-01-03 11:22:03,9.8800,1,1976.0000,2,B,9.8700,9.8600,9.8500,9.8400,9.8300,9.8800,9.8900,9.9000,9.9100,9.9200,8,261,495,205,288,185,682,946,357,87
SZ,002378,2017-01-03 11:22:18,9.8800,1,988.0000,1,B,9.8700,9.8600,9.8500,9.8400,9.8300,9.8800,9.8900,9.9000,9.9100,9.9200,8,261,495,205,288,189,682,946,357,87
SZ,002378,2017-01-03 11:22:21,9.8700,2,7896.0000,8,S,9.8600,9.8500,9.8400,9.8300,9.8200,9.8700,9.8800,9.8900,9.9000,9.9100,261,495,205,288,115,4,189,682,946,357
SZ,002378,2017-01-03 11:22:27,9.8700,1,1974.0000,2,B,9.8600,9.8500,9.8400,9.8300,9.8200,9.8700,9.8800,9.8900,9.9000,9.9100,261,495,205,288,115,2,200,682,946,357
SZ,002378,2017-01-03 11:22:33,9.8600,1,3944.0000,4,S,9.8600,9.8500,9.8400,9.8300,9.8200,9.8700,9.8800,9.8900,9.9000,9.9100,257,495,205,288,115,2,200,682,946,357
SZ,002378,2017-01-03 11:22:42,9.8700,1,1974.0000,2,B,9.8600,9.8500,9.8400,9.8300,9.8200,9.8800,9.8900,9.9000,9.9100,9.9200,257,495,205,288,115,200,682,946,357,87
SZ,002378,2017-01-03 11:22:48,9.8800,1,988.0000,1,B,9.8600,9.8500,9.8400,9.8300,9.8200,9.8800,9.8900,9.9000,9.9100,9.9200,267,495,205,288,115,199,682,946,357,87
SZ,002378,2017-01-03 11:23:00,9.8800,1,1976.0000,2,B,9.8600,9.8500,9.8400,9.8300,9.8200,9.8800,9.8900,9.9000,9.9100,9.9200,267,495,205,288,115,197,682,946,357,87
SZ,002378,2017-01-03 11:23:09,9.8800,1,988.0000,1,B,9.8600,9.8500,9.8400,9.8300,9.8200,9.8800,9.8900,9.9000,9.9100,9.9200,267,495,205,288,115,196,682,946,357,87
SZ,002378,2017-01-03 11:23:18,9.8700,1,987.0000,1,B,9.8600,9.8500,9.8400,9.8300,9.8200,9.8700,9.8800,9.8900,9.9000,9.9100,267,495,205,288,115,4,196,682,946,357
SZ,002378,2017-01-03 11:23:45,9.8700,1,3948.0000,4,B,9.8700,9.8600,9.8500,9.8400,9.8300,9.8800,9.8900,9.9000,9.9100,9.9200,43,267,495,205,288,296,681,946,357,88
SZ,002378,2017-01-03 11:24:00,9.8700,2,18753.0000,19,S,9.8700,9.8600,9.8500,9.8400,9.8300,9.8800,9.8900,9.9000,9.9100,9.9200,38,267,495,205,288,308,681,946,357,88
SZ,002378,2017-01-03 11:24:15,9.8800,1,1976.0000,2,B,9.8700,9.8600,9.8500,9.8400,9.8300,9.8800,9.8900,9.9000,9.9100,9.9200,48,267,490,205,288,328,681,946,357,88
SZ,002378,2017-01-03 11:24:18,9.8700,1,7896.0000,8,S,9.8700,9.8600,9.8500,9.8400,9.8300,9.8800,9.8900,9.9000,9.9100,9.9200,40,267,490,205,288,328,681,946,357,88
SZ,002378,2017-01-03 11:24:27,9.8700,1,1974.0000,2,S,9.8700,9.8600,9.8500,9.8400,9.8300,9.8800,9.8900,9.9000,9.9100,9.9200,38,204,490,205,288,328,681,946,357,88
SZ,002378,2017-01-03 11:24:48,9.8700,3,19740.0000,20,S,9.8700,9.8600,9.8500,9.8400,9.8300,9.8800,9.8900,9.9000,9.9100,9.9200,18,254,490,205,288,328,681,946,357,88
SZ,002378,2017-01-03 11:25:03,9.8700,2,17766.0000,18,S,9.8600,9.8500,9.8400,9.8300,9.8200,9.8700,9.8800,9.8900,9.9000,9.9100,254,490,205,288,115,22,328,681,946,357
SZ,002378,2017-01-03 11:25:06,9.8700,2,19740.0000,20,B,9.8600,9.8500,9.8400,9.8300,9.8200,9.8700,9.8800,9.8900,9.9000,9.9100,254,490,205,288,115,2,328,681,946,357
SZ,002378,2017-01-03 11:25:30,9.8600,1,9860.0000,10,S,9.8600,9.8500,9.8400,9.8300,9.8200,9.8700,9.8800,9.8900,9.9000,9.9100,244,490,205,288,115,13,328,665,946,357
SZ,002378,2017-01-03 11:26:30,9.8700,1,1974.0000,2,B,9.8700,9.8600,9.8500,9.8400,9.8300,9.8800,9.8900,9.9000,9.9100,9.9200,198,248,490,205,288,328,665,946,357,88
SZ,002378,2017-01-03 11:27:00,9.8700,1,29610.0000,30,S,9.8700,9.8600,9.8500,9.8400,9.8300,9.8800,9.8900,9.9000,9.9100,9.9200,168,248,499,205,288,328,665,946,357,88
SZ,002378,2017-01-03 11:27:15,9.8700,1,19740.0000,20,S,9.8700,9.8600,9.8500,9.8400,9.8300,9.8800,9.8900,9.9000,9.9100,9.9200,148,248,499,205,288,358,665,946,357,88
SZ,002378,2017-01-03 11:27:30,9.8700,1,9870.0000,10,S,9.8700,9.8600,9.8500,9.8400,9.8300,9.8800,9.8900,9.9000,9.9100,9.9200,138,248,499,205,288,368,665,946,357,88
SZ,002378,2017-01-03 11:28:21,9.8700,1,987.0000,1,S,9.8700,9.8600,9.8500,9.8400,9.8300,9.8800,9.8900,9.9000,9.9100,9.9200,137,248,499,205,288,346,665,946,357,88
SZ,002378,2017-01-03 11:28:54,9.8700,1,113505.0000,115,S,9.8700,9.8600,9.8500,9.8400,9.8300,9.8800,9.8900,9.9000,9.9100,9.9200,22,248,499,205,288,346,665,946,357,88
SZ,002378,2017-01-03 11:29:42,9.8700,1,4935.0000,5,S,9.8700,9.8600,9.8500,9.8400,9.8300,9.8800,9.8900,9.9000,9.9100,9.9200,17,220,522,216,288,346,665,946,357,88
SZ,002378,2017-01-03 11:29:45,9.8700,1,1974.0000,2,S,9.8700,9.8600,9.8500,9.8400,9.8300,9.8800,9.8900,9.9000,9.9100,9.9200,30,220,522,216,288,346,665,946,357,88
SZ,002378,2017-01-03 13:00:03,9.8700,9,85900.0000,87,S,9.8700,9.8600,9.8500,9.8400,9.8300,9.8800,9.8900,9.9000,9.9100,9.9200,25,220,572,136,288,292,705,963,357,88
SZ,002378,2017-01-03 13:00:06,9.8800,9,128425.0000,130,B,9.8700,9.8600,9.8500,9.8400,9.8300,9.8800,9.8900,9.9000,9.9100,9.9200,30,235,572,136,288,177,705,963,357,88
SZ,002378,2017-01-03 13:01:42,9.8700,2,13818.0000,14,S,9.8700,9.8600,9.8500,9.8400,9.8300,9.8800,9.8900,9.9000,9.9100,9.9200,16,235,572,136,291,205,691,963,467,88
SZ,002378,2017-01-03 13:02:06,9.8800,1,988.0000,1,B,9.8700,9.8600,9.8500,9.8400,9.8300,9.8800,9.8900,9.9000,9.9100,9.9200,16,235,624,136,291,204,691,963,671,88
SZ,002378,2017-01-03 13:04:12,9.8700,3,35532.0000,36,S,9.8600,9.8500,9.8400,9.8300,9.8200,9.8700,9.8800,9.8900,9.9000,9.9100,239,624,136,291,115,45,219,711,963,671
SZ,002378,2017-01-03 13:04:36,9.8700,1,44415.0000,45,B,9.8700,9.8600,9.8500,9.8400,9.8300,9.8800,9.8900,9.9000,9.9100,9.9200,55,244,624,136,291,229,711,963,671,88
SZ,002378,2017-01-03 13:04:39,9.8700,1,2961.0000,3,S,9.8700,9.8600,9.8500,9.8400,9.8300,9.8800,9.8900,9.9000,9.9100,9.9200,52,244,624,136,291,229,711,963,671,88
SZ,002378,2017-01-03 13:05:57,9.8700,2,57246.0000,58,S,9.8600,9.8500,9.8400,9.8300,9.8200,9.8700,9.8800,9.8900,9.9000,9.9100,238,624,156,291,115,42,209,724,752,671
SZ,002378,2017-01-03 13:06:24,9.8700,2,236880.0000,240,B,9.8600,9.8500,9.8400,9.8300,9.8200,9.8700,9.8800,9.8900,9.9000,9.9100,238,624,156,291,115,13,216,724,752,671
SZ,002378,2017-01-03 13:06:54,9.8700,1,12831.0000,13,B,9.8700,9.8600,9.8500,9.8400,9.8300,9.8800,9.8900,9.9000,9.9100,9.9200,7,238,624,156,291,222,724,772,671,89
SZ,002378,2017-01-03 13:07:21,9.8800,1,988.0000,1,B,9.8700,9.8600,9.8500,9.8400,9.8300,9.8800,9.8900,9.9000,9.9100,9.9200,17,238,624,187,291,221,724,775,671,89
SZ,002378,2017-01-03 13:07:27,9.8800,4,19760.0000,20,B,9.8700,9.8600,9.8500,9.8400,9.8300,9.8800,9.8900,9.9000,9.9100,9.9200,22,238,624,187,291,201,724,775,671,89
SZ,002378,2017-01-03 13:08:03,9.8800,1,988.0000,1,B,9.8700,9.8600,9.8500,9.8400,9.8300,9.8800,9.8900,9.9000,9.9100,9.9200,16,238,611,187,291,205,804,775,671,89
SZ,002378,2017-01-03 13:08:54,9.8800,1,6916.0000,7,B,9.8700,9.8600,9.8500,9.8400,9.8300,9.8800,9.8900,9.9000,9.9100,9.9200,16,238,611,187,291,317,804,775,671,89
SZ,002378,2017-01-03 13:09:00,9.8800,1,29640.0000,30,B,9.8700,9.8600,9.8500,9.8400,9.8300,9.8800,9.8900,9.9000,9.9100,9.9200,16,238,611,187,291,287,804,775,671,89
SZ,002378,2017-01-03 13:10:06,9.8800,2,9880.0000,10,B,9.8700,9.8600,9.8500,9.8400,9.8300,9.8800,9.8900,9.9000,9.9100,9.9200,16,248,611,187,291,287,850,775,671,89
SZ,002378,2017-01-03 13:10:09,9.8700,1,4935.0000,5,S,9.8700,9.8600,9.8500,9.8400,9.8300,9.8800,9.8900,9.9000,9.9100,9.9200,11,248,611,187,291,287,850,775,671,89
SZ,002378,2017-01-03 13:10:57,9.8800,1,988.0000,1,B,9.8700,9.8600,9.8500,9.8400,9.8300,9.8800,9.8900,9.9000,9.9100,9.9200,27,248,611,169,291,286,850,776,671,89
SZ,002378,2017-01-03 13:11:06,9.8700,1,3948.0000,4,S,9.8700,9.8600,9.8500,9.8400,9.8300,9.8800,9.8900,9.9000,9.9100,9.9200,23,248,611,169,291,286,850,776,671,89
SZ,002378,2017-01-03 13:12:27,9.8700,6,29610.0000,30,S,9.8700,9.8600,9.8500,9.8400,9.8300,9.8800,9.8900,9.9000,9.9100,9.9200,3,248,671,169,291,320,1089,765,671,89
SZ,002378,2017-01-03 13:12:45,9.8700,1,2961.0000,3,S,9.8600,9.8500,9.8400,9.8300,9.8200,9.8800,9.8900,9.9000,9.9100,9.9200,248,671,169,291,115,334,1089,765,671,89
SZ,002378,2017-01-03 13:14:18,9.8700,1,49350.0000,50,S,9.8700,9.8600,9.8500,9.8400,9.8300,9.8800,9.8900,9.9000,9.9100,9.9200,50,254,671,169,291,357,1089,848,467,89
SZ,002378,2017-01-03 13:14:33,9.8700,1,12831.0000,13,S,9.8700,9.8600,9.8500,9.8400,9.8300,9.8800,9.8900,9.9000,9.9100,9.9200,137,254,671,169,291,611,1089,848,467,89
SZ,002378,2017-01-03 13:15:36,9.8700,1,3948.0000,4,S,9.8700,9.8600,9.8500,9.8400,9.8300,9.8800,9.8900,9.9000,9.9100,9.9200,183,250,671,138,291,590,1089,848,467,89
SZ,002378,2017-01-03 13:15:57,9.8700,1,1974.0000,2,S,9.8700,9.8600,9.8500,9.8400,9.8300,9.8800,9.8900,9.9000,9.9100,9.9200,181,250,671,138,291,490,1089,848,467,89
SZ,002378,2017-01-03 13:16:03,9.8700,1,6909.0000,7,S,9.8700,9.8600,9.8500,9.8400,9.8300,9.8800,9.8900,9.9000,9.9100,9.9200,174,250,671,138,291,490,1089,848,467,89
SZ,002378,2017-01-03 13:16:27,9.8700,2,49350.0000,50,S,9.8700,9.8600,9.8500,9.8400,9.8300,9.8800,9.8900,9.9000,9.9100,9.9200,124,250,671,138,291,490,1089,848,467,89
SZ,002378,2017-01-03 13:17:15,9.8700,1,49350.0000,50,S,9.8700,9.8600,9.8500,9.8400,9.8300,9.8800,9.8900,9.9000,9.9100,9.9200,84,270,675,138,291,490,1089,848,467,89
SZ,002378,2017-01-03 13:17:21,9.8800,1,988.0000,1,B,9.8700,9.8600,9.8500,9.8400,9.8300,9.8800,9.8900,9.9000,9.9100,9.9200,84,270,675,138,291,489,1089,848,467,89
SZ,002378,2017-01-03 13:17:30,9.8700,1,10857.0000,11,S,9.8700,9.8600,9.8500,9.8400,9.8300,9.8800,9.8900,9.9000,9.9100,9.9200,83,270,675,138,341,489,1089,848,467,89
SZ,002378,2017-01-03 13:17:57,9.8700,1,987.0000,1,S,9.8700,9.8600,9.8500,9.8400,9.8300,9.8800,9.8900,9.9000,9.9100,9.9200,108,270,675,168,341,489,1089,848,467,89
SZ,002378,2017-01-03 13:18:36,9.8700,1,987.0000,1,S,9.8700,9.8600,9.8500,9.8400,9.8300,9.8800,9.8900,9.9000,9.9100,9.9200,118,264,675,168,341,492,1186,845,467,89
SZ,002378,2017-01-03 13:18:54,9.8800,1,16796.0000,17,B,9.8700,9.8600,9.8500,9.8400,9.8300,9.8800,9.8900,9.9000,9.9100,9.9200,113,264,675,168,341,475,1186,845,467,89
SZ,002378,2017-01-03 13:18:57,9.8800,2,49400.0000,50,B,9.8700,9.8600,9.8500,9.8400,9.8300,9.8800,9.8900,9.9000,9.9100,9.9200,113,264,675,168,341,425,1186,845,467,89
SZ,002378,2017-01-03 13:20:54,9.8700,2,49350.0000,50,S,9.8700,9.8600,9.8500,9.8400,9.8300,9.8800,9.8900,9.9000,9.9100,9.9200,53,267,675,179,341,430,1168,845,467,89
SZ,002378,2017-01-03 13:21:12,9.8700,4,32571.0000,33,S,9.8700,9.8600,9.8500,9.8400,9.8300,9.8800,9.8900,9.9000,9.9100,9.9200,20,267,675,179,341,430,1168,842,467,89
SZ,002378,2017-01-03 13:21:30,9.8700,2,4935.0000,5,S,9.8700,9.8600,9.8500,9.8400,9.8300,9.8800,9.8900,9.9000,9.9100,9.9200,15,267,675,179,341,444,1168,842,467,89
SZ,002378,2017-01-03 13:22:39,9.8700,1,9870.0000,10,S,9.8700,9.8600,9.8500,9.8400,9.8300,9.8800,9.8900,9.9000,9.9100,9.9200,35,267,674,179,341,444,1079,847,472,108
SZ,002378,2017-01-03 13:22:57,9.8700,5,34545.0000,35,S,9.8600,9.8500,9.8400,9.8300,9.8200,9.8700,9.8800,9.8900,9.9000,9.9100,267,674,179,341,107,84,533,1079,847,472
SZ,002378,2017-01-03 13:23:09,9.8600,1,986.0000,1,S,9.8600,9.8500,9.8400,9.8300,9.8200,9.8700,9.8800,9.8900,9.9000,9.9100,266,674,179,341,107,84,541,1079,847,472
SZ,002378,2017-01-03 13:23:12,9.8700,1,2961.0000,3,B,9.8600,9.8500,9.8400,9.8300,9.8200,9.8700,9.8800,9.8900,9.9000,9.9100,266,674,179,341,107,81,541,1079,847,472
SZ,002378,2017-01-03 13:23:24,9.8700,1,27636.0000,28,B,9.8600,9.8500,9.8400,9.8300,9.8200,9.8700,9.8800,9.8900,9.9000,9.9100,266,674,179,341,107,85,441,1079,847,472
SZ,002378,2017-01-03 13:23:27,9.8700,4,75999.0000,77,B,9.8600,9.8500,9.8400,9.8300,9.8200,9.8700,9.8800,9.8900,9.9000,9.9100,266,674,179,341,107,8,441,1079,847,472
SZ,002378,2017-01-03 13:23:33,9.8600,1,9860.0000,10,S,9.8600,9.8500,9.8400,9.8300,9.8200,9.8700,9.8800,9.8900,9.9000,9.9100,256,674,179,341,107,8,441,1079,847,472
SZ,002378,2017-01-03 13:23:54,9.8700,3,51324.0000,52,B,9.8600,9.8500,9.8400,9.8300,9.8200,9.8700,9.8800,9.8900,9.9000,9.9100,256,674,179,341,131,56,438,1079,847,472
SZ,002378,2017-01-03 13:26:30,9.8700,1,49350.0000,50,B,9.8600,9.8500,9.8400,9.8300,9.8200,9.8700,9.8800,9.8900,9.9000,9.9100,299,670,179,341,131,151,433,1079,847,452
SZ,002378,2017-01-03 13:26:48,9.8700,1,3948.0000,4,B,9.8600,9.8500,9.8400,9.8300,9.8200,9.8700,9.8800,9.8900,9.9000,9.9100,299,670,179,341,131,147,433,1079,847,452
SZ,002378,2017-01-03 13:27:45,9.8600,1,2958.0000,3,S,9.8600,9.8500,9.8400,9.8300,9.8200,9.8700,9.8800,9.8900,9.9000,9.9100,296,678,179,341,131,144,433,1079,871,452
SZ,002378,2017-01-03 13:27:48,9.8700,3,19740.0000,20,B,9.8600,9.8500,9.8400,9.8300,9.8200,9.8700,9.8800,9.8900,9.9000,9.9100,296,678,179,341,131,124,433,1079,871,452
SZ,002378,2017-01-03 13:27:54,9.8600,1,4930.0000,5,S,9.8600,9.8500,9.8400,9.8300,9.8200,9.8700,9.8800,9.8900,9.9000,9.9100,291,678,179,341,131,124,433,1079,871,452
SZ,002378,2017-01-03 13:29:09,9.8700,1,3948.0000,4,B,9.8600,9.8500,9.8400,9.8300,9.8200,9.8700,9.8800,9.8900,9.9000,9.9100,338,666,179,341,131,170,433,1079,871,452
SZ,002378,2017-01-03 13:29:12,9.8700,6,167790.0000,170,B,9.8700,9.8600,9.8500,9.8400,9.8300,9.8800,9.8900,9.9000,9.9100,9.9200,465,338,666,179,341,433,1079,871,452,108
SZ,002378,2017-01-03 13:29:18,9.8700,1,28623.0000,29,S,9.8700,9.8600,9.8500,9.8400,9.8300,9.8800,9.8900,9.9000,9.9100,9.9200,436,338,666,179,341,433,1079,871,452,108
SZ,002378,2017-01-03 13:29:24,9.8700,1,19740.0000,20,S,9.8700,9.8600,9.8500,9.8400,9.8300,9.8800,9.8900,9.9000,9.9100,9.9200,416,338,666,179,341,433,1079,871,452,108
SZ,002378,2017-01-03 13:29:36,9.8800,10,111644.0000,113,B,9.8700,9.8600,9.8500,9.8400,9.8300,9.8800,9.8900,9.9000,9.9100,9.9200,454,300,769,179,341,330,1079,871,452,108
SZ,002378,2017-01-03 13:29:48,9.8700,2,31587.0000,32,S,9.8700,9.8600,9.8500,9.8400,9.8300,9.8800,9.8900,9.9000,9.9100,9.9200,425,500,769,138,341,327,1079,871,452,108
SZ,002378,2017-01-03 13:29:51,9.8800,5,108680.0000,110,B,9.8700,9.8600,9.8500,9.8400,9.8300,9.8800,9.8900,9.9000,9.9100,9.9200,425,512,769,138,341,217,1079,871,452,108
SZ,002378,2017-01-03 13:29:57,9.8800,5,37544.0000,38,B,9.8700,9.8600,9.8500,9.8400,9.8300,9.8800,9.8900,9.9000,9.9100,9.9200,425,512,769,138,341,179,1079,871,452,108
SZ,002378,2017-01-03 13:30:06,9.8800,7,178826.0000,181,B,9.8800,9.8700,9.8600,9.8500,9.8400,9.8900,9.9000,9.9100,9.9200,9.9300,125,423,492,769,138,1079,871,452,108,412
SZ,002378,2017-01-03 13:30:18,9.8800,1,43472.0000,44,S,9.8800,9.8700,9.8600,9.8500,9.8400,9.8900,9.9000,9.9100,9.9200,9.9300,81,423,492,698,138,1079,871,452,108,412
SZ,002378,2017-01-03 13:30:21,9.8900,2,19780.0000,20,B,9.8800,9.8700,9.8600,9.8500,9.8400,9.8900,9.9000,9.9100,9.9200,9.9300,81,423,492,698,138,1059,871,452,108,412
SZ,002378,2017-01-03 13:30:30,9.8900,2,4945.0000,5,B,9.8800,9.8700,9.8600,9.8500,9.8400,9.8900,9.9000,9.9100,9.9200,9.9300,8,423,492,698,138,1054,871,452,108,412
SZ,002378,2017-01-03 13:30:36,9.8800,1,7904.0000,8,S,9.8800,9.8700,9.8600,9.8500,9.8400,9.8900,9.9000,9.9100,9.9200,9.9300,1,385,492,698,138,1084,871,452,108,412
SZ,002378,2017-01-03 13:30:42,9.8900,2,100878.0000,102,B,9.8800,9.8700,9.8600,9.8500,9.8400,9.8900,9.9000,9.9100,9.9200,9.9300,58,391,492,698,138,982,871,452,108,412
SZ,002378,2017-01-03 13:31:00,9.8900,5,149339.0000,151,B,9.8800,9.8700,9.8600,9.8500,9.8400,9.8900,9.9000,9.9100,9.9200,9.9300,584,385,492,698,198,831,871,452,101,412
SZ,002378,2017-01-03 13:31:18,9.8900,2,19780.0000,20,B,9.8800,9.8700,9.8600,9.8500,9.8400,9.8900,9.9000,9.9100,9.9200,9.9300,584,385,292,698,198,819,861,432,101,412
SZ,002378,2017-01-03 13:31:39,9.8900,6,98900.0000,100,B,9.8800,9.8600,9.8500,9.8400,9.8300,9.8900,9.9000,9.9100,9.9200,9.9300,619,292,698,198,303,736,861,432,101,412
SZ,002378,2017-01-03 13:31:42,9.8900,1,9890.0000,10,B,9.8800,9.8600,9.8500,9.8400,9.8300,9.8900,9.9000,9.9100,9.9200,9.9300,669,292,698,198,303,736,861,432,101,412
SZ,002378,2017-01-03 13:31:48,9.8900,1,11868.0000,12,B,9.8800,9.8700,9.8600,9.8500,9.8400,9.8900,9.9000,9.9100,9.9200,9.9300,669,200,292,698,198,724,861,432,101,412
SZ,002378,2017-01-03 13:31:54,9.8900,8,380765.0000,385,B,9.8800,9.8700,9.8600,9.8500,9.8400,9.8900,9.9000,9.9100,9.9200,9.9300,669,200,292,698,198,339,861,432,101,412
SZ,002378,2017-01-03 13:31:57,9.8800,2,2964.0000,3,S,9.8800,9.8700,9.8600,9.8500,9.8400,9.8900,9.9000,9.9100,9.9200,9.9300,666,200,292,698,198,339,861,432,101,412
SZ,002378,2017-01-03 13:32:00,9.8900,2,29670.0000,30,B,9.8800,9.8700,9.8600,9.8500,9.8400,9.8900,9.9000,9.9100,9.9200,9.9300,666,200,292,698,198,309,861,432,101,412
SZ,002378,2017-01-03 13:32:06,9.8900,2,16814.0000,17,B,9.8800,9.8700,9.8600,9.8500,9.8400,9.8900,9.9000,9.9100,9.9200,9.9300,675,200,292,698,198,292,861,432,101,412
SZ,002378,2017-01-03 13:32:09,9.8800,2,14820.0000,15,S,9.8800,9.8700,9.8600,9.8500,9.8400,9.8900,9.9000,9.9100,9.9200,9.9300,660,200,292,698,198,292,861,432,101,412
SZ,002378,2017-01-03 13:32:21,9.8900,2,19780.0000,20,B,9.8800,9.8700,9.8600,9.8500,9.8400,9.8900,9.9000,9.9100,9.9200,9.9300,660,200,292,698,198,272,861,432,101,412
SZ,002378,2017-01-03 13:32:30,9.8900,1,100876.0000,102,B,9.8800,9.8700,9.8600,9.8500,9.8400,9.8900,9.9000,9.9100,9.9200,9.9300,662,200,292,698,198,170,861,432,101,412
SZ,002378,2017-01-03 13:32:33,9.8900,2,30660.0000,31,B,9.8800,9.8700,9.8600,9.8500,9.8400,9.8900,9.9000,9.9100,9.9200,9.9300,662,200,292,698,198,139,861,432,101,412
SZ,002378,2017-01-03 13:32:39,9.8900,1,9890.0000,10,B,9.8800,9.8700,9.8600,9.8500,9.8400,9.8900,9.9000,9.9100,9.9200,9.9300,799,200,292,698,198,129,861,432,101,412
SZ,002378,2017-01-03 13:32:42,9.8900,1,9890.0000,10,B,9.8800,9.8700,9.8600,9.8500,9.8400,9.8900,9.9000,9.9100,9.9200,9.9300,799,200,292,698,198,119,861,432,101,412
SZ,002378,2017-01-03 13:32:48,9.8900,1,9890.0000,10,B,9.8800,9.8700,9.8600,9.8500,9.8400,9.8900,9.9000,9.9100,9.9200,9.9300,799,200,292,698,198,159,861,432,101,412
SZ,002378,2017-01-03 13:32:51,9.8900,3,49450.0000,50,B,9.8800,9.8600,9.8500,9.8400,9.8300,9.8900,9.9000,9.9100,9.9200,9.9300,799,292,698,198,303,109,861,432,101,412
SZ,002378,2017-01-03 13:32:57,9.8900,5,35604.0000,36,B,9.8800,9.8600,9.8500,9.8400,9.8300,9.8900,9.9000,9.9100,9.9200,9.9300,799,292,698,198,303,73,861,432,101,412
SZ,002378,2017-01-03 13:33:06,9.8900,4,44504.0000,45,B,9.8800,9.8600,9.8500,9.8400,9.8300,9.8900,9.9000,9.9100,9.9200,9.9300,799,292,698,198,303,28,871,432,101,392
SZ,002378,2017-01-03 13:33:18,9.8900,1,2968.0000,3,B,9.8800,9.8600,9.8500,9.8400,9.8300,9.8900,9.9000,9.9100,9.9200,9.9300,790,292,698,198,303,35,871,432,101,392
SZ,002378,2017-01-03 13:33:24,9.8900,1,8900.0000,9,B,9.8800,9.8600,9.8500,9.8400,9.8300,9.8900,9.9000,9.9100,9.9200,9.9300,793,292,698,198,303,46,871,432,101,392
SZ,002378,2017-01-03 13:33:48,9.8900,1,9892.0000,10,B,9.8800,9.8600,9.8500,9.8400,9.8300,9.8900,9.9000,9.9100,9.9200,9.9300,693,292,698,198,303,52,871,432,109,392
SZ,002378,2017-01-03 13:33:54,9.8900,2,9888.0000,10,B,9.8800,9.8600,9.8500,9.8400,9.8300,9.8900,9.9000,9.9100,9.9200,9.9300,693,292,698,198,303,92,871,435,109,392
SZ,002378,2017-01-03 13:34:00,9.8900,5,49452.0000,50,B,9.8800,9.8600,9.8500,9.8400,9.8300,9.8900,9.9000,9.9100,9.9200,9.9300,693,292,698,198,303,98,871,435,109,392
SZ,002378,2017-01-03 13:34:06,9.8900,1,29668.0000,30,B,9.8800,9.8600,9.8500,9.8400,9.8300,9.8900,9.9000,9.9100,9.9200,9.9300,693,292,698,198,303,68,871,435,109,392
SZ,002378,2017-01-03 13:34:09,9.8800,4,296400.0000,300,S,9.8800,9.8600,9.8500,9.8400,9.8300,9.8900,9.9000,9.9100,9.9200,9.9300,393,292,698,198,303,68,871,435,109,392
SZ,002378,2017-01-03 13:34:18,9.8900,1,9892.0000,10,B,9.8800,9.8600,9.8500,9.8400,9.8300,9.8900,9.9000,9.9100,9.9200,9.9300,393,292,698,198,303,208,871,435,109,392
SZ,002378,2017-01-03 13:34:33,9.8800,1,1976.0000,2,S,9.8800,9.8600,9.8500,9.8400,9.8300,9.8900,9.9000,9.9100,9.9200,9.9300,455,292,698,198,303,209,871,440,109,392
SZ,002378,2017-01-03 13:35:03,9.8800,1,20748.0000,21,S,9.8800,9.8600,9.8500,9.8400,9.8300,9.8900,9.9000,9.9100,9.9200,9.9300,443,292,698,198,303,229,1084,440,109,392
SZ,002378,2017-01-03 13:35:57,9.8800,1,9880.0000,10,S,9.8800,9.8600,9.8500,9.8400,9.8300,9.8900,9.9000,9.9100,9.9200,9.9300,533,292,698,138,303,286,1084,440,109,392
SZ,002378,2017-01-03 13:36:33,9.8900,2,11868.0000,12,B,9.8800,9.8700,9.8600,9.8500,9.8400,9.8900,9.9000,9.9100,9.9200,9.9300,533,40,309,698,138,281,1084,440,109,392
SZ,002378,2017-01-03 13:37:09,9.8900,4,49448.0000,50,B,9.8800,9.8700,9.8600,9.8500,9.8400,9.8900,9.9000,9.9100,9.9200,9.9300,533,50,309,698,205,81,1086,440,109,392
SZ,002378,2017-01-03 13:37:15,9.8900,1,2968.0000,3,B,9.8800,9.8700,9.8600,9.8500,9.8400,9.8900,9.9000,9.9100,9.9200,9.9300,533,50,309,698,205,139,1086,440,109,392
SZ,002378,2017-01-03 13:38:00,9.8900,1,6924.0000,7,B,9.8800,9.8700,9.8600,9.8500,9.8400,9.8900,9.9000,9.9100,9.9200,9.9300,531,50,309,698,205,137,1092,440,94,392
SZ,002378,2017-01-03 13:38:12,9.8900,1,2966.0000,3,B,9.8800,9.8700,9.8600,9.8500,9.8400,9.8900,9.9000,9.9100,9.9200,9.9300,588,93,309,698,205,239,1093,440,94,392
SZ,002378,2017-01-03 13:38:45,9.8900,1,990.0000,1,B,9.8800,9.8700,9.8600,9.8500,9.8400,9.8900,9.9000,9.9100,9.9200,9.9300,579,93,309,698,205,349,1192,440,94,392
