市场代码,证券代码,时间,最新价,成交笔数,成交额,成交量,方向,买一价,买二价,买三价,买四价,买五价,卖一价,卖二价,卖三价,卖四价,卖五价,买一量,买二量,买三量,买四量,买五量,卖一量,卖二量,卖三量,卖四量,卖五量
SZ,002371,2017-01-03 09:25:03,26.6800,10,138736.0000,52,S,26.6800,26.6500,26.6000,26.5600,26.4500,26.7500,26.8000,26.8100,26.8500,26.8700,9,20,66,42,10,21,9,5,50,5
SZ,002371,2017-01-03 09:30:03,26.7500,11,91054.0000,34,B,26.7500,26.7000,26.6900,26.6800,26.6500,26.8100,26.8400,26.8500,26.8600,26.8700,45,6,68,43,20,4,8,55,4,144
SZ,002371,2017-01-03 09:30:24,26.7500,2,29425.0000,11,S,26.7500,26.7000,26.6900,26.6800,26.6500,26.8100,26.8400,26.8500,26.8600,26.8700,31,6,58,66,20,4,24,55,4,7
SZ,002371,2017-01-03 09:30:27,26.8500,7,206705.0000,77,B,26.7500,26.7000,26.6900,26.6800,26.6500,26.8500,26.8600,26.8700,26.8900,26.9000,31,6,58,66,20,6,4,7,33,13
SZ,002371,2017-01-03 09:30:30,26.8000,2,24120.0000,9,S,26.7500,26.7000,26.6900,26.6800,26.6500,26.8000,26.8500,26.8600,26.8700,26.8900,31,6,58,66,20,11,6,4,7,33
SZ,002371,2017-01-03 09:30:33,26.8000,1,2680.0000,1,B,26.7500,26.7000,26.6900,26.6800,26.6500,26.8000,26.8500,26.8600,26.8700,26.8900,33,6,58,66,20,10,6,4,7,33
SZ,002371,2017-01-03 09:30:36,26.7500,2,29475.0000,11,S,26.8000,26.7500,26.7000,26.6900,26.6800,26.8400,26.8500,26.8600,26.8700,26.8900,5,32,6,58,66,4,6,4,7,33
SZ,002371,2017-01-03 09:30:39,26.8100,1,5362.0000,2,B,26.8000,26.7500,26.7000,26.6900,26.6800,26.8100,26.8400,26.8500,26.8600,26.8700,8,32,6,58,66,16,4,6,4,7
SZ,002371,2017-01-03 09:30:42,26.8000,4,58997.0000,22,S,26.8000,26.7500,26.7000,26.6900,26.6800,26.8500,26.8600,26.8700,26.8900,26.9000,7,32,6,58,66,5,4,7,33,13
SZ,002371,2017-01-03 09:30:48,26.8500,2,59050.0000,22,B,26.8400,26.8100,26.8000,26.7600,26.7500,26.8500,26.8600,26.8700,26.8900,26.9000,210,17,9,4,32,3,4,7,33,13
SZ,002371,2017-01-03 09:30:57,26.8500,1,8055.0000,3,B,26.8500,26.8400,26.8100,26.8000,26.7600,26.8600,26.8700,26.8900,26.9000,26.9300,14,210,20,6,4,4,7,37,13,11
SZ,002371,2017-01-03 09:31:00,26.8600,2,10744.0000,4,B,26.8600,26.8500,26.8400,26.8100,26.8000,26.8700,26.8900,26.9000,26.9300,26.9400,3,21,210,20,6,7,37,13,11,6
SZ,002371,2017-01-03 09:31:06,26.8700,1,8061.0000,3,B,26.8600,26.8500,26.8400,26.8100,26.8000,26.8700,26.8900,26.9000,26.9300,26.9400,3,21,210,20,6,4,37,10,11,6
SZ,002371,2017-01-03 09:31:09,26.8600,4,18806.0000,7,S,26.8500,26.8400,26.8100,26.8000,26.7600,26.8600,26.8900,26.9000,26.9300,26.9400,21,210,20,6,4,1,37,10,11,6
SZ,002371,2017-01-03 09:31:15,26.8900,2,10753.0000,4,B,26.8500,26.8400,26.8100,26.8000,26.7600,26.8900,26.9000,26.9300,26.9400,26.9500,40,210,20,6,4,34,10,11,6,10
SZ,002371,2017-01-03 09:31:18,26.8600,1,53720.0000,20,S,26.8600,26.8500,26.8400,26.8100,26.8000,26.8900,26.9000,26.9300,26.9400,26.9500,13,40,210,20,6,34,10,11,6,10
SZ,002371,2017-01-03 09:31:27,26.8600,1,18802.0000,7,S,26.8600,26.8500,26.8400,26.8100,26.8000,26.8900,26.9000,26.9300,26.9400,26.9500,20,31,210,15,26,34,10,11,6,10
SZ,002371,2017-01-03 09:31:30,26.8600,1,10744.0000,4,S,26.8700,26.8600,26.8500,26.8400,26.8100,26.8900,26.9000,26.9300,26.9400,26.9500,7,17,31,210,15,34,10,11,6,10
SZ,002371,2017-01-03 09:31:36,26.8800,3,18812.0000,7,B,26.8700,26.8600,26.8500,26.8400,26.8100,26.8800,26.8900,26.9000,26.9300,26.9400,3,17,31,210,15,12,34,8,11,6
SZ,002371,2017-01-03 09:31:39,26.8700,1,8061.0000,3,S,26.8600,26.8500,26.8400,26.8100,26.8000,26.8700,26.8800,26.8900,26.9000,26.9300,17,31,210,15,26,7,12,36,8,11
SZ,002371,2017-01-03 09:31:42,26.8800,4,34929.0000,13,B,26.8600,26.8500,26.8400,26.8100,26.8000,26.8800,26.8900,26.9000,26.9300,26.9400,13,31,210,15,26,10,16,8,11,6
SZ,002371,2017-01-03 09:31:45,26.8800,2,26880.0000,10,B,26.8800,26.8600,26.8500,26.8400,26.8100,26.8900,26.9000,26.9300,26.9400,26.9500,15,13,31,210,15,16,8,11,8,10
SZ,002371,2017-01-03 09:31:48,26.8800,12,126353.0000,47,S,26.8800,26.8600,26.8500,26.8400,26.8100,26.9000,26.9300,26.9400,26.9500,26.9800,51,8,31,210,15,7,11,8,10,190
SZ,002371,2017-01-03 09:31:51,26.8800,1,107520.0000,40,S,26.8800,26.8600,26.8500,26.8400,26.8100,26.9000,26.9300,26.9400,26.9500,26.9800,11,8,31,210,15,7,11,8,10,190
SZ,002371,2017-01-03 09:31:54,26.8800,1,8064.0000,3,S,26.8800,26.8600,26.8500,26.8400,26.8100,26.8900,26.9000,26.9300,26.9400,26.9500,8,8,31,210,15,1,10,11,8,10
SZ,002371,2017-01-03 09:32:06,26.8800,1,8064.0000,3,S,26.8800,26.8600,26.8500,26.8400,26.8100,26.8900,26.9000,26.9300,26.9400,26.9500,19,8,51,210,15,1,24,12,170,20
SZ,002371,2017-01-03 09:32:09,26.8900,2,10753.0000,4,B,26.8900,26.8800,26.8600,26.8500,26.8400,26.9000,26.9300,26.9400,26.9500,26.9600,2,16,8,51,210,24,17,170,20,2
SZ,002371,2017-01-03 09:32:12,26.8800,3,48386.0000,18,S,26.8600,26.8500,26.8400,26.8100,26.8000,26.8800,26.8900,26.9000,26.9300,26.9400,8,51,210,15,26,4,5,24,17,170
SZ,002371,2017-01-03 09:32:21,26.8800,5,241920.0000,90,B,26.8600,26.8500,26.8400,26.8100,26.8000,26.8800,26.8900,26.9000,26.9300,26.9400,8,51,210,15,26,6,20,28,68,170
SZ,002371,2017-01-03 09:32:24,26.8800,1,2688.0000,1,B,26.8600,26.8500,26.8400,26.8100,26.8000,26.8800,26.8900,26.9000,26.9300,26.9400,8,51,210,15,26,9,20,28,67,170
SZ,002371,2017-01-03 09:32:33,26.8400,8,748930.0000,279,S,26.8100,26.8000,26.7600,26.7500,26.7000,26.8400,26.8600,26.8800,26.8900,26.9000,15,26,4,6,6,32,5,30,20,25
SZ,002371,2017-01-03 09:32:39,26.8400,4,21466.0000,8,B,26.8100,26.8000,26.7600,26.7500,26.7000,26.8400,26.8600,26.8800,26.8900,26.9000,13,26,4,6,6,26,17,31,20,25
SZ,002371,2017-01-03 09:32:45,26.8600,7,139530.0000,52,B,26.8400,26.8000,26.7600,26.7500,26.7000,26.8600,26.8800,26.8900,26.9000,26.9100,229,26,4,6,6,9,30,20,25,7
SZ,002371,2017-01-03 09:33:09,26.8400,3,649528.0000,242,S,26.8000,26.7600,26.7500,26.7000,26.6900,26.8400,26.8500,26.8600,26.8700,26.8800,26,4,6,6,20,58,1,14,10,30
SZ,002371,2017-01-03 09:33:15,26.8400,2,112728.0000,42,B,26.8000,26.7700,26.7600,26.7500,26.7000,26.8400,26.8500,26.8600,26.8700,26.8800,26,10,4,6,6,46,1,14,10,30
SZ,002371,2017-01-03 09:33:21,26.8400,2,10736.0000,4,B,26.8000,26.7700,26.7600,26.7500,26.7000,26.8400,26.8600,26.8700,26.8800,26.8900,26,10,4,6,6,42,14,10,30,20
SZ,002371,2017-01-03 09:33:24,26.8400,3,80487.0000,30,B,26.8100,26.8000,26.7700,26.7600,26.7500,26.8400,26.8600,26.8700,26.8800,26.8900,249,26,10,4,6,50,14,10,30,20
SZ,002371,2017-01-03 09:33:33,26.8100,1,5362.0000,2,S,26.8200,26.8100,26.8000,26.7700,26.7600,26.8400,26.8600,26.8700,26.8800,26.8900,2,247,26,10,4,65,14,10,30,40
SZ,002371,2017-01-03 09:33:36,26.8200,1,2682.0000,1,S,26.8200,26.8100,26.8000,26.7700,26.7600,26.8400,26.8600,26.8700,26.8800,26.8900,1,247,26,10,4,65,14,10,30,40
SZ,002371,2017-01-03 09:33:42,26.8400,2,75152.0000,28,B,26.8200,26.8100,26.8000,26.7700,26.7600,26.8400,26.8600,26.8700,26.8800,26.8900,1,247,26,10,4,37,14,10,30,40
SZ,002371,2017-01-03 09:33:45,26.8100,2,268101.0000,100,S,26.8100,26.8000,26.7700,26.7600,26.7500,26.8300,26.8400,26.8600,26.8700,26.8800,148,27,10,4,6,5,56,14,10,20
SZ,002371,2017-01-03 09:33:51,26.8300,1,8049.0000,3,B,26.8100,26.8000,26.7700,26.7600,26.7500,26.8300,26.8400,26.8600,26.8700,26.8800,148,27,10,4,6,2,63,14,10,20
SZ,002371,2017-01-03 09:33:54,26.8100,2,16086.0000,6,S,26.8100,26.8000,26.7700,26.7600,26.7500,26.8200,26.8300,26.8400,26.8600,26.8700,142,27,10,4,6,51,2,63,14,10
SZ,002371,2017-01-03 09:33:57,26.8200,1,13410.0000,5,B,26.8100,26.8000,26.7700,26.7600,26.7500,26.8200,26.8300,26.8400,26.8600,26.8700,142,27,10,4,6,46,2,65,14,10
SZ,002371,2017-01-03 09:34:00,26.8100,2,50939.0000,19,S,26.8100,26.8000,26.7700,26.7600,26.7500,26.8200,26.8300,26.8400,26.8600,26.8700,123,40,10,4,6,46,2,65,14,10
SZ,002371,2017-01-03 09:34:06,26.8200,1,5364.0000,2,B,26.8100,26.8000,26.7700,26.7600,26.7500,26.8200,26.8300,26.8400,26.8600,26.8700,160,40,10,4,6,45,2,65,14,10
SZ,002371,2017-01-03 09:34:09,26.8200,2,120690.0000,45,B,26.8200,26.8100,26.8000,26.7700,26.7600,26.8300,26.8400,26.8600,26.8700,26.8800,2,160,40,10,13,2,65,14,10,20
SZ,002371,2017-01-03 09:34:18,26.8100,2,107242.0000,40,S,26.8100,26.8000,26.7700,26.7600,26.7500,26.8300,26.8400,26.8600,26.8700,26.8800,122,45,10,13,6,7,65,14,10,9
SZ,002371,2017-01-03 09:34:24,26.8100,1,13405.0000,5,S,26.8100,26.8000,26.7700,26.7600,26.7500,26.8200,26.8300,26.8400,26.8600,26.8700,117,45,10,13,6,5,8,65,14,10
SZ,002371,2017-01-03 09:34:30,26.8100,2,34853.0000,13,S,26.8100,26.8000,26.7700,26.7600,26.7500,26.8200,26.8300,26.8400,26.8600,26.8700,104,45,10,13,6,5,8,69,14,10
SZ,002371,2017-01-03 09:34:33,26.8100,1,13405.0000,5,S,26.8100,26.8000,26.7700,26.7600,26.7500,26.8200,26.8300,26.8400,26.8600,26.8700,99,45,10,13,6,5,8,69,14,10
SZ,002371,2017-01-03 09:34:36,26.8300,7,59003.0000,22,B,26.8300,26.8100,26.8000,26.7700,26.7600,26.8400,26.8600,26.8700,26.8800,26.8900,7,90,45,10,13,69,14,10,9,183
SZ,002371,2017-01-03 09:34:42,26.8300,1,2683.0000,1,S,26.8300,26.8100,26.8000,26.7700,26.7600,26.8400,26.8600,26.8700,26.8800,26.8900,6,95,45,10,13,69,14,10,9,183
SZ,002371,2017-01-03 09:34:45,26.8100,6,273475.0000,102,S,26.8000,26.7700,26.7600,26.7500,26.7000,26.8100,26.8400,26.8600,26.8700,26.8800,45,10,13,4,6,6,69,14,10,11
SZ,002371,2017-01-03 09:34:57,26.8000,2,16080.0000,6,S,26.8000,26.7700,26.7600,26.7500,26.7000,26.8100,26.8300,26.8400,26.8600,26.8700,39,10,13,4,6,8,25,69,14,10
SZ,002371,2017-01-03 09:35:00,26.8000,1,5360.0000,2,S,26.8000,26.7700,26.7600,26.7500,26.7000,26.8100,26.8300,26.8400,26.8600,26.8700,37,10,13,4,6,8,25,69,14,10
SZ,002371,2017-01-03 09:35:03,26.8000,5,99160.0000,37,S,26.7700,26.7600,26.7500,26.7000,26.6900,26.8000,26.8100,26.8300,26.8400,26.8600,10,13,4,6,20,13,8,25,67,14
SZ,002371,2017-01-03 09:35:15,26.8000,2,61640.0000,23,B,26.8000,26.7700,26.7600,26.7500,26.7000,26.8100,26.8300,26.8400,26.8600,26.8700,19,10,13,4,9,8,15,67,14,10
SZ,002371,2017-01-03 09:35:21,26.8000,1,5360.0000,2,S,26.8000,26.7700,26.7600,26.7500,26.7000,26.8100,26.8300,26.8400,26.8600,26.8700,18,10,13,4,9,8,15,67,14,10
SZ,002371,2017-01-03 09:35:24,26.8100,3,48248.0000,18,B,26.8100,26.8000,26.7700,26.7600,26.7500,26.8200,26.8300,26.8400,26.8600,26.8700,252,8,10,13,4,1,15,67,14,10
SZ,002371,2017-01-03 09:35:27,26.8100,4,99199.0000,37,S,26.8100,26.8000,26.7700,26.7600,26.7500,26.8300,26.8400,26.8600,26.8700,26.8800,217,8,10,13,4,16,67,14,10,11
SZ,002371,2017-01-03 09:35:33,26.8100,2,42896.0000,16,S,26.8100,26.8000,26.7700,26.7600,26.7500,26.8300,26.8400,26.8600,26.8700,26.8800,201,8,10,13,4,16,67,14,10,11
SZ,002371,2017-01-03 09:35:36,26.8100,1,26810.0000,10,S,26.8100,26.8000,26.7700,26.7600,26.7500,26.8300,26.8400,26.8600,26.8700,26.8800,211,8,10,13,4,16,67,14,10,11
SZ,002371,2017-01-03 09:35:42,26.8300,2,34879.0000,13,B,26.8100,26.8000,26.7700,26.7600,26.7500,26.8300,26.8400,26.8600,26.8700,26.8800,211,8,10,13,4,6,67,14,10,11
SZ,002371,2017-01-03 09:35:48,26.8100,1,42896.0000,16,S,26.8100,26.8000,26.7700,26.7600,26.7500,26.8300,26.8400,26.8600,26.8700,26.8800,195,8,10,13,4,6,67,14,10,11
SZ,002371,2017-01-03 09:36:00,26.8300,4,24147.0000,9,B,26.8300,26.8200,26.8100,26.8000,26.7700,26.8400,26.8600,26.8700,26.8800,26.8900,4,3,182,8,10,65,14,10,11,163
SZ,002371,2017-01-03 09:36:09,26.8300,1,10732.0000,4,S,26.8200,26.8100,26.8000,26.7700,26.7600,26.8300,26.8400,26.8600,26.8700,26.8800,3,182,8,10,13,65,65,14,10,11
SZ,002371,2017-01-03 09:36:33,26.8200,3,16094.0000,6,S,26.8100,26.8000,26.7700,26.7600,26.7500,26.8200,26.8300,26.8400,26.8600,26.8700,182,8,10,13,4,18,64,65,14,10
SZ,002371,2017-01-03 09:36:39,26.8200,1,5364.0000,2,B,26.8100,26.8000,26.7700,26.7600,26.7500,26.8200,26.8300,26.8400,26.8600,26.8700,182,8,10,13,1,48,64,65,14,10
SZ,002371,2017-01-03 09:36:45,26.8100,2,29491.0000,11,S,26.8100,26.8000,26.7700,26.7600,26.7500,26.8200,26.8300,26.8400,26.8600,26.8700,171,8,10,13,1,48,64,65,14,10
SZ,002371,2017-01-03 09:36:51,26.8100,1,321720.0000,120,S,26.8100,26.8000,26.7700,26.7600,26.7500,26.8200,26.8300,26.8400,26.8600,26.8700,51,8,10,13,1,53,64,65,14,10
SZ,002371,2017-01-03 09:36:54,26.8100,4,136731.0000,51,S,26.8000,26.7700,26.7600,26.7500,26.7100,26.8100,26.8200,26.8300,26.8400,26.8600,8,10,13,1,4,155,54,64,65,14
SZ,002371,2017-01-03 09:37:06,26.8100,1,8043.0000,3,B,26.8000,26.7700,26.7600,26.7500,26.7100,26.8100,26.8200,26.8300,26.8400,26.8600,8,10,13,1,4,152,54,64,60,14
SZ,002371,2017-01-03 09:37:09,26.8000,2,21440.0000,8,S,26.7700,26.7600,26.7500,26.7100,26.7000,26.8000,26.8100,26.8200,26.8300,26.8400,10,13,1,4,9,22,152,54,64,60
SZ,002371,2017-01-03 09:37:24,26.7700,2,21419.0000,8,S,26.7700,26.7600,26.7500,26.7100,26.7000,26.8000,26.8100,26.8200,26.8300,26.8400,603,13,1,4,9,30,5,54,64,60
SZ,002371,2017-01-03 09:37:30,26.7700,2,80310.0000,30,S,26.7700,26.7600,26.7500,26.7100,26.7000,26.8000,26.8100,26.8200,26.8300,26.8400,573,13,1,4,9,43,5,54,64,60
SZ,002371,2017-01-03 09:37:33,26.7700,1,24093.0000,9,S,26.7700,26.7600,26.7500,26.7100,26.7000,26.8000,26.8100,26.8200,26.8300,26.8400,564,13,1,4,9,43,5,54,64,60
SZ,002371,2017-01-03 09:37:36,26.8000,1,10720.0000,4,B,26.7700,26.7600,26.7500,26.7100,26.7000,26.8000,26.8100,26.8200,26.8300,26.8400,564,13,1,4,9,39,5,52,64,60
SZ,002371,2017-01-03 09:38:15,26.7700,1,16062.0000,6,S,26.7700,26.7600,26.7500,26.7100,26.7000,26.8000,26.8200,26.8300,26.8400,26.8600,558,13,2,4,9,66,171,64,60,14
SZ,002371,2017-01-03 09:38:18,26.7700,1,34801.0000,13,S,26.7700,26.7600,26.7500,26.7100,26.7000,26.8000,26.8200,26.8300,26.8400,26.8600,545,13,2,4,9,66,171,64,60,14
SZ,002371,2017-01-03 09:38:48,26.7800,1,2678.0000,1,S,26.7800,26.7700,26.7600,26.7500,26.7100,26.8000,26.8100,26.8200,26.8300,26.8400,23,545,13,51,4,192,30,33,64,60
SZ,002371,2017-01-03 09:38:57,26.8000,1,10720.0000,4,B,26.7800,26.7700,26.7600,26.7500,26.7100,26.8000,26.8200,26.8300,26.8400,26.8600,23,545,13,51,4,188,33,64,60,14
SZ,002371,2017-01-03 09:39:00,26.8000,1,26800.0000,10,B,26.7800,26.7700,26.7600,26.7500,26.7100,26.8000,26.8200,26.8300,26.8400,26.8600,62,545,13,51,4,178,33,64,60,14
SZ,002371,2017-01-03 09:39:06,26.8000,2,10718.0000,4,B,26.7800,26.7700,26.7600,26.7500,26.7100,26.8000,26.8100,26.8200,26.8300,26.8400,62,545,43,51,4,176,4,33,1,60
SZ,002371,2017-01-03 09:39:09,26.8000,7,134000.0000,50,B,26.7800,26.7700,26.7600,26.7500,26.7100,26.8000,26.8100,26.8200,26.8300,26.8400,62,545,43,51,4,126,4,33,1,60
SZ,002371,2017-01-03 09:39:12,26.8000,1,10720.0000,4,B,26.7800,26.7700,26.7600,26.7500,26.7100,26.8000,26.8100,26.8200,26.8300,26.8400,62,545,43,51,4,122,4,33,1,60
SZ,002371,2017-01-03 09:39:15,26.7800,2,80340.0000,30,S,26.7800,26.7700,26.7600,26.7500,26.7100,26.7900,26.8000,26.8100,26.8200,26.8300,32,545,43,51,4,63,122,4,33,1
SZ,002371,2017-01-03 09:39:18,26.8000,3,211657.0000,79,B,26.7800,26.7700,26.7600,26.7500,26.7100,26.7900,26.8000,26.8100,26.8200,26.8300,32,545,43,51,4,8,106,4,33,1
SZ,002371,2017-01-03 09:39:21,26.7900,1,2679.0000,1,B,26.7800,26.7700,26.7600,26.7500,26.7100,26.7900,26.8000,26.8100,26.8200,26.8300,32,545,43,51,4,11,106,4,33,1
SZ,002371,2017-01-03 09:39:24,26.7900,1,2679.0000,1,B,26.7800,26.7700,26.7600,26.7500,26.7100,26.7900,26.8000,26.8100,26.8200,26.8300,32,560,43,51,4,12,106,4,33,1
SZ,002371,2017-01-03 09:39:30,26.7800,2,16072.0000,6,S,26.7800,26.7700,26.7600,26.7500,26.7100,26.7900,26.8000,26.8100,26.8200,26.8300,30,560,43,51,4,8,107,4,33,1
SZ,002371,2017-01-03 09:39:36,26.8000,4,29472.0000,11,B,26.7900,26.7800,26.7700,26.7600,26.7500,26.8000,26.8100,26.8200,26.8300,26.8400,2,30,560,43,51,109,4,33,1,60
SZ,002371,2017-01-03 09:39:42,26.7800,2,16070.0000,6,S,26.7800,26.7700,26.7600,26.7500,26.7100,26.8000,26.8100,26.8200,26.8300,26.8400,26,560,43,51,4,109,4,33,1,60
SZ,002371,2017-01-03 09:39:51,26.8000,2,18750.0000,7,B,26.7800,26.7700,26.7600,26.7500,26.7100,26.8000,26.8100,26.8200,26.8300,26.8400,21,560,43,51,4,108,4,33,1,60
SZ,002371,2017-01-03 09:39:57,26.8000,5,356364.0000,133,B,26.7700,26.7600,26.7500,26.7100,26.7000,26.8000,26.8100,26.8200,26.8300,26.8400,560,43,51,4,9,13,4,33,1,60
SZ,002371,2017-01-03 09:40:00,26.7700,1,10708.0000,4,S,26.7700,26.7600,26.7500,26.7100,26.7000,26.8000,26.8100,26.8200,26.8300,26.8400,556,43,51,4,9,19,4,33,1,60
SZ,002371,2017-01-03 09:40:15,26.8000,1,5360.0000,2,B,26.7800,26.7700,26.7600,26.7500,26.7100,26.8000,26.8100,26.8200,26.8300,26.8400,18,558,43,51,4,17,4,33,1,60
SZ,002371,2017-01-03 09:40:18,26.8000,7,99160.0000,37,B,26.8000,26.7800,26.7700,26.7600,26.7500,26.8100,26.8200,26.8300,26.8400,26.8600,8,18,558,43,51,4,33,1,60,14
SZ,002371,2017-01-03 09:40:21,26.8000,1,21440.0000,8,S,26.7800,26.7700,26.7600,26.7500,26.7100,26.8000,26.8100,26.8200,26.8300,26.8400,18,558,43,51,4,6,4,33,1,60
SZ,002371,2017-01-03 09:40:33,26.8000,1,5360.0000,2,B,26.7800,26.7700,26.7600,26.7500,26.7100,26.8000,26.8100,26.8200,26.8300,26.8400,18,558,43,51,4,4,4,33,1,60
SZ,002371,2017-01-03 09:40:42,26.8000,2,16080.0000,6,B,26.8000,26.7800,26.7700,26.7600,26.7500,26.8100,26.8200,26.8300,26.8400,26.8600,50,18,558,43,51,4,33,1,60,14
SZ,002371,2017-01-03 09:40:48,26.8000,1,2680.0000,1,S,26.8000,26.7800,26.7700,26.7600,26.7500,26.8100,26.8200,26.8300,26.8400,26.8600,78,18,558,43,51,4,33,1,60,14
SZ,002371,2017-01-03 09:40:57,26.8100,5,1349419.0000,504,B,26.8100,26.7700,26.7600,26.7500,26.7100,26.8200,26.8300,26.8400,26.8600,26.8700,2,135,43,51,4,38,1,60,14,10
SZ,002371,2017-01-03 09:41:03,26.8100,1,2681.0000,1,S,26.8100,26.7700,26.7600,26.7500,26.7100,26.8200,26.8300,26.8400,26.8600,26.8700,40,135,43,51,4,38,1,60,14,10
SZ,002371,2017-01-03 09:41:06,26.8200,1,50958.0000,19,B,26.8100,26.7700,26.7600,26.7500,26.7100,26.8200,26.8300,26.8400,26.8600,26.8700,45,135,43,51,4,19,1,60,14,10
SZ,002371,2017-01-03 09:41:12,26.8100,3,10724.0000,4,S,26.8100,26.8000,26.7700,26.7600,26.7500,26.8200,26.8300,26.8400,26.8600,26.8700,41,10,135,43,51,19,1,60,14,10
SZ,002371,2017-01-03 09:41:15,26.8200,6,40230.0000,15,B,26.8100,26.8000,26.7700,26.7600,26.7500,26.8200,26.8300,26.8400,26.8600,26.8700,41,10,135,43,51,4,1,60,14,10
SZ,002371,2017-01-03 09:41:18,26.8200,2,16092.0000,6,B,26.8200,26.8100,26.8000,26.7700,26.7600,26.8300,26.8400,26.8600,26.8700,26.8800,3,41,58,135,43,1,61,14,10,5
SZ,002371,2017-01-03 09:41:24,26.8400,5,93870.0000,35,B,26.8100,26.8000,26.7700,26.7600,26.7500,26.8400,26.8600,26.8700,26.8800,26.8900,30,58,135,43,51,39,14,10,5,17
SZ,002371,2017-01-03 09:41:39,26.8400,2,10736.0000,4,B,26.8200,26.8100,26.8000,26.7700,26.7600,26.8400,26.8600,26.8700,26.8800,26.8900,28,40,58,135,43,35,5,10,5,17
SZ,002371,2017-01-03 09:41:45,26.8400,3,26840.0000,10,B,26.8200,26.8100,26.8000,26.7700,26.7600,26.8400,26.8600,26.8700,26.8800,26.8900,28,40,58,135,43,25,5,10,7,17
SZ,002371,2017-01-03 09:41:48,26.8400,2,53680.0000,20,B,26.8200,26.8100,26.8000,26.7700,26.7600,26.8400,26.8600,26.8700,26.8800,26.8900,28,40,58,135,43,5,5,10,7,17
SZ,002371,2017-01-03 09:41:54,26.8400,1,5368.0000,2,B,26.8200,26.8100,26.8000,26.7700,26.7600,26.8400,26.8600,26.8700,26.8800,26.8900,28,40,10,135,43,5,5,10,7,17
SZ,002371,2017-01-03 09:41:57,26.8600,4,16106.0000,6,B,26.8200,26.8100,26.8000,26.7700,26.7600,26.8600,26.8700,26.8800,26.8900,26.9000,28,40,10,135,43,4,10,7,17,85
SZ,002371,2017-01-03 09:42:06,26.8700,2,16118.0000,6,B,26.8400,26.8200,26.8100,26.8000,26.7700,26.8700,26.8800,26.8900,26.9000,26.9200,13,28,40,10,135,8,7,17,85,1
SZ,002371,2017-01-03 09:42:24,26.8700,1,2687.0000,1,B,26.8600,26.8400,26.8200,26.8100,26.7700,26.8700,26.8800,26.8900,26.9000,26.9200,1,82,28,40,135,7,7,17,85,1
SZ,002371,2017-01-03 09:42:33,26.8700,3,32244.0000,12,B,26.8600,26.8400,26.8200,26.8100,26.7700,26.8700,26.8800,26.8900,26.9000,26.9200,1,82,28,20,135,15,12,17,85,1
SZ,002371,2017-01-03 09:42:36,26.8600,1,2686.0000,1,S,26.8400,26.8200,26.8100,26.7700,26.7600,26.8600,26.8700,26.8800,26.8900,26.9000,82,28,20,135,43,49,15,12,17,85
SZ,002371,2017-01-03 09:42:39,26.8600,1,13430.0000,5,B,26.8400,26.8200,26.8100,26.7700,26.7600,26.8600,26.8700,26.8800,26.8900,26.9000,82,28,20,135,43,44,15,12,17,85
SZ,002371,2017-01-03 09:42:42,26.8600,1,2686.0000,1,B,26.8500,26.8400,26.8200,26.8100,26.7700,26.8600,26.8700,26.8800,26.8900,26.9000,47,82,28,20,135,43,15,12,17,85
SZ,002371,2017-01-03 09:42:48,26.8500,3,93980.0000,35,S,26.8500,26.8400,26.8200,26.8100,26.7700,26.8600,26.8700,26.8800,26.8900,26.9000,17,82,28,20,135,38,15,12,17,85
SZ,002371,2017-01-03 09:42:54,26.8600,1,5372.0000,2,B,26.8500,26.8400,26.8200,26.8100,26.7700,26.8600,26.8700,26.8800,26.8900,26.9000,17,82,28,20,135,36,15,12,17,85
SZ,002371,2017-01-03 09:42:57,26.8500,1,13425.0000,5,S,26.8500,26.8400,26.8200,26.8100,26.7700,26.8600,26.8700,26.8800,26.8900,26.9000,12,82,28,20,135,36,15,12,17,85
SZ,002371,2017-01-03 09:43:00,26.8600,2,72522.0000,27,B,26.8500,26.8400,26.8200,26.8100,26.7700,26.8600,26.8700,26.8800,26.8900,26.9000,12,82,28,20,135,9,15,12,17,85
SZ,002371,2017-01-03 09:43:06,26.8500,1,32220.0000,12,S,26.8400,26.8200,26.8100,26.7700,26.7600,26.8500,26.8600,26.8700,26.8800,26.8900,82,28,20,135,43,18,9,15,12,17
SZ,002371,2017-01-03 09:43:09,26.8500,1,48330.0000,18,B,26.8500,26.8400,26.8200,26.8100,26.7700,26.8600,26.8700,26.8800,26.8900,26.9000,3,82,28,20,135,9,15,12,17,92
SZ,002371,2017-01-03 09:43:15,26.8500,1,5370.0000,2,S,26.8500,26.8400,26.8200,26.8100,26.8000,26.8600,26.8700,26.8800,26.8900,26.9000,5,32,28,20,1,31,15,12,17,92
SZ,002371,2017-01-03 09:43:18,26.8500,3,13425.0000,5,S,26.8400,26.8200,26.8100,26.8000,26.7700,26.8500,26.8600,26.8700,26.8800,26.8900,32,28,20,1,135,37,36,15,12,17
SZ,002371,2017-01-03 09:43:24,26.8500,1,34905.0000,13,B,26.8400,26.8200,26.8100,26.8000,26.7700,26.8500,26.8600,26.8700,26.8800,26.8900,32,28,20,1,135,29,36,15,12,17
SZ,002371,2017-01-03 09:43:30,26.8400,2,10736.0000,4,S,26.8400,26.8200,26.8100,26.8000,26.7700,26.8500,26.8600,26.8700,26.8800,26.8900,28,28,20,1,135,59,36,15,12,17
SZ,002371,2017-01-03 09:43:33,26.8400,2,26842.0000,10,S,26.8400,26.8200,26.8100,26.8000,26.7700,26.8500,26.8600,26.8700,26.8800,26.8900,20,28,20,1,135,57,36,15,12,17
SZ,002371,2017-01-03 09:43:39,26.8400,3,69784.0000,26,S,26.8200,26.8100,26.8000,26.7700,26.7600,26.8400,26.8500,26.8600,26.8700,26.8800,28,20,1,135,44,86,57,36,15,12
SZ,002371,2017-01-03 09:43:51,26.8200,1,13410.0000,5,S,26.8200,26.8100,26.8000,26.7700,26.7600,26.8400,26.8500,26.8600,26.8700,26.8800,23,20,1,135,44,13,57,11,15,12
SZ,002371,2017-01-03 09:43:54,26.8400,1,2684.0000,1,B,26.8200,26.8100,26.8000,26.7700,26.7600,26.8400,26.8500,26.8600,26.8700,26.8800,23,20,1,135,44,12,57,11,15,12
SZ,002371,2017-01-03 09:44:00,26.8200,1,13410.0000,5,S,26.8200,26.8100,26.8000,26.7700,26.7600,26.8400,26.8500,26.8600,26.8800,26.8900,18,20,1,135,44,12,57,11,12,17
SZ,002371,2017-01-03 09:44:03,26.8400,1,8052.0000,3,B,26.8200,26.8100,26.8000,26.7700,26.7600,26.8400,26.8500,26.8600,26.8800,26.8900,18,20,1,135,44,9,57,11,12,17
SZ,002371,2017-01-03 09:44:12,26.8200,2,50959.0000,19,S,26.8100,26.8000,26.7700,26.7600,26.7500,26.8200,26.8400,26.8500,26.8600,26.8800,20,1,135,44,51,31,9,57,11,12
SZ,002371,2017-01-03 09:44:18,26.8200,1,10728.0000,4,B,26.8100,26.8000,26.7700,26.7600,26.7500,26.8200,26.8300,26.8400,26.8500,26.8600,20,1,135,44,51,27,75,30,57,11
SZ,002371,2017-01-03 09:44:24,26.8100,2,5362.0000,2,S,26.8100,26.8000,26.7700,26.7600,26.7500,26.8200,26.8300,26.8400,26.8500,26.8600,18,1,135,14,51,27,75,30,57,11
SZ,002371,2017-01-03 09:44:36,26.8200,2,42912.0000,16,B,26.8100,26.8000,26.7700,26.7600,26.7500,26.8200,26.8300,26.8400,26.8500,26.8600,278,1,133,14,51,11,75,30,57,11
SZ,002371,2017-01-03 09:44:45,26.8200,1,5364.0000,2,B,26.8100,26.8000,26.7700,26.7600,26.7500,26.8200,26.8300,26.8400,26.8500,26.8600,278,1,133,14,51,29,75,30,57,11
SZ,002371,2017-01-03 09:44:48,26.8200,2,26820.0000,10,B,26.8100,26.8000,26.7700,26.7600,26.7500,26.8200,26.8300,26.8400,26.8500,26.8600,278,1,133,14,51,19,75,30,57,11
SZ,002371,2017-01-03 09:44:51,26.8200,1,2682.0000,1,B,26.8100,26.8000,26.7700,26.7600,26.7500,26.8200,26.8300,26.8400,26.8500,26.8600,278,1,133,14,51,18,75,30,57,11
SZ,002371,2017-01-03 09:44:57,26.8200,2,5363.0000,2,B,26.8100,26.8000,26.7700,26.7600,26.7500,26.8200,26.8300,26.8400,26.8500,26.8600,287,1,133,14,51,17,75,10,57,11
SZ,002371,2017-01-03 09:45:09,26.8300,3,268263.0000,100,B,26.8100,26.8000,26.7700,26.7600,26.7500,26.8300,26.8400,26.8500,26.8600,26.8800,277,21,134,14,51,12,10,57,11,7
SZ,002371,2017-01-03 09:45:12,26.8200,1,13410.0000,5,S,26.8200,26.8100,26.8000,26.7700,26.7600,26.8300,26.8400,26.8500,26.8600,26.8800,11,277,21,134,14,12,10,57,11,7
SZ,002371,2017-01-03 09:45:27,26.8300,1,16098.0000,6,B,26.8200,26.8100,26.8000,26.7700,26.7600,26.8300,26.8400,26.8500,26.8600,26.8800,31,277,21,119,14,26,10,57,11,7
SZ,002371,2017-01-03 09:45:39,26.8200,2,16097.0000,6,S,26.8200,26.8100,26.8000,26.7700,26.7600,26.8300,26.8400,26.8500,26.8600,26.8800,19,277,23,119,14,21,10,57,11,7
SZ,002371,2017-01-03 09:45:45,26.8300,3,26830.0000,10,B,26.8200,26.8100,26.8000,26.7700,26.7600,26.8300,26.8400,26.8500,26.8600,26.8800,19,277,23,119,14,72,10,57,11,7
SZ,002371,2017-01-03 09:45:48,26.8300,4,59025.0000,22,B,26.8200,26.8100,26.8000,26.7700,26.7600,26.8300,26.8400,26.8500,26.8600,26.8800,18,277,23,119,14,51,10,57,11,7
SZ,002371,2017-01-03 09:46:00,26.8300,1,26830.0000,10,B,26.8200,26.8100,26.8000,26.7700,26.7600,26.8300,26.8400,26.8500,26.8600,26.8800,19,277,23,119,14,41,10,57,11,7
SZ,002371,2017-01-03 09:46:06,26.8300,1,10732.0000,4,B,26.8200,26.8100,26.8000,26.7700,26.7600,26.8300,26.8400,26.8500,26.8600,26.8800,33,277,23,119,14,37,10,57,11,7
SZ,002371,2017-01-03 09:46:09,26.8300,1,16098.0000,6,B,26.8200,26.8100,26.8000,26.7700,26.7600,26.8300,26.8400,26.8500,26.8600,26.8800,33,277,23,119,14,31,10,57,11,7
SZ,002371,2017-01-03 09:46:21,26.8300,2,40245.0000,15,B,26.8200,26.8100,26.8000,26.7700,26.7600,26.8300,26.8400,26.8500,26.8600,26.8800,44,267,23,119,14,20,10,57,11,7
SZ,002371,2017-01-03 09:46:24,26.8300,1,8049.0000,3,B,26.8200,26.8100,26.8000,26.7700,26.7600,26.8300,26.8400,26.8500,26.8600,26.8800,44,267,23,119,14,17,10,35,11,7
SZ,002371,2017-01-03 09:46:30,26.8300,3,29503.0000,11,B,26.8200,26.8100,26.8000,26.7700,26.7600,26.8300,26.8400,26.8500,26.8600,26.8800,34,267,23,119,14,23,10,35,11,7
SZ,002371,2017-01-03 09:46:42,26.8300,4,61709.0000,23,B,26.8300,26.8200,26.8100,26.8000,26.7700,26.8400,26.8500,26.8600,26.8800,26.8900,12,35,267,23,132,3,15,11,7,17
SZ,002371,2017-01-03 09:46:45,26.8400,3,8052.0000,3,B,26.8300,26.8200,26.8100,26.8000,26.7700,26.8500,26.8600,26.8800,26.8900,26.9000,12,35,267,23,132,15,11,7,17,77
SZ,002371,2017-01-03 09:46:48,26.8500,3,40275.0000,15,B,26.8300,26.8200,26.8100,26.8000,26.7700,26.8600,26.8800,26.8900,26.9000,26.9200,12,35,267,23,132,11,7,17,77,1
SZ,002371,2017-01-03 09:46:51,26.8600,1,5372.0000,2,B,26.8300,26.8200,26.8100,26.8000,26.7700,26.8500,26.8600,26.8800,26.8900,26.9000,12,35,267,23,132,20,9,7,17,77
SZ,002371,2017-01-03 09:47:03,26.8600,3,77874.0000,29,B,26.8600,26.8500,26.8400,26.8300,26.8200,26.8800,26.8900,26.9000,26.9200,26.9300,18,78,5,21,36,7,17,77,1,27
SZ,002371,2017-01-03 09:47:09,26.8600,1,5372.0000,2,S,26.8600,26.8500,26.8400,26.8300,26.8200,26.8800,26.8900,26.9000,26.9200,26.9300,16,80,5,21,36,7,17,77,1,27
SZ,002371,2017-01-03 09:47:21,26.8600,1,21488.0000,8,S,26.8600,26.8500,26.8400,26.8300,26.8200,26.8800,26.8900,26.9000,26.9200,26.9300,8,82,5,21,36,7,17,78,1,27
SZ,002371,2017-01-03 09:47:30,26.8800,4,24192.0000,9,B,26.8800,26.8600,26.8500,26.8400,26.8300,26.8900,26.9000,26.9200,26.9300,26.9400,2,8,82,5,21,17,78,1,27,2
SZ,002371,2017-01-03 09:47:33,26.8600,3,80624.0000,30,S,26.8600,26.8500,26.8400,26.8300,26.8200,26.8900,26.9000,26.9200,26.9300,26.9400,5,82,5,21,36,17,78,1,27,2
SZ,002371,2017-01-03 09:47:36,26.8900,1,13445.0000,5,B,26.8600,26.8500,26.8400,26.8300,26.8200,26.8900,26.9000,26.9200,26.9300,26.9400,5,82,5,21,46,12,78,1,27,2
SZ,002371,2017-01-03 09:47:42,26.8900,4,32268.0000,12,B,26.8900,26.8600,26.8500,26.8400,26.8300,26.9000,26.9200,26.9300,26.9400,26.9500,7,5,81,5,21,78,1,27,2,10
SZ,002371,2017-01-03 09:47:48,26.9000,9,121050.0000,45,B,26.9000,26.8900,26.8600,26.8500,26.8400,26.9200,26.9300,26.9400,26.9500,26.9600,55,17,5,81,5,1,27,2,10,5
SZ,002371,2017-01-03 09:47:57,26.9200,1,2692.0000,1,B,26.9000,26.8900,26.8600,26.8500,26.8400,26.9300,26.9400,26.9500,26.9700,26.9800,75,29,5,53,5,27,2,10,1,62
SZ,002371,2017-01-03 09:48:03,26.9000,2,24210.0000,9,S,26.9000,26.8900,26.8600,26.8500,26.8400,26.9200,26.9300,26.9400,26.9500,26.9600,70,29,5,53,5,5,27,2,10,4
SZ,002371,2017-01-03 09:48:15,26.9200,2,26920.0000,10,B,26.9200,26.9100,26.9000,26.8900,26.8600,26.9300,26.9400,26.9500,26.9600,26.9700,53,2,96,27,5,27,2,10,4,1
SZ,002371,2017-01-03 09:48:21,26.9300,1,26930.0000,10,B,26.9200,26.9100,26.9000,26.8900,26.8600,26.9300,26.9400,26.9500,26.9600,26.9700,54,2,70,27,5,17,2,10,4,1
SZ,002371,2017-01-03 09:48:24,26.9200,1,8076.0000,3,S,26.9200,26.9100,26.9000,26.8900,26.8600,26.9300,26.9400,26.9500,26.9600,26.9700,23,2,24,27,5,17,2,10,14,1
SZ,002371,2017-01-03 09:48:27,26.9300,2,5386.0000,2,B,26.9200,26.9100,26.9000,26.8900,26.8600,26.9300,26.9400,26.9500,26.9600,26.9700,23,3,24,27,5,15,2,10,14,1
SZ,002371,2017-01-03 09:48:30,26.9200,1,26920.0000,10,S,26.9200,26.9100,26.9000,26.8900,26.8600,26.9300,26.9400,26.9500,26.9600,26.9700,13,3,24,27,5,20,2,10,14,1
SZ,002371,2017-01-03 09:48:36,26.9200,8,107718.0000,40,S,26.9300,26.9200,26.9100,26.9000,26.8900,26.9400,26.9500,26.9600,26.9700,26.9800,18,11,3,24,27,2,10,14,1,65
SZ,002371,2017-01-03 09:48:39,26.9300,2,10772.0000,4,S,26.9300,26.9200,26.9100,26.9000,26.8900,26.9400,26.9500,26.9600,26.9700,26.9800,30,11,3,34,27,2,10,14,1,65
SZ,002371,2017-01-03 09:48:54,26.9400,1,5388.0000,2,B,26.9400,26.9300,26.9200,26.9100,26.9000,26.9500,26.9600,26.9700,26.9800,26.9900,5,31,11,2,34,20,14,4,65,35
SZ,002371,2017-01-03 09:49:00,26.9500,4,56590.0000,21,B,26.9300,26.9200,26.9100,26.9000,26.8900,26.9400,26.9500,26.9600,26.9700,26.9800,31,11,2,34,17,3,4,14,7,65
SZ,002371,2017-01-03 09:49:03,26.9500,5,99652.0000,37,B,26.9500,26.9300,26.9200,26.9100,26.9000,26.9600,26.9700,26.9800,26.9900,27.0000,21,1,11,2,34,14,7,65,35,115
SZ,002371,2017-01-03 09:49:06,26.9500,1,13475.0000,5,S,26.9500,26.9400,26.9300,26.9200,26.9100,26.9600,26.9700,26.9800,26.9900,27.0000,16,6,1,11,2,14,7,65,35,115
SZ,002371,2017-01-03 09:49:12,26.9500,2,40425.0000,15,S,26.9500,26.9400,26.9300,26.9200,26.9100,26.9600,26.9700,26.9800,26.9900,27.0000,1,26,1,10,2,14,7,65,28,115
SZ,002371,2017-01-03 09:49:15,26.9500,6,132055.0000,49,S,26.9500,26.9400,26.9300,26.9200,26.9100,26.9600,26.9700,26.9800,26.9900,27.0000,2,26,1,10,2,14,7,65,28,115
SZ,002371,2017-01-03 09:49:18,26.9500,1,2695.0000,1,S,26.9500,26.9400,26.9300,26.9200,26.9100,26.9600,26.9700,26.9800,26.9900,27.0000,1,26,1,10,2,14,17,65,27,115
SZ,002371,2017-01-03 09:49:21,26.9400,4,72739.0000,27,S,26.9300,26.9200,26.9100,26.9000,26.8900,26.9400,26.9500,26.9600,26.9700,26.9800,1,10,2,34,17,23,16,14,17,65
SZ,002371,2017-01-03 09:49:24,26.9500,6,145507.0000,54,B,26.9500,26.9300,26.9200,26.9100,26.9000,26.9600,26.9700,26.9800,26.9900,27.0000,551,1,10,2,34,14,17,65,32,120
SZ,002371,2017-01-03 09:49:30,26.9700,3,40441.0000,15,B,26.9500,26.9300,26.9200,26.9100,26.9000,26.9700,26.9800,26.9900,27.0000,27.0100,651,1,10,2,34,16,65,32,120,74
SZ,002371,2017-01-03 09:49:33,26.9500,1,8085.0000,3,S,26.9600,26.9500,26.9300,26.9200,26.9100,26.9700,26.9800,26.9900,27.0000,27.0100,10,648,11,10,2,16,65,32,120,74
SZ,002371,2017-01-03 09:49:39,26.9600,1,13480.0000,5,S,26.9600,26.9500,26.9300,26.9200,26.9100,26.9700,26.9800,26.9900,27.0000,27.0100,5,648,11,10,2,16,55,32,120,74
SZ,002371,2017-01-03 09:49:42,26.9700,2,8091.0000,3,B,26.9600,26.9500,26.9300,26.9200,26.9100,26.9700,26.9800,26.9900,27.0000,27.0100,5,548,11,10,2,16,55,32,120,74
SZ,002371,2017-01-03 09:49:45,26.9700,4,43152.0000,16,B,26.9600,26.9500,26.9300,26.9200,26.9100,26.9800,26.9900,27.0000,27.0100,27.0200,5,548,11,10,2,55,32,120,74,10
SZ,002371,2017-01-03 09:49:48,26.9800,2,5396.0000,2,B,26.9600,26.9500,26.9300,26.9200,26.9100,26.9700,26.9800,26.9900,27.0000,27.0100,5,548,11,10,2,7,53,32,120,74
SZ,002371,2017-01-03 09:49:54,26.9600,5,35056.0000,13,S,26.9500,26.9300,26.9200,26.9100,26.9000,26.9600,26.9700,26.9800,26.9900,27.0000,548,11,10,2,40,5,19,53,32,120
SZ,002371,2017-01-03 09:49:57,26.9600,1,5392.0000,2,B,26.9500,26.9300,26.9200,26.9100,26.9000,26.9600,26.9700,26.9800,26.9900,27.0000,548,11,10,2,40,3,19,53,42,120
SZ,002371,2017-01-03 09:50:03,26.9600,4,62025.0000,23,B,26.9600,26.9500,26.9300,26.9200,26.9100,26.9700,26.9800,26.9900,27.0000,27.0100,97,548,11,10,2,2,53,42,120,74
SZ,002371,2017-01-03 09:50:06,26.9800,3,48542.0000,18,B,26.9600,26.9500,26.9300,26.9200,26.9100,26.9800,26.9900,27.0000,27.0100,27.0200,87,548,11,10,2,47,42,120,74,10
SZ,002371,2017-01-03 09:50:15,26.9800,2,24282.0000,9,B,26.9700,26.9600,26.9500,26.9300,26.9200,26.9800,26.9900,27.0000,27.0100,27.0200,21,91,548,11,10,38,42,123,74,10
SZ,002371,2017-01-03 09:50:18,26.9800,3,43168.0000,16,B,26.9700,26.9600,26.9500,26.9300,26.9200,26.9800,26.9900,27.0000,27.0100,27.0200,33,91,548,11,10,22,42,123,74,10
SZ,002371,2017-01-03 09:50:21,27.0000,21,394114.0000,146,B,26.9800,26.9700,26.9600,26.9500,26.9300,27.0000,27.0100,27.0200,27.0600,27.0700,3,33,91,548,11,42,74,10,30,104
SZ,002371,2017-01-03 09:50:24,27.0000,1,2700.0000,1,B,26.9800,26.9700,26.9600,26.9500,26.9300,27.0000,27.0100,27.0200,27.0600,27.0700,3,33,91,548,11,66,74,10,30,104
SZ,002371,2017-01-03 09:50:27,27.0000,2,18900.0000,7,B,26.9800,26.9700,26.9600,26.9500,26.9300,27.0000,27.0100,27.0200,27.0600,27.0700,1,33,91,548,11,59,74,10,30,104
SZ,002371,2017-01-03 09:50:30,27.0000,1,2700.0000,1,B,26.9700,26.9600,26.9500,26.9300,26.9200,27.0000,27.0100,27.0200,27.0600,27.0700,20,91,548,11,10,58,74,10,30,104
SZ,002371,2017-01-03 09:50:33,26.9900,3,21584.0000,8,S,26.9700,26.9600,26.9500,26.9300,26.9200,27.0000,27.0100,27.0200,27.0500,27.0600,15,91,548,11,10,58,74,10,1,30
SZ,002371,2017-01-03 09:50:36,27.0000,1,10800.0000,4,B,26.9700,26.9600,26.9500,26.9300,26.9200,27.0000,27.0100,27.0200,27.0500,27.0600,52,91,548,11,10,54,74,10,1,30
SZ,002371,2017-01-03 09:50:39,27.0000,5,51300.0000,19,B,26.9800,26.9700,26.9600,26.9500,26.9300,27.0000,27.0100,27.0200,27.0500,27.0600,4,52,96,548,11,35,74,10,1,30
SZ,002371,2017-01-03 09:50:42,27.0000,6,45900.0000,17,B,26.9800,26.9700,26.9600,26.9500,26.9300,27.0000,27.0100,27.0200,27.0500,27.0600,4,52,96,548,11,21,74,10,1,30
SZ,002371,2017-01-03 09:50:45,26.9700,3,35065.0000,13,S,26.9800,26.9700,26.9600,26.9500,26.9300,27.0000,27.0100,27.0200,27.0500,27.0600,10,43,96,548,11,31,74,10,1,30
SZ,002371,2017-01-03 09:50:48,27.0000,1,8100.0000,3,B,26.9800,26.9700,26.9600,26.9500,26.9300,27.0000,27.0100,27.0200,27.0500,27.0600,10,43,96,548,11,48,74,10,1,30
SZ,002371,2017-01-03 09:50:51,27.0000,2,32380.0000,12,B,26.9700,26.9600,26.9500,26.9300,26.9200,27.0000,27.0100,27.0200,27.0500,27.0600,43,96,548,11,10,46,74,10,1,30
SZ,002371,2017-01-03 09:50:54,27.0000,1,13500.0000,5,B,26.9700,26.9600,26.9500,26.9300,26.9200,26.9800,26.9900,27.0000,27.0100,27.0200,43,96,548,11,10,1,1,51,74,10
SZ,002371,2017-01-03 09:50:57,27.0000,3,21597.0000,8,B,26.9700,26.9600,26.9500,26.9300,26.9200,27.0000,27.0100,27.0200,27.0500,27.0600,43,96,548,11,10,45,74,10,1,40
SZ,002371,2017-01-03 09:51:03,26.9700,1,13485.0000,5,S,26.9700,26.9600,26.9500,26.9300,26.9200,26.9900,27.0000,27.0100,27.0200,27.0500,38,96,548,11,10,2,45,74,10,1
SZ,002371,2017-01-03 09:51:09,26.9800,1,16188.0000,6,S,26.9800,26.9700,26.9600,26.9500,26.9300,26.9900,27.0000,27.0100,27.0200,27.0500,4,38,96,548,11,2,50,74,10,1
SZ,002371,2017-01-03 09:51:12,27.0000,10,234898.0000,87,B,27.0000,26.9800,26.9700,26.9600,26.9500,27.0100,27.0200,27.0500,27.0600,27.0700,13,4,38,96,548,74,10,1,60,100
SZ,002371,2017-01-03 09:51:15,27.0000,1,13500.0000,5,S,27.0000,26.9900,26.9800,26.9700,26.9600,27.0100,27.0200,27.0500,27.0600,27.0700,21,100,4,38,96,74,10,1,60,100
SZ,002371,2017-01-03 09:51:18,26.9900,5,118777.0000,44,S,26.9900,26.9800,26.9700,26.9600,26.9500,27.0100,27.0200,27.0500,27.0600,27.0700,77,22,44,99,548,74,10,1,60,100
SZ,002371,2017-01-03 09:51:21,26.9900,1,207823.0000,77,S,26.9800,26.9700,26.9600,26.9500,26.9300,26.9900,27.0000,27.0100,27.0200,27.0500,22,44,99,548,11,23,1,74,10,1
SZ,002371,2017-01-03 09:51:24,26.9900,2,53980.0000,20,B,26.9800,26.9700,26.9600,26.9500,26.9300,26.9900,27.0000,27.0100,27.0200,27.0500,22,44,109,548,11,3,2,74,10,8
SZ,002371,2017-01-03 09:51:30,26.9900,1,5398.0000,2,B,26.9800,26.9700,26.9600,26.9500,26.9300,26.9900,27.0000,27.0100,27.0200,27.0300,22,44,15,548,11,1,11,79,10,1
SZ,002371,2017-01-03 09:51:33,26.9900,1,2699.0000,1,B,26.9800,26.9700,26.9600,26.9500,26.9300,27.0000,27.0100,27.0200,27.0300,27.0500,22,44,15,548,11,14,79,10,1,8
SZ,002371,2017-01-03 09:51:36,26.9800,2,8094.0000,3,S,26.9800,26.9700,26.9600,26.9500,26.9300,27.0000,27.0100,27.0200,27.0300,27.0500,20,44,15,548,11,15,79,10,1,18
SZ,002371,2017-01-03 09:51:45,27.0000,4,16200.0000,6,B,26.9800,26.9700,26.9600,26.9500,26.9300,26.9900,27.0000,27.0100,27.0200,27.0300,25,44,15,548,11,1,11,84,10,1
SZ,002371,2017-01-03 09:51:51,26.9800,1,2698.0000,1,S,26.9800,26.9700,26.9600,26.9500,26.9300,26.9900,27.0000,27.0100,27.0200,27.0300,24,44,15,548,11,1,11,84,10,1
SZ,002371,2017-01-03 09:51:57,26.9900,2,5398.0000,2,B,26.9800,26.9700,26.9600,26.9500,26.9300,26.9900,27.0000,27.0100,27.0200,27.0300,24,44,5,556,11,14,15,84,10,1
SZ,002371,2017-01-03 09:52:03,26.9800,1,10792.0000,4,S,26.9800,26.9700,26.9600,26.9500,26.9300,26.9900,27.0000,27.0100,27.0200,27.0300,20,44,5,556,11,14,129,84,10,1
SZ,002371,2017-01-03 09:52:06,26.9800,2,37772.0000,14,S,26.9800,26.9700,26.9600,26.9500,26.9300,26.9900,27.0000,27.0100,27.0200,27.0300,6,44,5,556,11,14,132,84,10,1
SZ,002371,2017-01-03 09:52:09,26.9900,4,70154.0000,26,B,26.9700,26.9600,26.9500,26.9300,26.9200,26.9900,27.0000,27.0100,27.0200,27.0300,44,5,556,11,10,8,132,84,10,1
SZ,002371,2017-01-03 09:52:15,26.9500,6,1388018.0000,515,S,26.9500,26.9300,26.9200,26.9100,26.9000,26.9800,26.9900,27.0000,27.0100,27.0200,90,11,10,2,45,1,9,135,84,10
SZ,002371,2017-01-03 09:52:24,26.9800,6,64702.0000,24,B,26.9500,26.9300,26.9200,26.9100,26.9000,26.9800,26.9900,27.0000,27.0100,27.0200,76,11,10,2,40,34,20,135,84,10
SZ,002371,2017-01-03 09:52:27,26.9800,2,18877.0000,7,B,26.9500,26.9300,26.9200,26.9000,26.8900,26.9800,26.9900,27.0000,27.0100,27.0200,73,11,10,40,7,30,20,133,84,10
SZ,002371,2017-01-03 09:52:36,26.9700,3,13477.0000,5,S,26.9500,26.9300,26.9200,26.9000,26.8900,26.9700,26.9800,26.9900,27.0000,27.0100,69,11,10,40,7,32,30,27,163,79
SZ,002371,2017-01-03 09:52:42,26.9500,1,13475.0000,5,S,26.9500,26.9300,26.9200,26.9000,26.8900,26.9600,26.9700,26.9800,26.9900,27.0000,64,11,10,40,7,7,34,56,27,85
SZ,002371,2017-01-03 09:52:45,26.9500,2,18868.0000,7,S,26.9500,26.9300,26.9200,26.9000,26.8900,26.9600,26.9700,26.9800,26.9900,27.0000,60,11,10,40,7,4,34,56,27,85
SZ,002371,2017-01-03 09:52:48,26.9600,1,10784.0000,4,B,26.9500,26.9300,26.9200,26.9000,26.8900,26.9700,26.9800,26.9900,27.0000,27.0100,60,11,10,40,7,34,56,27,110,79
SZ,002371,2017-01-03 09:52:51,26.9500,1,16170.0000,6,S,26.9500,26.9300,26.9200,26.9000,26.8900,26.9600,26.9700,26.9800,26.9900,27.0000,54,11,10,40,7,7,34,56,27,110
SZ,002371,2017-01-03 09:52:54,26.9700,4,110570.0000,41,B,26.9700,26.9600,26.9500,26.9300,26.9200,26.9800,26.9900,27.0000,27.0100,27.0200,16,3,54,11,10,56,27,117,79,10
SZ,002371,2017-01-03 09:52:57,26.9600,2,48544.0000,18,S,26.9600,26.9500,26.9300,26.9200,26.9000,26.9800,26.9900,27.0000,27.0100,27.0200,1,54,11,10,40,56,27,117,79,10
SZ,002371,2017-01-03 09:53:00,26.9500,3,16173.0000,6,S,26.9500,26.9300,26.9200,26.9000,26.8900,26.9700,26.9800,26.9900,27.0000,27.0100,50,11,10,40,7,4,168,27,117,79
SZ,002371,2017-01-03 09:53:06,26.9600,1,5392.0000,2,B,26.9600,26.9500,26.9300,26.9200,26.9000,26.9700,26.9800,26.9900,27.0000,27.0100,11,50,11,10,111,4,168,27,117,79
SZ,002371,2017-01-03 09:53:09,26.9700,4,48531.0000,18,B,26.9500,26.9300,26.9200,26.9000,26.8900,26.9700,26.9800,26.9900,27.0000,27.0100,50,11,10,111,7,1,168,27,117,79
SZ,002371,2017-01-03 09:53:12,26.9500,1,10780.0000,4,S,26.9500,26.9300,26.9200,26.9000,26.8900,26.9600,26.9700,26.9800,26.9900,27.0000,46,11,10,111,7,3,1,168,27,113
SZ,002371,2017-01-03 09:53:21,26.9500,1,5390.0000,2,S,26.9500,26.9300,26.9200,26.9000,26.8900,26.9600,26.9700,26.9800,26.9900,27.0000,46,11,10,40,7,4,10,56,32,106
SZ,002371,2017-01-03 09:53:24,26.9800,13,493716.0000,183,B,26.9800,26.9700,26.9500,26.9300,26.9200,26.9900,27.0000,27.0100,27.0200,27.0300,48,50,46,11,10,32,106,79,10,1
SZ,002371,2017-01-03 09:53:27,26.9800,1,26980.0000,10,S,26.9800,26.9700,26.9500,26.9300,26.9200,26.9900,27.0000,27.0100,27.0200,27.0300,38,50,46,11,10,32,106,79,10,1
SZ,002371,2017-01-03 09:53:30,26.9800,1,5396.0000,2,S,26.9800,26.9700,26.9500,26.9300,26.9200,26.9900,27.0000,27.0100,27.0200,27.0300,36,50,46,11,10,32,106,79,10,1
SZ,002371,2017-01-03 09:53:36,26.9800,1,13490.0000,5,S,26.9800,26.9700,26.9500,26.9300,26.9200,26.9900,27.0000,27.0100,27.0200,27.0300,31,50,46,11,10,32,106,79,10,1
SZ,002371,2017-01-03 09:53:39,27.0000,18,164668.0000,61,B,26.9800,26.9700,26.9600,26.9500,26.9300,27.0000,27.0100,27.0200,27.0300,27.0500,31,50,71,46,11,77,79,10,1,12
SZ,002371,2017-01-03 09:53:48,27.0000,4,207900.0000,77,B,27.0000,26.9900,26.9800,26.9700,26.9600,27.0100,27.0200,27.0300,27.0500,27.0600,153,8,31,50,82,79,10,1,12,62
SZ,002371,2017-01-03 09:53:51,27.0000,1,5400.0000,2,S,27.0000,26.9900,26.9800,26.9700,26.9600,27.0100,27.0200,27.0300,27.0500,27.0600,153,8,31,50,82,79,10,1,12,62
SZ,002371,2017-01-03 09:53:54,27.0100,2,24307.0000,9,B,27.0000,26.9900,26.9800,26.9700,26.9600,27.0100,27.0200,27.0300,27.0500,27.0600,151,8,31,50,82,72,10,1,12,62
SZ,002371,2017-01-03 09:54:00,27.0000,1,5400.0000,2,S,27.0000,26.9900,26.9800,26.9700,26.9600,27.0100,27.0200,27.0300,27.0500,27.0600,159,8,31,50,11,72,10,1,12,62
SZ,002371,2017-01-03 09:54:03,27.0100,1,16206.0000,6,B,27.0000,26.9900,26.9800,26.9700,26.9600,27.0100,27.0200,27.0300,27.0500,27.0600,159,8,31,50,11,66,10,1,12,62
SZ,002371,2017-01-03 09:54:06,27.0100,5,210003.0000,78,B,27.0100,27.0000,26.9900,26.9800,26.9700,27.0200,27.0300,27.0500,27.0600,27.0700,52,159,8,31,50,10,1,12,62,100
SZ,002371,2017-01-03 09:54:12,27.0100,2,21608.0000,8,S,27.0100,27.0000,26.9800,26.9700,26.9500,27.0200,27.0300,27.0500,27.0600,27.0700,55,230,31,50,44,30,1,12,67,100
SZ,002371,2017-01-03 09:54:15,27.0200,2,5404.0000,2,B,27.0100,27.0000,26.9800,26.9700,26.9500,27.0200,27.0300,27.0500,27.0600,27.0700,57,228,31,50,44,28,1,12,67,100
SZ,002371,2017-01-03 09:54:18,27.0200,2,29722.0000,11,B,27.0100,27.0000,26.9800,26.9700,26.9500,27.0200,27.0300,27.0500,27.0600,27.0700,67,228,31,50,44,17,1,12,67,100
SZ,002371,2017-01-03 09:54:21,27.0200,1,29722.0000,11,B,27.0100,27.0000,26.9800,26.9700,26.9500,27.0200,27.0300,27.0500,27.0600,27.0700,67,228,31,50,44,6,1,12,67,100
SZ,002371,2017-01-03 09:54:24,27.0200,1,5404.0000,2,B,27.0100,27.0000,26.9800,26.9700,26.9500,27.0200,27.0300,27.0500,27.0600,27.0700,67,228,31,50,44,6,1,12,67,100
SZ,002371,2017-01-03 09:54:30,27.0100,5,143163.0000,53,S,27.0100,27.0000,26.9800,26.9700,26.9500,27.0300,27.0500,27.0600,27.0700,27.0800,14,228,31,50,54,1,13,67,100,210
SZ,002371,2017-01-03 09:54:36,27.0200,1,2702.0000,1,B,27.0200,27.0100,27.0000,26.9800,26.9700,27.0300,27.0500,27.0600,27.0700,27.0800,1,28,228,36,50,1,13,67,100,210
SZ,002371,2017-01-03 09:54:39,27.0300,1,2703.0000,1,B,27.0300,27.0200,27.0100,27.0000,26.9800,27.0500,27.0600,27.0700,27.0800,27.0900,89,1,28,228,36,13,67,100,210,150
SZ,002371,2017-01-03 09:54:42,27.0300,1,13515.0000,5,S,27.0300,27.0200,27.0100,27.0000,26.9800,27.0500,27.0600,27.0700,27.0800,27.0900,84,1,28,228,36,17,97,100,210,150
SZ,002371,2017-01-03 09:54:45,27.0500,5,27050.0000,10,B,27.0300,27.0200,27.0100,27.0000,26.9800,27.0500,27.0600,27.0700,27.0800,27.0900,84,1,28,228,36,7,97,100,210,150
SZ,002371,2017-01-03 09:54:48,27.0500,4,59480.0000,22,B,27.0500,27.0300,27.0200,27.0100,27.0000,27.0600,27.0700,27.0800,27.0900,27.1000,1,433,1,28,228,102,108,210,150,182
SZ,002371,2017-01-03 09:54:54,27.0500,2,18935.0000,7,S,27.0300,27.0200,27.0100,27.0000,26.9800,27.0500,27.0600,27.0700,27.0800,27.0900,434,1,28,228,36,3,92,108,210,150
SZ,002371,2017-01-03 09:55:00,27.0600,2,13527.0000,5,B,27.0500,27.0300,27.0200,27.0100,27.0000,27.0600,27.0700,27.0800,27.0900,27.1000,11,434,1,27,228,90,108,210,150,182
SZ,002371,2017-01-03 09:55:03,27.0500,3,29755.0000,11,S,27.0400,27.0300,27.0200,27.0100,27.0000,27.0500,27.0600,27.0700,27.0800,27.0900,10,434,1,11,228,20,88,113,210,150
SZ,002371,2017-01-03 09:55:15,27.0500,5,70330.0000,26,B,27.0400,27.0300,27.0200,27.0100,27.0000,27.0500,27.0600,27.0700,27.0800,27.0900,32,434,1,11,157,4,98,123,210,150
SZ,002371,2017-01-03 09:55:18,27.0500,12,181181.0000,67,B,27.0500,27.0300,27.0200,27.0100,27.0000,27.0600,27.0700,27.0800,27.0900,27.1000,52,434,1,11,157,98,123,210,150,181
SZ,002371,2017-01-03 09:55:21,27.0500,3,32460.0000,12,S,27.0500,27.0300,27.0200,27.0100,27.0000,27.0600,27.0700,27.0800,27.0900,27.1000,40,434,1,11,157,98,123,210,150,181
SZ,002371,2017-01-03 09:55:27,27.0500,3,35165.0000,13,S,27.0500,27.0300,27.0200,27.0100,27.0000,27.0600,27.0700,27.0800,27.0900,27.1000,53,434,1,11,157,98,123,210,150,191
SZ,002371,2017-01-03 09:55:30,27.0500,1,29755.0000,11,S,27.0500,27.0300,27.0200,27.0100,27.0000,27.0600,27.0700,27.0800,27.0900,27.1000,42,434,1,11,157,98,123,210,150,191
SZ,002371,2017-01-03 09:55:33,27.0500,5,67625.0000,25,S,27.0500,27.0400,27.0300,27.0200,27.0100,27.0600,27.0700,27.0800,27.0900,27.1000,17,6,434,1,11,103,123,210,150,191
SZ,002371,2017-01-03 09:55:36,27.0500,2,56809.0000,21,S,27.0400,27.0300,27.0200,27.0100,27.0000,27.0500,27.0600,27.0700,27.0800,27.0900,6,434,1,11,161,24,99,123,210,150
SZ,002371,2017-01-03 09:55:42,27.0500,1,5410.0000,2,B,27.0400,27.0300,27.0200,27.0100,27.0000,27.0500,27.0600,27.0700,27.0800,27.0900,6,434,1,11,161,55,99,123,210,150
SZ,002371,2017-01-03 09:55:45,27.0400,3,32455.0000,12,S,27.0400,27.0300,27.0200,27.0100,27.0000,27.0500,27.0600,27.0700,27.0800,27.0900,1,434,1,11,161,53,99,123,210,160
SZ,002371,2017-01-03 09:55:48,27.0400,1,2704.0000,1,S,27.0300,27.0200,27.0100,27.0000,26.9900,27.0400,27.0500,27.0600,27.0700,27.0800,434,1,11,161,4,8,56,99,123,210
SZ,002371,2017-01-03 09:55:57,27.0300,13,213676.0000,79,S,27.0300,27.0200,27.0100,27.0000,26.9900,27.0500,27.0600,27.0700,27.0800,27.0900,432,8,13,161,4,5,99,123,219,160
SZ,002371,2017-01-03 09:56:00,27.0300,3,108119.0000,40,S,27.0300,27.0200,27.0100,27.0000,26.9900,27.0400,27.0500,27.0600,27.0700,27.0800,392,8,13,161,4,2,5,99,128,219
SZ,002371,2017-01-03 09:56:03,27.0300,1,16220.0000,6,S,27.0300,27.0200,27.0100,27.0000,26.9900,27.0400,27.0500,27.0600,27.0700,27.0800,386,8,13,161,4,13,5,99,128,219
SZ,002371,2017-01-03 09:56:09,27.0400,4,283818.0000,105,B,27.0300,27.0200,27.0100,27.0000,26.9900,27.0400,27.0500,27.0600,27.0700,27.0800,285,8,13,161,4,14,28,102,130,219
SZ,002371,2017-01-03 09:56:15,27.0400,3,83798.0000,31,B,27.0300,27.0200,27.0100,27.0000,26.9900,27.0400,27.0500,27.0600,27.0700,27.0800,258,8,13,161,4,20,39,112,130,219
SZ,002371,2017-01-03 09:56:24,27.0400,4,81120.0000,30,B,27.0300,27.0200,27.0100,27.0000,26.9900,27.0400,27.0500,27.0600,27.0700,27.0800,258,8,13,161,4,13,39,113,130,219
SZ,002371,2017-01-03 09:56:27,27.0400,2,13520.0000,5,B,27.0300,27.0200,27.0100,27.0000,26.9900,27.0400,27.0500,27.0600,27.0700,27.0800,258,8,13,161,4,8,39,113,130,219
SZ,002371,2017-01-03 09:56:30,27.0300,4,86508.0000,32,S,27.0300,27.0200,27.0100,27.0000,26.9900,27.0400,27.0500,27.0600,27.0700,27.0800,236,8,13,161,4,8,37,113,130,219
SZ,002371,2017-01-03 09:56:36,27.0400,1,5408.0000,2,B,27.0300,27.0200,27.0100,27.0000,26.9900,27.0400,27.0500,27.0600,27.0700,27.0800,236,8,13,161,4,73,42,113,130,219
SZ,002371,2017-01-03 09:56:39,27.0300,1,27028.0000,10,S,27.0300,27.0200,27.0100,27.0000,26.9900,27.0400,27.0500,27.0600,27.0700,27.0800,226,8,13,161,4,73,43,113,130,219
SZ,002371,2017-01-03 09:56:42,27.0300,3,45956.0000,17,S,27.0300,27.0200,27.0100,27.0000,26.9900,27.0400,27.0500,27.0600,27.0700,27.0800,214,8,13,161,4,68,43,113,130,219
SZ,002371,2017-01-03 09:56:45,27.0300,2,67576.0000,25,S,27.0300,27.0200,27.0100,27.0000,26.9900,27.0400,27.0500,27.0600,27.0700,27.0800,189,8,13,161,4,68,53,113,140,219
SZ,002371,2017-01-03 09:56:48,27.0300,2,21624.0000,8,S,27.0300,27.0200,27.0100,27.0000,26.9900,27.0400,27.0500,27.0600,27.0700,27.0800,182,8,13,161,4,73,53,113,140,219
SZ,002371,2017-01-03 09:56:51,27.0300,1,113526.0000,42,S,27.0300,27.0200,27.0100,27.0000,26.9900,27.0400,27.0500,27.0600,27.0700,27.0800,140,8,13,161,4,75,53,113,140,219
SZ,002371,2017-01-03 09:56:54,27.0300,7,108140.0000,40,S,27.0300,27.0200,27.0100,27.0000,26.9900,27.0400,27.0500,27.0600,27.0700,27.0800,120,8,13,161,4,55,53,113,140,219
SZ,002371,2017-01-03 09:57:00,27.0300,2,100010.0000,37,S,27.0300,27.0200,27.0100,27.0000,26.9900,27.0400,27.0500,27.0600,27.0700,27.0800,83,8,13,161,4,55,53,111,140,219
SZ,002371,2017-01-03 09:57:06,27.0300,1,21624.0000,8,S,27.0300,27.0200,27.0100,27.0000,26.9900,27.0400,27.0500,27.0600,27.0700,27.0800,76,8,13,161,4,57,52,111,140,219
SZ,002371,2017-01-03 09:57:09,27.0300,4,54064.0000,20,S,27.0300,27.0200,27.0100,27.0000,26.9900,27.0400,27.0500,27.0600,27.0700,27.0800,60,1,13,161,4,102,52,101,140,219
SZ,002371,2017-01-03 09:57:15,27.0300,4,94606.0000,35,S,27.0300,27.0200,27.0100,27.0000,26.9900,27.0400,27.0500,27.0600,27.0700,27.0800,25,1,13,161,4,131,44,101,140,219
SZ,002371,2017-01-03 09:57:18,27.0300,1,2702.0000,1,S,27.0300,27.0200,27.0100,27.0000,26.9900,27.0400,27.0500,27.0600,27.0700,27.0800,24,1,13,161,4,141,43,101,140,219
SZ,002371,2017-01-03 09:57:21,27.0300,3,27032.0000,10,S,27.0300,27.0200,27.0100,27.0000,26.9900,27.0400,27.0500,27.0600,27.0700,27.0800,14,1,13,161,4,141,43,101,140,219
SZ,002371,2017-01-03 09:57:24,27.0300,1,13514.0000,5,S,27.0300,27.0200,27.0100,27.0000,26.9900,27.0400,27.0500,27.0600,27.0700,27.0800,9,1,13,161,4,141,43,101,140,219
SZ,002371,2017-01-03 09:57:27,27.0300,6,56762.0000,21,S,27.0200,27.0100,27.0000,26.9900,26.9800,27.0300,27.0400,27.0500,27.0600,27.0700,1,13,161,4,36,74,141,44,101,140
SZ,002371,2017-01-03 09:57:33,27.0000,5,135016.0000,50,S,27.0000,26.9900,26.9800,26.9700,26.9500,27.0300,27.0400,27.0500,27.0600,27.0700,125,4,36,50,68,83,141,44,111,140
SZ,002371,2017-01-03 09:57:51,27.0000,3,205200.0000,76,S,27.0000,26.9900,26.9800,26.9700,26.9500,27.0100,27.0200,27.0300,27.0400,27.0500,49,4,36,50,68,7,106,103,82,40
SZ,002371,2017-01-03 09:57:54,27.0000,4,132976.0000,49,S,26.9900,26.9800,26.9700,26.9500,26.9300,27.0000,27.0100,27.0200,27.0300,27.0400,4,36,50,68,11,215,13,110,103,82
SZ,002371,2017-01-03 09:58:06,26.9800,1,2696.0000,1,S,26.9800,26.9700,26.9500,26.9300,26.9200,26.9900,27.0000,27.0100,27.0200,27.0300,35,50,68,11,10,5,247,13,107,103
SZ,002371,2017-01-03 09:58:09,26.9800,2,94432.0000,35,S,26.9700,26.9500,26.9300,26.9200,26.9100,26.9800,26.9900,27.0000,27.0100,27.0200,50,68,11,10,5,14,5,247,13,107
SZ,002371,2017-01-03 09:58:15,26.9700,1,53940.0000,20,S,26.9700,26.9500,26.9300,26.9200,26.9100,26.9800,26.9900,27.0000,27.0100,27.0200,30,68,11,10,5,32,5,257,13,107
SZ,002371,2017-01-03 09:58:18,26.9700,1,35060.0000,13,S,26.9700,26.9500,26.9300,26.9200,26.9100,26.9800,26.9900,27.0000,27.0100,27.0200,17,68,11,10,5,32,5,257,6,107
SZ,002371,2017-01-03 09:58:21,26.9700,2,45848.0000,17,S,26.9500,26.9300,26.9200,26.9100,26.9000,26.9700,26.9800,26.9900,27.0000,27.0100,68,11,10,5,54,3,38,5,256,6
SZ,002371,2017-01-03 09:58:33,26.9500,1,5392.0000,2,S,26.9500,26.9300,26.9200,26.9100,26.9000,26.9700,26.9800,26.9900,27.0000,27.0100,66,11,10,16,54,8,38,10,256,6
SZ,002371,2017-01-03 09:58:51,26.9500,2,18868.0000,7,S,26.9500,26.9300,26.9200,26.9100,26.9000,26.9700,26.9800,26.9900,27.0000,27.0100,62,11,10,16,54,6,38,11,258,6
SZ,002371,2017-01-03 09:59:03,26.9500,3,21566.0000,8,S,26.9500,26.9300,26.9200,26.9100,26.9000,26.9700,26.9800,26.9900,27.0000,27.0100,53,11,10,16,54,3,38,11,258,6
SZ,002371,2017-01-03 09:59:09,26.9500,2,16170.0000,6,S,26.9500,26.9300,26.9200,26.9100,26.9000,26.9700,26.9800,26.9900,27.0000,27.0100,47,11,10,16,54,3,38,11,259,6
SZ,002371,2017-01-03 09:59:24,26.9600,1,26960.0000,10,S,26.9500,26.9300,26.9200,26.9100,26.9000,26.9600,26.9700,26.9800,26.9900,27.0000,55,11,10,16,60,122,3,32,14,258
SZ,002371,2017-01-03 09:59:30,26.9500,1,26950.0000,10,S,26.9500,26.9300,26.9200,26.9100,26.9000,26.9600,26.9700,26.9800,26.9900,27.0000,45,11,10,16,60,122,3,24,14,258
SZ,002371,2017-01-03 09:59:36,26.9500,5,83546.0000,31,S,26.9500,26.9300,26.9200,26.9100,26.9000,26.9600,26.9700,26.9800,26.9900,27.0000,14,11,10,16,60,122,3,24,14,43
SZ,002371,2017-01-03 09:59:45,26.9500,2,5388.0000,2,S,26.9500,26.9300,26.9200,26.9100,26.9000,26.9600,26.9700,26.9800,26.9900,27.0000,12,11,10,26,60,122,3,24,14,43
SZ,002371,2017-01-03 09:59:54,26.9500,3,18866.0000,7,S,26.9500,26.9300,26.9200,26.9100,26.9000,26.9600,26.9700,26.9800,26.9900,27.0000,27,11,10,26,60,122,3,24,14,48
SZ,002371,2017-01-03 10:00:06,26.9500,1,2694.0000,1,S,26.9500,26.9300,26.9200,26.9100,26.9000,26.9600,26.9700,26.9800,26.9900,27.0000,26,11,10,26,61,122,3,24,14,48
SZ,002371,2017-01-03 10:00:21,26.9600,1,269600.0000,100,B,26.9500,26.9400,26.9300,26.9200,26.9100,26.9600,26.9700,26.9800,26.9900,27.0000,26,7,11,10,26,22,3,24,14,48
SZ,002371,2017-01-03 10:00:30,26.9600,1,56616.0000,21,B,26.9500,26.9400,26.9300,26.9200,26.9100,26.9600,26.9700,26.9800,26.9900,27.0000,26,7,11,10,26,1,3,24,14,48
SZ,002371,2017-01-03 10:00:33,26.9600,1,2696.0000,1,B,26.9600,26.9500,26.9400,26.9300,26.9200,26.9700,26.9800,26.9900,27.0000,27.0100,16,26,7,11,10,3,18,14,46,6
SZ,002371,2017-01-03 10:00:48,26.9700,2,8092.0000,3,B,26.9700,26.9600,26.9500,26.9300,26.9200,26.9800,26.9900,27.0000,27.0100,27.0200,22,16,36,11,10,18,9,46,6,107
SZ,002371,2017-01-03 10:00:51,26.9800,1,26980.0000,10,B,26.9700,26.9600,26.9500,26.9300,26.9200,26.9800,26.9900,27.0000,27.0100,27.0200,22,16,36,11,10,8,9,46,6,107
SZ,002371,2017-01-03 10:01:00,26.9500,8,283148.0000,105,S,26.9500,26.9300,26.9200,26.9100,26.9000,26.9700,26.9800,26.9900,27.0000,27.0100,26,11,10,15,61,50,8,7,41,6
SZ,002371,2017-01-03 10:01:09,26.9500,2,53900.0000,20,S,26.9500,26.9300,26.9200,26.9100,26.9000,26.9700,26.9800,26.9900,27.0000,27.0100,6,11,10,15,61,50,8,7,31,6
SZ,002371,2017-01-03 10:01:15,26.9700,1,70124.0000,26,B,26.9500,26.9300,26.9200,26.9100,26.9000,26.9700,26.9800,26.9900,27.0000,27.0100,6,11,10,15,61,24,8,7,31,6
SZ,002371,2017-01-03 10:01:18,26.9500,1,8084.0000,3,S,26.9500,26.9300,26.9200,26.9100,26.9000,26.9700,26.9800,26.9900,27.0000,27.0100,3,11,10,15,61,24,8,7,31,8
SZ,002371,2017-01-03 10:01:33,26.9700,1,2696.0000,1,B,26.9500,26.9300,26.9200,26.9100,26.9000,26.9700,26.9800,26.9900,27.0000,27.0100,3,20,10,15,61,29,8,6,31,8
SZ,002371,2017-01-03 10:02:06,26.9300,3,16168.0000,6,S,26.9300,26.9200,26.9100,26.9000,26.8900,26.9600,26.9700,26.9800,26.9900,27.0000,19,10,15,71,7,4,39,8,16,35
SZ,002371,2017-01-03 10:02:18,26.9300,1,10772.0000,4,S,26.9300,26.9200,26.9100,26.9000,26.8900,26.9500,26.9600,26.9700,26.9800,26.9900,15,10,15,71,7,472,4,39,9,16
SZ,002371,2017-01-03 10:02:24,26.9300,3,40396.0000,15,S,26.9200,26.9100,26.9000,26.8900,26.8800,26.9300,26.9500,26.9600,26.9700,26.9800,10,15,71,7,5,17,472,4,16,9
SZ,002371,2017-01-03 10:02:27,26.9000,11,258276.0000,96,S,26.8900,26.8800,26.8600,26.8500,26.8400,26.9000,26.9300,26.9500,26.9600,26.9700,7,5,10,53,5,4,25,472,4,17
SZ,002371,2017-01-03 10:02:30,26.9000,1,5380.0000,2,B,26.8900,26.8800,26.8600,26.8500,26.8400,26.9000,26.9300,26.9500,26.9600,26.9700,7,5,10,53,5,2,25,472,4,16
SZ,002371,2017-01-03 10:02:36,26.8900,1,18822.0000,7,S,26.8800,26.8600,26.8500,26.8400,26.8300,26.8900,26.9000,26.9100,26.9200,26.9300,5,21,53,5,12,7,2,1,9,25
SZ,002371,2017-01-03 10:02:42,26.8900,1,16134.0000,6,B,26.8800,26.8600,26.8500,26.8400,26.8300,26.8900,26.9000,26.9100,26.9200,26.9300,5,21,53,5,12,1,2,1,9,25
SZ,002371,2017-01-03 10:02:48,26.8100,17,402572.0000,150,S,26.8100,26.8000,26.7800,26.7700,26.7600,26.8900,26.9000,26.9100,26.9200,26.9300,243,31,9,119,4,1,2,1,9,25
SZ,002371,2017-01-03 10:03:00,26.8800,1,2688.0000,1,B,26.8200,26.8100,26.8000,26.7800,26.7700,26.8800,26.8900,26.9000,26.9100,26.9200,24,243,31,9,119,4,7,2,1,9
SZ,002371,2017-01-03 10:03:09,26.8000,12,965692.0000,360,S,26.8000,26.7800,26.7700,26.7600,26.7500,26.8100,26.8300,26.8900,26.9000,26.9100,27,9,119,4,51,121,1,7,4,1
SZ,002371,2017-01-03 10:03:12,26.8100,1,67024.0000,25,B,26.8000,26.7800,26.7700,26.7600,26.7500,26.8100,26.8300,26.8700,26.8900,26.9000,27,9,119,4,51,96,1,2,7,4
SZ,002371,2017-01-03 10:03:15,26.8100,1,21448.0000,8,B,26.8000,26.7800,26.7700,26.7600,26.7500,26.8100,26.8300,26.8700,26.8900,26.9000,27,9,119,4,51,88,1,2,7,4
SZ,002371,2017-01-03 10:03:18,26.8100,2,26810.0000,10,B,26.8000,26.7800,26.7700,26.7600,26.7500,26.8100,26.8300,26.8700,26.8900,26.9000,27,9,119,4,51,78,1,2,7,4
SZ,002371,2017-01-03 10:03:21,26.8100,5,123322.0000,46,B,26.8000,26.7800,26.7700,26.7600,26.7500,26.8100,26.8300,26.8700,26.8900,26.9000,26,9,119,4,51,35,1,2,7,4
SZ,002371,2017-01-03 10:03:24,26.8000,1,10720.0000,4,S,26.8000,26.7800,26.7700,26.7600,26.7500,26.8100,26.8300,26.8700,26.8900,26.9000,22,10,119,4,51,35,1,2,7,4
SZ,002371,2017-01-03 10:03:27,26.8100,1,93836.0000,35,B,26.8200,26.8100,26.8000,26.7800,26.7700,26.8300,26.8700,26.8900,26.9000,26.9200,50,17,37,10,119,1,2,7,4,7
SZ,002371,2017-01-03 10:03:33,26.8300,1,2684.0000,1,B,26.8300,26.8200,26.8100,26.8000,26.7800,26.8700,26.8900,26.9000,26.9200,26.9300,2,50,29,37,10,2,2,4,7,25
SZ,002371,2017-01-03 10:03:45,26.8300,1,2682.0000,1,S,26.8200,26.8100,26.8000,26.7800,26.7700,26.8300,26.8700,26.8900,26.9000,26.9200,70,19,57,10,119,2,2,2,4,7
SZ,002371,2017-01-03 10:03:51,26.8300,1,5366.0000,2,B,26.8400,26.8200,26.8100,26.8000,26.7800,26.8700,26.8900,26.9000,26.9200,26.9300,8,74,19,57,17,2,2,4,7,25
SZ,002371,2017-01-03 10:03:57,26.8400,1,2684.0000,1,S,26.8400,26.8300,26.8200,26.8100,26.8000,26.8700,26.8900,26.9000,26.9200,26.9300,7,7,74,28,58,2,2,4,7,25
SZ,002371,2017-01-03 10:04:06,26.8700,1,5374.0000,2,B,26.8700,26.8400,26.8300,26.8200,26.8100,26.8900,26.9000,26.9200,26.9300,26.9400,3,10,7,80,48,2,4,7,25,1
SZ,002371,2017-01-03 10:04:24,26.8700,2,8062.0000,3,S,26.8700,26.8600,26.8400,26.8300,26.8200,26.8900,26.9000,26.9200,26.9300,26.9400,1,3,12,7,90,1,4,7,25,1
SZ,002371,2017-01-03 10:04:36,26.8900,2,5380.0000,2,B,26.8900,26.8700,26.8600,26.8400,26.8300,26.9000,26.9200,26.9300,26.9400,26.9700,2,9,3,12,7,4,7,17,1,1
SZ,002371,2017-01-03 10:04:39,26.8700,3,21500.0000,8,S,26.8700,26.8600,26.8400,26.8300,26.8200,26.9000,26.9200,26.9300,26.9400,26.9700,3,3,12,7,90,4,7,17,1,1
SZ,002371,2017-01-03 10:04:42,26.8700,2,8060.0000,3,S,26.8600,26.8400,26.8300,26.8200,26.8100,26.8700,26.9000,26.9200,26.9300,26.9400,3,12,7,90,39,21,4,7,17,1
SZ,002371,2017-01-03 10:04:45,26.8700,1,56428.0000,21,B,26.8900,26.8600,26.8400,26.8300,26.8200,26.9000,26.9200,26.9300,26.9400,26.9700,7,3,12,7,90,4,17,17,1,1
SZ,002371,2017-01-03 10:04:51,26.8900,1,18822.0000,7,S,26.8700,26.8600,26.8400,26.8300,26.8200,26.8900,26.9000,26.9200,26.9300,26.9400,3,3,21,7,90,1,4,17,17,1
SZ,002371,2017-01-03 10:05:00,26.8400,4,18802.0000,7,S,26.8400,26.8300,26.8200,26.8100,26.8000,26.8900,26.9000,26.9200,26.9300,26.9400,20,7,90,39,58,1,6,17,17,1
SZ,002371,2017-01-03 10:05:15,26.8800,1,2688.0000,1,S,26.8700,26.8400,26.8300,26.8200,26.8100,26.8900,26.9000,26.9200,26.9300,26.9400,50,20,7,90,39,1,6,17,17,1
SZ,002371,2017-01-03 10:05:18,26.8900,2,8068.0000,3,B,26.8700,26.8400,26.8300,26.8200,26.8100,26.8900,26.9000,26.9100,26.9200,26.9300,50,21,7,90,39,10,6,1,17,17
SZ,002371,2017-01-03 10:05:21,26.8700,1,8060.0000,3,S,26.8700,26.8400,26.8300,26.8200,26.8100,26.8900,26.9000,26.9100,26.9200,26.9300,47,24,7,90,39,10,6,1,17,17
SZ,002371,2017-01-03 10:05:24,26.9000,4,44940.0000,17,B,26.9000,26.8700,26.8400,26.8300,26.8200,26.9100,26.9200,26.9300,26.9400,26.9700,7,47,24,7,90,1,17,17,1,1
SZ,002371,2017-01-03 10:05:36,26.9100,1,2692.0000,1,B,26.9100,26.9000,26.8700,26.8400,26.8300,26.9200,26.9300,26.9400,26.9700,26.9800,2,87,47,28,7,17,17,1,1,8
SZ,002371,2017-01-03 10:06:03,26.9100,1,2692.0000,1,S,26.9100,26.9000,26.8700,26.8400,26.8300,26.9200,26.9300,26.9700,26.9800,26.9900,28,87,47,25,7,17,17,1,8,15
SZ,002371,2017-01-03 10:06:09,26.9200,1,2692.0000,1,B,26.9100,26.9000,26.8700,26.8400,26.8300,26.9200,26.9300,26.9700,26.9800,26.9900,28,87,47,25,7,16,17,1,8,15
SZ,002371,2017-01-03 10:06:27,26.9100,2,8072.0000,3,S,26.9100,26.9000,26.8700,26.8400,26.8300,26.9200,26.9300,26.9700,26.9800,26.9900,25,87,47,19,7,16,17,1,8,15
SZ,002371,2017-01-03 10:06:30,26.9200,1,16152.0000,6,B,26.9100,26.9000,26.8700,26.8400,26.8300,26.9200,26.9300,26.9700,26.9800,26.9900,25,87,47,19,7,10,17,1,8,15
SZ,002371,2017-01-03 10:06:33,26.9100,3,67276.0000,25,S,26.9000,26.8700,26.8400,26.8300,26.8200,26.9100,26.9200,26.9300,26.9700,26.9800,87,47,19,7,90,5,10,17,1,50
SZ,002371,2017-01-03 10:06:45,26.9000,2,51108.0000,19,S,26.9000,26.8700,26.8400,26.8300,26.8200,26.9100,26.9200,26.9500,26.9700,26.9800,68,47,19,7,90,11,10,4,1,50
SZ,002371,2017-01-03 10:06:48,26.9100,1,8074.0000,3,B,26.9000,26.8700,26.8400,26.8300,26.8200,26.9100,26.9200,26.9500,26.9700,26.9800,68,47,19,7,90,8,10,4,1,50
SZ,002371,2017-01-03 10:07:06,26.9200,3,43064.0000,16,B,26.9000,26.8700,26.8400,26.8300,26.8200,26.9200,26.9500,26.9700,26.9800,26.9900,68,47,19,7,90,2,4,1,8,15
SZ,002371,2017-01-03 10:07:09,26.9000,1,16140.0000,6,S,26.9000,26.8700,26.8400,26.8300,26.8200,26.9200,26.9500,26.9700,26.9800,26.9900,62,47,19,7,90,2,4,1,8,15
SZ,002371,2017-01-03 10:07:24,26.9000,2,112982.0000,42,S,26.9000,26.8700,26.8400,26.8300,26.8200,26.9200,26.9500,26.9700,26.9800,26.9900,21,47,19,7,90,2,4,1,8,15
SZ,002371,2017-01-03 10:07:30,26.9000,1,26900.0000,10,S,26.9000,26.8700,26.8500,26.8400,26.8300,26.9200,26.9500,26.9700,26.9800,26.9900,11,47,3,19,7,2,4,1,14,15
SZ,002371,2017-01-03 10:07:33,26.9200,1,2692.0000,1,B,26.9000,26.8700,26.8500,26.8400,26.8300,26.9100,26.9200,26.9500,26.9700,26.9800,11,47,3,19,7,20,1,4,1,14
SZ,002371,2017-01-03 10:07:36,26.9100,1,10764.0000,4,B,26.9000,26.8700,26.8500,26.8400,26.8300,26.9100,26.9200,26.9500,26.9700,26.9800,11,47,3,19,7,16,1,4,1,14
SZ,002371,2017-01-03 10:07:39,26.9000,2,37670.0000,14,S,26.9000,26.8700,26.8500,26.8400,26.8300,26.9100,26.9200,26.9500,26.9700,26.9800,8,47,3,19,7,5,1,4,1,14
SZ,002371,2017-01-03 10:07:54,26.9100,1,2690.0000,1,B,26.9000,26.8800,26.8700,26.8500,26.8400,26.9100,26.9200,26.9500,26.9700,26.9800,8,1,47,3,19,9,1,4,1,14
SZ,002371,2017-01-03 10:07:57,26.9100,1,2692.0000,1,B,26.9000,26.8800,26.8700,26.8500,26.8400,26.9100,26.9200,26.9500,26.9700,26.9800,8,1,47,3,19,8,1,4,1,14
SZ,002371,2017-01-03 10:08:00,26.9100,2,10764.0000,4,B,26.9000,26.8800,26.8700,26.8500,26.8400,26.9100,26.9200,26.9500,26.9700,26.9800,8,1,47,3,19,4,1,4,1,14
SZ,002371,2017-01-03 10:08:03,26.9000,1,22300.0000,8,S,26.8800,26.8700,26.8500,26.8400,26.8300,26.9000,26.9100,26.9200,26.9500,26.9700,1,47,3,19,7,5,4,1,4,2
SZ,002371,2017-01-03 10:08:12,26.9000,1,5380.0000,2,B,26.8800,26.8700,26.8500,26.8400,26.8300,26.9000,26.9100,26.9200,26.9500,26.9700,1,47,3,19,7,3,6,1,4,2
SZ,002371,2017-01-03 10:08:24,26.9000,4,16138.0000,6,B,26.8700,26.8500,26.8400,26.8300,26.8200,26.9000,26.9100,26.9200,26.9500,26.9700,48,3,10,21,90,7,6,2,4,2
SZ,002371,2017-01-03 10:08:27,26.9000,1,8070.0000,3,B,26.8700,26.8500,26.8400,26.8300,26.8200,26.9000,26.9100,26.9200,26.9500,26.9700,48,3,10,21,90,4,4,2,4,2
SZ,002371,2017-01-03 10:08:57,26.8700,6,163920.0000,61,S,26.8500,26.8400,26.8300,26.8200,26.8100,26.8700,26.9000,26.9100,26.9200,26.9500,3,6,21,80,39,239,4,4,2,4
SZ,002371,2017-01-03 10:09:03,26.8700,1,29556.0000,11,B,26.8500,26.8400,26.8300,26.8200,26.8100,26.8700,26.9000,26.9100,26.9200,26.9500,3,6,21,80,39,228,4,4,1,4
SZ,002371,2017-01-03 10:09:06,26.8500,1,8056.0000,3,S,26.8400,26.8300,26.8200,26.8100,26.8000,26.8700,26.8900,26.9000,26.9100,26.9200,6,21,80,39,60,228,1,4,4,1
SZ,002371,2017-01-03 10:09:21,26.8700,2,80610.0000,30,B,26.8600,26.8500,26.8400,26.8300,26.8200,26.8700,26.8900,26.9000,26.9100,26.9200,1,30,6,21,80,198,1,4,4,1
SZ,002371,2017-01-03 10:09:54,26.8700,1,2686.0000,1,B,26.8600,26.8500,26.8400,26.8300,26.8200,26.8700,26.8900,26.9000,26.9100,26.9200,26,30,26,21,80,197,1,4,4,1
SZ,002371,2017-01-03 10:10:00,26.8600,3,24178.0000,9,S,26.8600,26.8500,26.8400,26.8300,26.8200,26.8700,26.8900,26.9000,26.9100,26.9200,20,30,26,21,80,194,1,4,4,1
SZ,002371,2017-01-03 10:10:03,26.8700,6,118228.0000,44,B,26.8600,26.8500,26.8400,26.8300,26.8200,26.8700,26.8900,26.9000,26.9100,26.9200,20,30,27,21,80,150,1,13,4,1
SZ,002371,2017-01-03 10:10:06,26.8700,3,134350.0000,50,B,26.8600,26.8500,26.8400,26.8300,26.8200,26.8700,26.8900,26.9000,26.9100,26.9200,20,30,27,21,80,100,1,13,4,1
SZ,002371,2017-01-03 10:10:09,26.8700,3,142412.0000,53,B,26.8600,26.8500,26.8400,26.8300,26.8200,26.8700,26.8900,26.9000,26.9100,26.9200,20,30,27,21,80,47,1,13,4,1
SZ,002371,2017-01-03 10:10:12,26.8700,1,5372.0000,2,B,26.8600,26.8500,26.8400,26.8300,26.8200,26.8700,26.8900,26.9000,26.9100,26.9200,20,30,27,21,80,45,1,13,4,1
SZ,002371,2017-01-03 10:10:21,26.8600,1,10744.0000,4,S,26.8600,26.8400,26.8300,26.8200,26.8100,26.8700,26.8900,26.9000,26.9100,26.9200,16,7,21,80,39,45,1,13,4,1
SZ,002371,2017-01-03 10:10:24,26.8700,3,120916.0000,45,B,26.8700,26.8600,26.8400,26.8300,26.8200,26.8900,26.9000,26.9100,26.9200,26.9500,14,16,7,26,80,1,9,4,1,4
SZ,002371,2017-01-03 10:10:36,26.8700,1,5374.0000,2,S,26.8700,26.8600,26.8400,26.8300,26.8200,26.8900,26.9000,26.9100,26.9200,26.9500,19,16,7,26,80,1,9,4,1,4
SZ,002371,2017-01-03 10:10:42,26.8700,2,12654.0000,5,S,26.8700,26.8600,26.8400,26.8300,26.8200,26.8900,26.9000,26.9100,26.9200,26.9500,24,16,7,26,80,1,9,4,1,4
SZ,002371,2017-01-03 10:10:48,26.8700,4,78704.0000,29,S,26.8600,26.8400,26.8300,26.8200,26.8100,26.8700,26.8900,26.9000,26.9100,26.9200,16,7,21,80,37,10,1,9,4,1
SZ,002371,2017-01-03 10:10:51,26.8700,1,5374.0000,2,B,26.8600,26.8400,26.8300,26.8200,26.8100,26.8700,26.8900,26.9000,26.9100,26.9200,16,7,21,80,37,8,1,9,4,1
SZ,002371,2017-01-03 10:10:54,26.8700,1,13434.0000,5,B,26.8600,26.8400,26.8300,26.8200,26.8100,26.8700,26.8900,26.9000,26.9100,26.9200,16,7,21,80,37,3,1,9,4,1
SZ,002371,2017-01-03 10:11:03,26.8600,2,42976.0000,16,S,26.8400,26.8300,26.8200,26.8100,26.8000,26.8600,26.8700,26.8900,26.9000,26.9100,7,21,80,37,40,284,119,1,9,4
SZ,002371,2017-01-03 10:11:06,26.8600,9,322320.0000,120,B,26.8400,26.8300,26.8200,26.8100,26.8000,26.8600,26.8700,26.8900,26.9000,26.9100,7,21,80,37,40,168,119,1,9,4
SZ,002371,2017-01-03 10:11:12,26.8600,1,10744.0000,4,B,26.8500,26.8400,26.8300,26.8200,26.8100,26.8600,26.8700,26.8900,26.9000,26.9100,1,7,21,80,37,164,119,1,9,4
SZ,002371,2017-01-03 10:11:21,26.8500,1,2686.0000,1,S,26.8500,26.8400,26.8300,26.8200,26.8100,26.8600,26.8700,26.8900,26.9000,26.9100,6,8,21,80,37,164,119,1,9,4
SZ,002371,2017-01-03 10:11:27,26.8500,1,10740.0000,4,S,26.8500,26.8400,26.8300,26.8200,26.8100,26.8600,26.8700,26.8800,26.8900,26.9000,2,15,21,80,37,164,119,1,1,9
SZ,002371,2017-01-03 10:11:30,26.8400,4,16106.0000,6,S,26.8400,26.8300,26.8200,26.8100,26.8000,26.8600,26.8700,26.8800,26.8900,26.9000,11,16,80,37,40,164,119,1,1,9
SZ,002371,2017-01-03 10:11:36,26.8600,1,13430.0000,5,B,26.8400,26.8300,26.8200,26.8100,26.8000,26.8600,26.8700,26.8800,26.8900,26.9000,11,16,80,37,40,155,119,1,1,9
SZ,002371,2017-01-03 10:11:39,26.8600,1,8058.0000,3,B,26.8400,26.8300,26.8200,26.8100,26.8000,26.8600,26.8700,26.8800,26.8900,26.9000,11,16,80,37,40,152,119,1,1,9
SZ,002371,2017-01-03 10:12:03,26.8400,4,29524.0000,11,S,26.8300,26.8200,26.8100,26.8000,26.7800,26.8400,26.8600,26.8700,26.8800,26.8900,16,80,37,40,42,7,152,119,1,1
SZ,002371,2017-01-03 10:12:09,26.8400,1,2684.0000,1,B,26.8300,26.8200,26.8100,26.8000,26.7800,26.8400,26.8600,26.8700,26.8800,26.9000,16,80,37,40,42,6,154,119,1,9
SZ,002371,2017-01-03 10:12:12,26.8400,1,13420.0000,5,B,26.8300,26.8200,26.8100,26.8000,26.7800,26.8400,26.8600,26.8700,26.8800,26.9000,16,80,37,40,42,1,153,119,1,9
SZ,002371,2017-01-03 10:12:15,26.8400,1,2684.0000,1,B,26.8300,26.8200,26.8100,26.8000,26.7800,26.8600,26.8700,26.8800,26.9000,26.9100,16,80,37,40,42,153,119,1,9,4
SZ,002371,2017-01-03 10:12:21,26.8400,1,5368.0000,2,B,26.8300,26.8200,26.8100,26.8000,26.7800,26.8600,26.8700,26.8800,26.9000,26.9100,16,80,37,40,42,153,119,1,9,4
SZ,002371,2017-01-03 10:12:33,26.8200,5,134132.0000,50,S,26.8200,26.8100,26.8000,26.7800,26.7700,26.8600,26.8700,26.8800,26.9000,26.9100,54,37,40,42,1,153,119,1,9,4
SZ,002371,2017-01-03 10:12:36,26.8200,1,13410.0000,5,S,26.8200,26.8100,26.8000,26.7800,26.7700,26.8600,26.8700,26.8800,26.9000,26.9100,49,37,40,42,1,153,119,1,9,4
SZ,002371,2017-01-03 10:12:57,26.8500,2,5370.0000,2,B,26.8300,26.8200,26.8100,26.8000,26.7800,26.8500,26.8600,26.8700,26.8800,26.9000,6,50,37,40,49,11,153,119,1,9
SZ,002371,2017-01-03 10:13:00,26.8300,1,5366.0000,2,S,26.8300,26.8200,26.8100,26.8000,26.7800,26.8500,26.8600,26.8700,26.8800,26.9000,4,50,37,40,49,11,153,119,1,9
SZ,002371,2017-01-03 10:13:03,26.8500,2,8054.0000,3,B,26.8400,26.8300,26.8200,26.8100,26.8000,26.8500,26.8600,26.8700,26.8800,26.9000,10,4,50,37,40,8,153,119,1,9
SZ,002371,2017-01-03 10:13:06,26.8400,1,2684.0000,1,S,26.8400,26.8300,26.8200,26.8100,26.8000,26.8500,26.8600,26.8700,26.8800,26.9000,9,4,50,37,40,8,153,119,1,9
SZ,002371,2017-01-03 10:13:15,26.8500,1,13426.0000,5,B,26.8400,26.8300,26.8200,26.8100,26.8000,26.8500,26.8600,26.8700,26.8800,26.9000,9,4,50,40,45,3,153,3,1,9
SZ,002371,2017-01-03 10:13:33,26.8500,1,8054.0000,3,B,26.8500,26.8400,26.8300,26.8200,26.8100,26.8600,26.8700,26.8800,26.9000,26.9100,7,11,34,50,40,153,3,1,9,4
SZ,002371,2017-01-03 10:13:54,26.8200,12,273642.0000,102,S,26.8100,26.8000,26.7900,26.7800,26.7700,26.8200,26.8600,26.8700,26.8800,26.9000,40,45,10,49,3,18,153,3,1,9
SZ,002371,2017-01-03 10:13:57,26.8200,1,34866.0000,13,B,26.8100,26.8000,26.7900,26.7800,26.7700,26.8200,26.8600,26.8700,26.9000,26.9100,40,45,10,49,3,5,152,3,9,4
SZ,002371,2017-01-03 10:14:00,26.8100,2,5362.0000,2,S,26.8100,26.8000,26.7900,26.7800,26.7700,26.8200,26.8600,26.8700,26.9000,26.9100,38,45,10,49,3,5,152,3,9,4
SZ,002371,2017-01-03 10:14:03,26.8100,3,50938.0000,19,S,26.8100,26.8000,26.7900,26.7800,26.7700,26.8200,26.8600,26.8700,26.9000,26.9100,19,45,10,49,3,5,152,3,9,4
SZ,002371,2017-01-03 10:14:06,26.8200,1,13412.0000,5,B,26.8100,26.8000,26.7900,26.7800,26.7700,26.8500,26.8600,26.8700,26.9000,26.9100,19,45,10,49,3,11,152,3,9,4
SZ,002371,2017-01-03 10:14:18,26.8200,2,13408.0000,5,S,26.8200,26.8100,26.8000,26.7900,26.7800,26.8500,26.8600,26.8700,26.9000,26.9100,2,21,45,10,50,11,152,3,9,4
SZ,002371,2017-01-03 10:14:21,26.8500,1,2686.0000,1,B,26.8200,26.8100,26.8000,26.7900,26.7800,26.8500,26.8600,26.8700,26.9000,26.9100,2,21,45,10,50,10,152,315,9,4
SZ,002371,2017-01-03 10:14:36,26.8200,2,13410.0000,5,S,26.8200,26.8100,26.8000,26.7900,26.7800,26.8500,26.8600,26.8700,26.9000,26.9200,10,21,45,10,50,10,152,4,9,1
SZ,002371,2017-01-03 10:14:39,26.8500,1,26850.0000,10,B,26.8200,26.8100,26.8000,26.7900,26.7800,26.8600,26.8700,26.9000,26.9200,26.9500,10,21,45,10,50,152,4,9,1,4
SZ,002371,2017-01-03 10:14:42,26.8100,7,107286.0000,40,S,26.8000,26.7900,26.7800,26.7700,26.7600,26.8100,26.8600,26.8700,26.9000,26.9200,45,10,50,3,4,24,152,4,9,1
SZ,002371,2017-01-03 10:14:51,26.8100,2,50940.0000,19,B,26.8000,26.7900,26.7800,26.7700,26.7600,26.8100,26.8200,26.8300,26.8600,26.8700,45,10,50,3,4,5,10,1,152,3
SZ,002371,2017-01-03 10:15:00,26.8100,1,13404.0000,5,B,26.8100,26.8000,26.7900,26.7800,26.7700,26.8300,26.8600,26.8700,26.9000,26.9200,49,45,10,50,3,1,152,3,9,1
SZ,002371,2017-01-03 10:15:03,26.8100,1,2680.0000,1,S,26.8100,26.8000,26.7900,26.7800,26.7700,26.8600,26.8700,26.9000,26.9200,26.9500,48,45,10,50,3,152,3,9,1,4
SZ,002371,2017-01-03 10:15:30,26.8200,1,5364.0000,2,S,26.8100,26.8000,26.7900,26.7800,26.7700,26.8500,26.8600,26.8700,26.9000,26.9200,52,54,10,50,3,6,152,3,9,1
SZ,002371,2017-01-03 10:15:33,26.8100,1,2682.0000,1,S,26.8100,26.8000,26.7900,26.7800,26.7700,26.8500,26.8600,26.8700,26.9000,26.9200,58,54,10,50,3,6,152,3,9,1
SZ,002371,2017-01-03 10:15:45,26.8100,1,21448.0000,8,S,26.8100,26.8000,26.7900,26.7800,26.7700,26.8500,26.8600,26.8700,26.9000,26.9200,55,54,10,50,3,6,152,3,9,1
SZ,002371,2017-01-03 10:16:03,26.8200,1,10728.0000,4,B,26.8200,26.8100,26.8000,26.7900,26.7800,26.8500,26.8600,26.8700,26.9000,26.9200,56,55,54,10,60,16,152,3,9,1
SZ,002371,2017-01-03 10:16:24,26.8200,1,2682.0000,1,S,26.8200,26.8100,26.8000,26.7900,26.7800,26.8500,26.8600,26.8700,26.9000,26.9200,57,59,52,10,60,16,152,3,9,1
SZ,002371,2017-01-03 10:16:36,26.8500,3,34876.0000,13,B,26.8200,26.8100,26.8000,26.7900,26.7800,26.8500,26.8600,26.8700,26.9000,26.9200,47,61,52,10,60,13,152,3,9,1
SZ,002371,2017-01-03 10:16:45,26.8200,1,2680.0000,1,S,26.8200,26.8100,26.8000,26.7900,26.7800,26.8500,26.8600,26.8700,26.9000,26.9200,61,49,52,10,60,13,152,3,9,1
SZ,002371,2017-01-03 10:17:00,26.8500,2,21480.0000,8,B,26.8200,26.8100,26.8000,26.7900,26.7800,26.8500,26.8600,26.8700,26.9000,26.9200,67,48,74,20,60,5,152,3,9,1
SZ,002371,2017-01-03 10:17:09,26.8200,1,2684.0000,1,S,26.8200,26.8100,26.8000,26.7900,26.7800,26.8500,26.8600,26.8700,26.9000,26.9200,66,48,74,20,60,5,152,3,9,1
SZ,002371,2017-01-03 10:17:15,26.8500,2,18794.0000,7,B,26.8300,26.8200,26.8100,26.8000,26.7900,26.8500,26.8600,26.8700,26.9000,26.9200,1,66,46,52,20,8,152,3,9,1
SZ,002371,2017-01-03 10:17:24,26.8500,1,2686.0000,1,B,26.8300,26.8200,26.8100,26.8000,26.7900,26.8500,26.8600,26.8700,26.9000,26.9200,1,66,67,52,20,7,152,4,9,11
SZ,002371,2017-01-03 10:17:30,26.8500,2,18794.0000,7,B,26.8500,26.8300,26.8200,26.8100,26.8000,26.8600,26.8700,26.9000,26.9200,26.9500,3,1,73,71,47,152,4,9,11,4
SZ,002371,2017-01-03 10:17:36,26.8600,1,10744.0000,4,B,26.8500,26.8300,26.8200,26.8100,26.8000,26.8600,26.8700,26.9000,26.9200,26.9500,3,5,75,71,47,148,4,9,11,4
SZ,002371,2017-01-03 10:17:48,26.8600,1,13430.0000,5,B,26.8500,26.8300,26.8200,26.8100,26.8000,26.8600,26.8700,26.9000,26.9200,26.9500,3,5,55,71,55,144,4,9,11,4
SZ,002371,2017-01-03 10:18:09,26.8600,2,42976.0000,16,B,26.8500,26.8400,26.8300,26.8200,26.8100,26.8600,26.8700,26.9000,26.9200,26.9500,2,20,5,55,71,129,4,9,11,4
SZ,002371,2017-01-03 10:18:12,26.8600,1,18800.0000,7,B,26.8500,26.8400,26.8300,26.8200,26.8100,26.8600,26.8700,26.9000,26.9200,26.9500,2,20,5,55,71,122,4,9,11,4
SZ,002371,2017-01-03 10:18:15,26.8600,1,21488.0000,8,B,26.8500,26.8400,26.8300,26.8200,26.8100,26.8600,26.8700,26.9000,26.9200,26.9500,2,20,5,55,71,114,4,9,11,4
SZ,002371,2017-01-03 10:18:21,26.8500,2,64440.0000,24,S,26.8400,26.8300,26.8200,26.8100,26.8000,26.8500,26.8600,26.8700,26.9000,26.9200,20,5,55,71,55,4,114,4,9,11
SZ,002371,2017-01-03 10:18:27,26.8500,1,10740.0000,4,B,26.8500,26.8400,26.8300,26.8200,26.8100,26.8600,26.8700,26.9000,26.9200,26.9500,4,20,5,55,71,205,4,9,11,4
SZ,002371,2017-01-03 10:18:51,26.8600,2,24174.0000,9,B,26.8500,26.8400,26.8300,26.8200,26.8100,26.8600,26.8700,26.9000,26.9200,26.9500,29,37,5,52,71,197,4,9,11,4
SZ,002371,2017-01-03 10:18:54,26.8600,1,5372.0000,2,B,26.8500,26.8400,26.8300,26.8200,26.8100,26.8600,26.8700,26.9000,26.9200,26.9500,39,37,5,52,71,195,4,9,11,4
SZ,002371,2017-01-03 10:19:06,26.8500,5,104714.0000,39,S,26.8400,26.8300,26.8200,26.8100,26.8000,26.8500,26.8600,26.8700,26.9000,26.9200,20,5,52,71,55,31,195,4,9,11
SZ,002371,2017-01-03 10:19:09,26.8500,1,18796.0000,7,B,26.8400,26.8300,26.8200,26.8100,26.8000,26.8500,26.8600,26.8700,26.9000,26.9200,20,5,52,71,55,24,195,4,9,11
SZ,002371,2017-01-03 10:19:18,26.8400,1,5368.0000,2,S,26.8400,26.8300,26.8200,26.8100,26.8000,26.8500,26.8600,26.8700,26.9000,26.9200,18,5,52,71,55,29,195,4,9,11
SZ,002371,2017-01-03 10:19:24,26.8500,1,5370.0000,2,B,26.8400,26.8300,26.8200,26.8100,26.8000,26.8500,26.8600,26.8700,26.9000,26.9200,18,5,52,71,55,22,195,4,9,11
SZ,002371,2017-01-03 10:19:27,26.8400,3,50996.0000,19,S,26.8300,26.8200,26.8100,26.8000,26.7900,26.8400,26.8500,26.8600,26.8700,26.9000,5,52,71,55,20,181,22,195,4,9
SZ,002371,2017-01-03 10:19:33,26.8400,1,21472.0000,8,B,26.8300,26.8200,26.8100,26.8000,26.7900,26.8400,26.8500,26.8600,26.8700,26.9000,5,52,71,55,20,177,22,195,4,9
SZ,002371,2017-01-03 10:19:39,26.8400,3,56364.0000,21,B,26.8300,26.8200,26.8100,26.8000,26.7900,26.8400,26.8500,26.8600,26.8700,26.9000,5,52,71,55,20,472,22,195,4,9
SZ,002371,2017-01-03 10:19:42,26.8300,2,13414.0000,5,S,26.8200,26.8100,26.8000,26.7900,26.7800,26.8300,26.8400,26.8500,26.8600,26.8700,52,71,55,20,60,27,472,22,195,4
SZ,002371,2017-01-03 10:19:48,26.8200,1,13412.0000,5,S,26.8200,26.8100,26.8000,26.7900,26.7800,26.8300,26.8400,26.8500,26.8600,26.8700,47,71,55,20,60,27,156,22,195,4
SZ,002371,2017-01-03 10:19:54,26.8300,1,8048.0000,3,B,26.8200,26.8100,26.8000,26.7900,26.7800,26.8300,26.8400,26.8500,26.8600,26.8700,47,71,55,20,60,24,156,22,195,4
SZ,002371,2017-01-03 10:19:57,26.8200,1,13410.0000,5,S,26.8200,26.8100,26.8000,26.7900,26.7800,26.8300,26.8400,26.8500,26.8600,26.8700,42,71,55,20,60,24,156,22,195,4
SZ,002371,2017-01-03 10:20:00,26.8300,1,18782.0000,7,B,26.8200,26.8100,26.8000,26.7900,26.7800,26.8300,26.8400,26.8500,26.8600,26.8700,42,71,55,20,60,17,156,22,195,4
SZ,002371,2017-01-03 10:20:06,26.8300,1,34878.0000,13,B,26.8200,26.8100,26.8000,26.7900,26.7800,26.8300,26.8400,26.8500,26.8600,26.8700,42,71,55,20,60,10,156,22,195,4
SZ,002371,2017-01-03 10:20:09,26.8300,7,128738.0000,48,B,26.8100,26.8000,26.7900,26.7800,26.7700,26.8300,26.8400,26.8500,26.8600,26.8700,71,55,20,60,3,8,156,22,195,4
SZ,002371,2017-01-03 10:20:18,26.8100,2,13404.0000,5,S,26.8100,26.8000,26.7900,26.7800,26.7700,26.8300,26.8400,26.8500,26.8600,26.8700,66,55,20,60,3,3,156,22,195,4
SZ,002371,2017-01-03 10:20:21,26.8300,3,21464.0000,8,B,26.8100,26.8000,26.7900,26.7800,26.7700,26.8400,26.8500,26.8600,26.8700,26.9000,66,55,20,60,3,156,22,103,4,9
SZ,002371,2017-01-03 10:20:24,26.8400,3,56350.0000,21,B,26.8300,26.8200,26.8100,26.8000,26.7900,26.8400,26.8500,26.8600,26.8700,26.9000,2,4,61,55,20,140,23,103,4,9
SZ,002371,2017-01-03 10:20:36,26.8400,1,5368.0000,2,B,26.8200,26.8100,26.8000,26.7900,26.7800,26.8400,26.8500,26.8600,26.8700,26.9000,4,76,55,20,60,143,23,103,4,9
SZ,002371,2017-01-03 10:20:42,26.8400,5,93940.0000,35,B,26.8200,26.8100,26.8000,26.7900,26.7800,26.8400,26.8500,26.8600,26.8700,26.9000,7,81,55,20,60,108,1,103,4,9
SZ,002371,2017-01-03 10:20:54,26.8400,3,37572.0000,14,B,26.8200,26.8100,26.8000,26.7900,26.7800,26.8400,26.8500,26.8600,26.8700,26.9000,19,81,55,20,60,93,1,103,4,9
SZ,002371,2017-01-03 10:21:00,26.8400,2,21470.0000,8,B,26.8200,26.8100,26.8000,26.7900,26.7800,26.8400,26.8500,26.8600,26.8700,26.9000,19,81,55,20,60,91,1,103,4,9
SZ,002371,2017-01-03 10:21:03,26.8400,2,29516.0000,11,B,26.8200,26.8100,26.8000,26.7900,26.7800,26.8400,26.8500,26.8600,26.8700,26.9000,15,81,55,20,60,84,1,103,4,9
SZ,002371,2017-01-03 10:21:09,26.8400,1,24156.0000,9,B,26.8200,26.8100,26.8000,26.7900,26.7800,26.8400,26.8500,26.8600,26.8700,26.9000,15,81,55,20,60,75,1,103,4,9
SZ,002371,2017-01-03 10:21:18,26.8400,1,8052.0000,3,B,26.8300,26.8200,26.8100,26.8000,26.7900,26.8400,26.8500,26.8600,26.8700,26.9000,30,17,81,55,20,72,1,103,4,9
SZ,002371,2017-01-03 10:21:21,26.8400,1,10736.0000,4,B,26.8300,26.8200,26.8100,26.8000,26.7900,26.8400,26.8500,26.8600,26.8700,26.9000,30,17,81,55,20,68,1,103,4,9
SZ,002371,2017-01-03 10:21:24,26.8200,6,144860.0000,54,S,26.8100,26.8000,26.7900,26.7800,26.7700,26.8200,26.8300,26.8400,26.8500,26.8600,81,55,20,60,3,62,1,63,1,103
SZ,002371,2017-01-03 10:21:27,26.8200,1,21456.0000,8,B,26.8100,26.8000,26.7900,26.7800,26.7700,26.8200,26.8300,26.8400,26.8500,26.8600,81,55,20,60,3,54,1,63,1,103
SZ,002371,2017-01-03 10:21:30,26.8100,2,45576.0000,17,S,26.8100,26.8000,26.7900,26.7800,26.7700,26.8200,26.8300,26.8400,26.8500,26.8600,64,55,20,60,3,54,1,64,1,103
SZ,002371,2017-01-03 10:21:33,26.8100,2,13404.0000,5,S,26.8100,26.8000,26.7900,26.7800,26.7700,26.8200,26.8300,26.8400,26.8500,26.8600,59,55,20,60,3,54,1,64,1,103
SZ,002371,2017-01-03 10:21:36,26.8200,1,5364.0000,2,B,26.8100,26.8000,26.7900,26.7800,26.7700,26.8200,26.8300,26.8400,26.8500,26.8600,59,55,20,60,3,57,1,64,1,103
SZ,002371,2017-01-03 10:21:54,26.8100,9,168908.0000,63,S,26.8000,26.7900,26.7800,26.7700,26.7600,26.8100,26.8200,26.8300,26.8400,26.8500,55,20,55,3,65,11,53,1,64,1
SZ,002371,2017-01-03 10:21:57,26.8100,1,8044.0000,3,B,26.8000,26.7900,26.7800,26.7700,26.7600,26.8100,26.8200,26.8300,26.8400,26.8500,55,20,55,3,65,8,53,1,64,1
SZ,002371,2017-01-03 10:22:00,26.8000,1,13400.0000,5,S,26.8000,26.7900,26.7800,26.7700,26.7600,26.8100,26.8200,26.8300,26.8400,26.8500,50,20,55,3,65,8,48,1,64,1
SZ,002371,2017-01-03 10:22:06,26.8100,1,21448.0000,8,B,26.8000,26.7900,26.7800,26.7700,26.7600,26.8100,26.8200,26.8300,26.8400,26.8500,51,20,55,3,65,5,2,1,64,1
SZ,002371,2017-01-03 10:22:12,26.8100,1,13404.0000,5,B,26.8100,26.8000,26.7900,26.7800,26.7700,26.8200,26.8300,26.8400,26.8500,26.8600,2,49,20,55,3,2,1,64,1,103
SZ,002371,2017-01-03 10:22:15,26.8200,2,10728.0000,4,B,26.8100,26.8000,26.7900,26.7800,26.7700,26.8200,26.8300,26.8400,26.8500,26.8600,2,49,20,55,3,3,1,64,1,103
SZ,002371,2017-01-03 10:22:18,26.8200,1,5364.0000,2,B,26.8100,26.8000,26.7900,26.7800,26.7700,26.8200,26.8300,26.8400,26.8500,26.8600,2,49,20,55,3,1,1,64,1,103
SZ,002371,2017-01-03 10:22:21,26.8000,9,123282.0000,46,S,26.8000,26.7900,26.7800,26.7700,26.7600,26.8200,26.8300,26.8400,26.8500,26.8600,5,20,55,3,65,1,1,64,1,103
SZ,002371,2017-01-03 10:22:51,26.8200,1,2682.0000,1,B,26.8200,26.8000,26.7900,26.7800,26.7700,26.8300,26.8400,26.8500,26.8600,26.8700,5,5,10,55,8,1,64,1,103,3
SZ,002371,2017-01-03 10:23:15,26.8300,2,8048.0000,3,B,26.8200,26.8000,26.7900,26.7800,26.7700,26.8300,26.8400,26.8500,26.8600,26.8700,1,4,10,55,8,3,64,1,103,3
SZ,002371,2017-01-03 10:23:18,26.8000,4,24124.0000,9,S,26.7900,26.7800,26.7700,26.7600,26.7500,26.8000,26.8300,26.8400,26.8500,26.8600,10,55,8,54,54,106,3,64,1,103
SZ,002371,2017-01-03 10:23:27,26.8000,3,10718.0000,4,B,26.7900,26.7800,26.7700,26.7600,26.7500,26.8000,26.8400,26.8600,26.8700,26.8800,9,55,23,54,54,108,63,103,3,20
SZ,002371,2017-01-03 10:23:30,26.7900,2,5358.0000,2,S,26.7900,26.7800,26.7700,26.7600,26.7500,26.8000,26.8400,26.8600,26.8700,26.8800,7,55,33,54,54,108,63,103,3,20
SZ,002371,2017-01-03 10:23:48,26.8000,1,10720.0000,4,B,26.7900,26.7800,26.7700,26.7600,26.7500,26.8000,26.8400,26.8600,26.8700,26.8800,15,65,33,54,54,147,63,103,3,20
SZ,002371,2017-01-03 10:23:51,26.8000,2,32150.0000,12,B,26.7900,26.7800,26.7700,26.7600,26.7500,26.8000,26.8400,26.8600,26.8700,26.8800,5,65,33,54,54,145,63,103,3,20
SZ,002371,2017-01-03 10:23:57,26.7900,5,77694.0000,29,S,26.7800,26.7700,26.7600,26.7500,26.7300,26.8000,26.8400,26.8600,26.8700,26.8800,65,33,54,54,6,142,63,103,3,20
SZ,002371,2017-01-03 10:24:09,26.7800,5,42848.0000,16,S,26.7800,26.7700,26.7600,26.7500,26.7300,26.8000,26.8400,26.8600,26.8700,26.8800,49,33,54,54,6,142,59,103,3,20
SZ,002371,2017-01-03 10:24:18,26.7800,1,2678.0000,1,S,26.7800,26.7700,26.7600,26.7500,26.7300,26.8000,26.8400,26.8600,26.8700,26.8800,48,23,64,54,6,142,59,103,3,20
SZ,002371,2017-01-03 10:24:24,26.7800,1,5356.0000,2,S,26.7800,26.7700,26.7600,26.7500,26.7300,26.8000,26.8400,26.8600,26.8700,26.8800,46,23,67,54,6,142,59,103,3,20
SZ,002371,2017-01-03 10:24:27,26.7800,7,147290.0000,55,S,26.7800,26.7700,26.7600,26.7500,26.7300,26.8000,26.8400,26.8600,26.8700,26.8800,1,23,67,54,6,142,59,103,3,20
SZ,002371,2017-01-03 10:24:33,26.7800,2,5356.0000,2,S,26.7700,26.7600,26.7500,26.7300,26.7200,26.7800,26.8000,26.8400,26.8600,26.8700,8,67,54,6,2,4,137,59,103,3
SZ,002371,2017-01-03 10:24:36,26.7700,3,13384.0000,5,S,26.7700,26.7600,26.7500,26.7300,26.7200,26.7800,26.8000,26.8400,26.8600,26.8700,3,67,54,6,2,4,137,59,103,3
SZ,002371,2017-01-03 10:24:39,26.7800,2,13392.0000,5,B,26.7700,26.7600,26.7500,26.7300,26.7200,26.7800,26.8000,26.8400,26.8600,26.8700,3,67,54,6,2,4,137,59,103,3
SZ,002371,2017-01-03 10:24:42,26.7700,2,26768.0000,10,S,26.7600,26.7500,26.7300,26.7200,26.7100,26.7700,26.7800,26.8000,26.8400,26.8600,67,54,6,2,8,13,4,137,59,103
SZ,002371,2017-01-03 10:24:48,26.7700,1,5356.0000,2,B,26.7600,26.7500,26.7300,26.7200,26.7100,26.7700,26.8000,26.8400,26.8600,26.8700,67,54,6,18,8,136,137,59,103,3
SZ,002371,2017-01-03 10:24:51,26.7700,1,13384.0000,5,B,26.7600,26.7500,26.7300,26.7200,26.7100,26.7700,26.8000,26.8400,26.8600,26.8700,64,54,6,18,8,131,137,59,103,3
SZ,002371,2017-01-03 10:24:57,26.7600,2,101688.0000,38,S,26.7600,26.7500,26.7300,26.7200,26.7100,26.7700,26.8000,26.8400,26.8600,26.8700,26,54,2,18,8,131,43,59,103,3
SZ,002371,2017-01-03 10:25:00,26.7600,2,69576.0000,26,S,26.7500,26.7300,26.7200,26.7100,26.7000,26.7600,26.7700,26.8000,26.8400,26.8600,54,2,18,8,78,73,126,43,59,103
SZ,002371,2017-01-03 10:25:03,26.7600,3,40136.0000,15,B,26.7500,26.7300,26.7200,26.7100,26.7000,26.7600,26.7700,26.8000,26.8400,26.8600,49,2,18,12,78,64,126,43,59,103
SZ,002371,2017-01-03 10:25:15,26.7600,1,2676.0000,1,B,26.7500,26.7300,26.7200,26.7100,26.7000,26.7600,26.7700,26.8000,26.8400,26.8600,49,5,18,12,78,79,126,43,59,103
SZ,002371,2017-01-03 10:25:21,26.7600,1,13380.0000,5,B,26.7500,26.7300,26.7200,26.7100,26.7000,26.7600,26.7700,26.8000,26.8400,26.8600,49,5,18,19,78,74,126,43,59,103
SZ,002371,2017-01-03 10:25:24,26.7600,3,149856.0000,56,B,26.7500,26.7300,26.7200,26.7100,26.7000,26.7600,26.7700,26.8000,26.8400,26.8600,49,5,18,22,80,18,126,43,59,103
SZ,002371,2017-01-03 10:25:30,26.7500,1,13374.0000,5,S,26.7500,26.7300,26.7200,26.7100,26.7000,26.7600,26.7700,26.8000,26.8400,26.8600,44,5,18,32,80,12,126,43,59,103
SZ,002371,2017-01-03 10:25:33,26.7600,2,10704.0000,4,B,26.7500,26.7300,26.7200,26.7100,26.7000,26.7600,26.7700,26.8000,26.8400,26.8600,44,5,18,32,80,13,120,43,59,103
SZ,002371,2017-01-03 10:25:36,26.7600,3,34788.0000,13,B,26.7600,26.7500,26.7300,26.7200,26.7100,26.7700,26.8000,26.8400,26.8600,26.8700,27,44,2,18,43,120,43,59,103,3
SZ,002371,2017-01-03 10:25:45,26.7600,1,10704.0000,4,S,26.7600,26.7500,26.7300,26.7200,26.7100,26.7700,26.8000,26.8400,26.8600,26.8700,31,44,4,18,43,436,43,59,103,3
SZ,002371,2017-01-03 10:25:48,26.7700,2,13386.0000,5,B,26.7600,26.7500,26.7300,26.7200,26.7100,26.7700,26.8000,26.8400,26.8600,26.8700,35,44,4,18,43,120,43,59,103,3
SZ,002371,2017-01-03 10:25:51,26.7700,2,109756.0000,41,B,26.7600,26.7500,26.7300,26.7200,26.7100,26.7700,26.8000,26.8400,26.8600,26.8700,35,44,4,18,43,79,43,59,103,3
SZ,002371,2017-01-03 10:25:54,26.7600,1,16056.0000,6,S,26.7600,26.7500,26.7300,26.7200,26.7100,26.7700,26.8000,26.8400,26.8600,26.8700,27,44,4,18,43,79,45,59,103,3
SZ,002371,2017-01-03 10:25:57,26.7800,12,214160.0000,80,B,26.7800,26.7600,26.7500,26.7300,26.7200,26.8000,26.8400,26.8600,26.8700,26.8800,89,27,44,4,18,45,59,103,3,20
SZ,002371,2017-01-03 10:26:00,26.7800,1,13392.0000,5,S,26.7800,26.7600,26.7500,26.7300,26.7200,26.8000,26.8400,26.8600,26.8700,26.8800,84,28,44,9,18,45,59,103,3,20
SZ,002371,2017-01-03 10:26:09,26.8000,1,5360.0000,2,B,26.7800,26.7600,26.7500,26.7300,26.7200,26.8000,26.8400,26.8600,26.8700,26.8800,84,28,44,9,18,48,59,103,3,20
SZ,002371,2017-01-03 10:26:15,26.8000,1,2680.0000,1,B,26.7800,26.7600,26.7500,26.7300,26.7200,26.8000,26.8400,26.8600,26.8700,26.8800,84,28,44,9,18,47,59,103,3,20
SZ,002371,2017-01-03 10:26:18,26.8000,1,5360.0000,2,B,26.7800,26.7600,26.7500,26.7300,26.7200,26.8000,26.8400,26.8600,26.8700,26.8800,84,28,44,9,18,44,59,103,3,20
SZ,002371,2017-01-03 10:26:21,26.8000,1,8040.0000,3,B,26.7900,26.7800,26.7600,26.7500,26.7300,26.8000,26.8400,26.8600,26.8700,26.8800,8,84,28,44,9,3,59,103,3,20
SZ,002371,2017-01-03 10:26:24,26.7900,2,5356.0000,2,S,26.7900,26.7800,26.7600,26.7500,26.7300,26.8000,26.8400,26.8600,26.8700,26.8800,6,104,27,44,9,3,59,103,3,20
SZ,002371,2017-01-03 10:26:33,26.7800,3,93748.0000,35,S,26.7800,26.7600,26.7500,26.7300,26.7200,26.8000,26.8400,26.8600,26.8700,26.8800,87,42,44,9,18,13,59,103,3,20
SZ,002371,2017-01-03 10:26:39,26.8000,1,2680.0000,1,B,26.7900,26.7800,26.7600,26.7500,26.7300,26.8000,26.8400,26.8600,26.8700,26.8800,10,87,42,44,9,15,59,103,3,20
SZ,002371,2017-01-03 10:26:45,26.8000,1,13400.0000,5,B,26.7900,26.7800,26.7700,26.7600,26.7500,26.8000,26.8400,26.8600,26.8700,26.8800,10,87,5,42,44,10,59,103,3,20
SZ,002371,2017-01-03 10:26:51,26.8200,3,32164.0000,12,B,26.8200,26.7900,26.7800,26.7700,26.7600,26.8400,26.8600,26.8700,26.8800,26.9000,88,10,87,7,42,59,103,3,20,9
SZ,002371,2017-01-03 10:26:57,26.8200,1,8048.0000,3,S,26.8200,26.7900,26.7800,26.7700,26.7600,26.8400,26.8600,26.8700,26.8800,26.9000,85,10,87,7,42,59,103,3,20,9
SZ,002371,2017-01-03 10:27:03,26.8300,2,5364.0000,2,B,26.8200,26.8100,26.7900,26.7800,26.7700,26.8300,26.8400,26.8600,26.8700,26.8800,85,3,10,87,7,3,59,103,3,20
SZ,002371,2017-01-03 10:27:12,26.8400,4,29522.0000,11,B,26.8300,26.8100,26.8000,26.7900,26.7800,26.8400,26.8600,26.8700,26.8800,26.9000,3,3,12,31,87,51,103,3,20,9
SZ,002371,2017-01-03 10:27:18,26.8400,1,2684.0000,1,B,26.8300,26.8100,26.8000,26.7900,26.7800,26.8400,26.8600,26.8700,26.8800,26.9000,3,3,12,31,89,50,103,3,20,9
SZ,002371,2017-01-03 10:27:24,26.8300,1,2682.0000,1,S,26.8300,26.8100,26.8000,26.7900,26.7800,26.8400,26.8600,26.8700,26.8800,26.9000,2,3,12,31,89,50,103,3,20,9
SZ,002371,2017-01-03 10:27:30,26.8400,5,56364.0000,21,B,26.8300,26.8100,26.8000,26.7900,26.7800,26.8400,26.8600,26.8700,26.8800,26.9000,2,3,12,31,89,29,103,3,20,9
SZ,002371,2017-01-03 10:27:33,26.8400,3,77836.0000,29,B,26.8400,26.8300,26.8100,26.8000,26.7900,26.8600,26.8700,26.8800,26.9000,26.9200,10,2,24,12,31,103,3,20,9,1
SZ,002371,2017-01-03 10:27:45,26.8600,1,13432.0000,5,B,26.8400,26.8300,26.8100,26.8000,26.7900,26.8600,26.8700,26.8800,26.9000,26.9200,10,2,24,12,31,98,3,20,9,1
SZ,002371,2017-01-03 10:27:48,26.8600,1,8056.0000,3,B,26.8400,26.8300,26.8100,26.8000,26.7900,26.8600,26.8700,26.8800,26.9000,26.9200,10,2,24,17,31,95,3,20,9,1
SZ,002371,2017-01-03 10:27:51,26.8600,1,5372.0000,2,B,26.8400,26.8300,26.8100,26.8000,26.7900,26.8600,26.8700,26.8800,26.9000,26.9200,10,2,24,17,31,93,3,20,9,1
SZ,002371,2017-01-03 10:27:54,26.8600,1,13432.0000,5,B,26.8500,26.8400,26.8300,26.8100,26.8000,26.8600,26.8700,26.8800,26.9000,26.9200,10,10,2,24,17,88,3,20,9,1
SZ,002371,2017-01-03 10:27:57,26.8600,1,2684.0000,1,B,26.8500,26.8400,26.8300,26.8100,26.8000,26.8600,26.8700,26.8800,26.9000,26.9200,10,10,2,24,17,87,3,20,9,1
SZ,002371,2017-01-03 10:28:18,26.8600,2,8060.0000,3,B,26.8500,26.8400,26.8300,26.8100,26.8000,26.8600,26.8700,26.8800,26.9000,26.9200,50,10,2,24,17,104,3,20,9,1
SZ,002371,2017-01-03 10:28:30,26.8600,1,8056.0000,3,B,26.8500,26.8400,26.8300,26.8100,26.8000,26.8600,26.8700,26.8800,26.9000,26.9200,50,10,2,24,17,101,3,20,9,1
SZ,002371,2017-01-03 10:28:36,26.8500,1,26852.0000,10,S,26.8500,26.8400,26.8300,26.8100,26.8000,26.8600,26.8700,26.8800,26.9000,26.9200,40,10,2,24,17,101,3,20,9,1
SZ,002371,2017-01-03 10:28:39,26.8500,6,107400.0000,40,S,26.8400,26.8300,26.8100,26.8000,26.7900,26.8500,26.8600,26.8700,26.8800,26.9000,10,2,24,17,31,126,101,3,20,9
SZ,002371,2017-01-03 10:28:45,26.8500,2,18794.0000,7,B,26.8400,26.8300,26.8100,26.8000,26.7900,26.8500,26.8600,26.8700,26.8800,26.9000,10,2,24,17,31,123,101,3,20,9
SZ,002371,2017-01-03 10:28:51,26.8500,1,8054.0000,3,B,26.8400,26.8300,26.8100,26.8000,26.7900,26.8500,26.8600,26.8700,26.8800,26.9000,10,2,24,17,31,120,101,3,20,9
SZ,002371,2017-01-03 10:28:57,26.8500,1,26852.0000,10,B,26.8400,26.8300,26.8100,26.8000,26.7900,26.8500,26.8600,26.8700,26.8800,26.9000,10,2,24,17,31,110,101,3,20,9
SZ,002371,2017-01-03 10:29:00,26.8500,1,8054.0000,3,B,26.8400,26.8300,26.8100,26.8000,26.7900,26.8500,26.8600,26.8700,26.8800,26.9000,10,2,24,17,31,107,101,3,20,9
SZ,002371,2017-01-03 10:29:18,26.8500,3,45646.0000,17,B,26.8400,26.8300,26.8100,26.8000,26.7900,26.8500,26.8600,26.8700,26.8800,26.9000,10,2,24,17,35,104,101,3,20,9
SZ,002371,2017-01-03 10:29:21,26.8500,1,16108.0000,6,B,26.8400,26.8300,26.8100,26.8000,26.7900,26.8500,26.8600,26.8700,26.8800,26.9000,10,2,24,17,35,98,101,4,20,9
SZ,002371,2017-01-03 10:29:24,26.8400,1,2684.0000,1,S,26.8400,26.8300,26.8100,26.8000,26.7900,26.8500,26.8600,26.8700,26.8800,26.9000,9,2,24,17,35,84,101,4,20,9
SZ,002371,2017-01-03 10:29:33,26.8400,1,24156.0000,9,S,26.8300,26.8100,26.8000,26.7900,26.7800,26.8400,26.8500,26.8600,26.8700,26.8800,2,24,17,35,89,5,80,101,4,20
SZ,002371,2017-01-03 10:29:36,26.8500,5,163780.0000,61,B,26.8300,26.8100,26.8000,26.7900,26.7800,26.8500,26.8600,26.8700,26.8800,26.9000,2,24,17,35,89,24,101,4,20,9
SZ,002371,2017-01-03 10:29:45,26.8400,2,10736.0000,4,B,26.8400,26.8300,26.8100,26.8000,26.7900,26.8500,26.8600,26.8700,26.8800,26.9000,3,1,24,17,35,24,101,4,20,9
SZ,002371,2017-01-03 10:29:51,26.8500,1,10740.0000,4,B,26.8400,26.8300,26.8100,26.8000,26.7900,26.8500,26.8600,26.8700,26.8800,26.9000,3,1,24,17,40,20,81,4,20,9
SZ,002371,2017-01-03 10:29:57,26.8400,1,2684.0000,1,S,26.8400,26.8300,26.8100,26.8000,26.7900,26.8500,26.8600,26.8700,26.8800,26.9000,2,1,24,17,40,20,81,4,20,9
SZ,002371,2017-01-03 10:30:00,26.8500,1,2684.0000,1,B,26.8400,26.8300,26.8100,26.8000,26.7900,26.8500,26.8600,26.8700,26.8800,26.9000,2,1,24,17,40,19,81,4,20,9
SZ,002371,2017-01-03 10:30:03,26.8500,1,2686.0000,1,B,26.8400,26.8300,26.8100,26.8000,26.7900,26.8500,26.8600,26.8700,26.8800,26.9000,2,1,24,17,40,18,81,4,20,9
SZ,002371,2017-01-03 10:30:06,26.8500,1,2686.0000,1,B,26.8400,26.8300,26.8100,26.8000,26.7900,26.8500,26.8600,26.8700,26.8800,26.9000,2,1,24,17,40,17,81,4,20,9
SZ,002371,2017-01-03 10:30:12,26.8500,1,2684.0000,1,B,26.8400,26.8300,26.8100,26.8000,26.7900,26.8500,26.8600,26.8700,26.8800,26.9000,2,1,24,17,40,16,81,4,20,9
SZ,002371,2017-01-03 10:30:15,26.8500,1,2684.0000,1,B,26.8400,26.8300,26.8100,26.8000,26.7900,26.8500,26.8600,26.8700,26.8800,26.9000,2,1,24,17,40,15,81,4,20,9
SZ,002371,2017-01-03 10:30:18,26.8500,1,10740.0000,4,B,26.8400,26.8300,26.8100,26.8000,26.7900,26.8500,26.8600,26.8700,26.8800,26.9000,2,1,24,17,40,18,81,4,20,9
SZ,002371,2017-01-03 10:30:21,26.8500,3,48332.0000,18,B,26.8500,26.8400,26.8300,26.8100,26.8000,26.8600,26.8700,26.8800,26.9000,26.9200,15,2,1,24,17,81,4,20,9,1
SZ,002371,2017-01-03 10:30:27,26.8600,2,16116.0000,6,B,26.8500,26.8400,26.8300,26.8100,26.8000,26.8600,26.8700,26.8800,26.9000,26.9200,3,2,1,24,17,75,4,20,9,1
SZ,002371,2017-01-03 10:30:33,26.8600,2,158472.0000,59,B,26.8500,26.8400,26.8300,26.8100,26.8000,26.8600,26.8700,26.8800,26.9000,26.9200,26,2,1,24,17,16,4,20,9,1
SZ,002371,2017-01-03 10:30:39,26.8600,1,21488.0000,8,B,26.8500,26.8400,26.8300,26.8100,26.8000,26.8600,26.8700,26.8800,26.9000,26.9200,29,2,1,24,17,8,4,20,9,1
SZ,002371,2017-01-03 10:30:42,26.8600,1,21488.0000,8,B,26.8600,26.8500,26.8400,26.8300,26.8100,26.8700,26.8800,26.9000,26.9200,26.9300,2,29,2,1,24,4,20,9,1,0
SZ,002371,2017-01-03 10:30:48,26.8600,2,5372.0000,2,B,26.8500,26.8400,26.8300,26.8100,26.8000,26.8600,26.8700,26.8800,26.9000,26.9200,29,2,1,24,17,7,4,189,9,1
SZ,002371,2017-01-03 10:30:51,26.8600,2,10744.0000,4,B,26.8500,26.8400,26.8300,26.8100,26.8000,26.8600,26.8700,26.8800,26.9000,26.9200,26,2,1,24,17,3,4,189,9,1
SZ,002371,2017-01-03 10:30:54,26.8600,2,21484.0000,8,B,26.8600,26.8500,26.8400,26.8300,26.8100,26.8700,26.8800,26.9000,26.9200,26.9300,9,21,2,1,24,4,189,9,1,0
SZ,002371,2017-01-03 10:31:03,26.8700,1,5374.0000,2,B,26.8600,26.8500,26.8400,26.8300,26.8100,26.8700,26.8800,26.9000,26.9200,26.9300,9,21,2,1,24,2,189,9,1,0
SZ,002371,2017-01-03 10:31:15,26.8700,2,7282.0000,3,B,26.8700,26.8600,26.8500,26.8400,26.8300,26.8800,26.9000,26.9200,26.9300,26.9600,28,2,21,2,1,189,9,1,0,5
SZ,002371,2017-01-03 10:31:21,26.8800,2,43008.0000,16,B,26.8700,26.8600,26.8500,26.8400,26.8300,26.8800,26.9000,26.9200,26.9300,26.9600,36,2,21,2,1,173,9,1,0,5
SZ,002371,2017-01-03 10:31:27,26.8800,4,80640.0000,30,B,26.8700,26.8600,26.8500,26.8400,26.8300,26.8800,26.9000,26.9200,26.9300,26.9600,36,2,21,2,1,143,9,1,0,5
SZ,002371,2017-01-03 10:31:30,26.8700,2,5374.0000,2,S,26.8700,26.8600,26.8500,26.8400,26.8300,26.8800,26.9000,26.9200,26.9300,26.9600,35,2,21,2,1,142,9,1,0,5
SZ,002371,2017-01-03 10:31:39,26.8800,1,8064.0000,3,B,26.8700,26.8600,26.8500,26.8400,26.8300,26.8800,26.9000,26.9200,26.9300,26.9600,36,2,21,2,1,139,9,1,0,5
SZ,002371,2017-01-03 10:31:42,26.8800,1,2688.0000,1,B,26.8700,26.8500,26.8400,26.8300,26.8100,26.8800,26.9000,26.9200,26.9300,26.9600,36,21,2,1,24,138,9,1,0,5
SZ,002371,2017-01-03 10:31:51,26.8800,2,59134.0000,22,B,26.8700,26.8500,26.8400,26.8300,26.8100,26.8800,26.9000,26.9200,26.9300,26.9600,33,21,2,8,24,118,9,1,0,5
SZ,002371,2017-01-03 10:31:54,26.8800,2,72576.0000,27,B,26.8700,26.8500,26.8400,26.8300,26.8100,26.8800,26.9000,26.9200,26.9300,26.9600,33,21,2,8,24,91,9,1,0,5
SZ,002371,2017-01-03 10:31:57,26.8700,3,67176.0000,25,S,26.8700,26.8500,26.8400,26.8300,26.8100,26.8800,26.9000,26.9200,26.9300,26.9600,8,21,2,8,24,91,9,1,0,5
SZ,002371,2017-01-03 10:32:00,26.8800,2,8064.0000,3,B,26.8700,26.8500,26.8400,26.8300,26.8100,26.8800,26.9000,26.9200,26.9300,26.9600,8,21,2,8,24,88,9,1,0,5
SZ,002371,2017-01-03 10:32:06,26.8800,8,236544.0000,88,B,26.8800,26.8700,26.8500,26.8400,26.8300,26.9000,26.9200,26.9300,26.9600,26.9700,4,8,21,2,8,9,1,0,5,2
SZ,002371,2017-01-03 10:32:12,26.8700,2,13438.0000,5,S,26.8700,26.8500,26.8400,26.8300,26.8100,26.9000,26.9200,26.9300,26.9600,26.9700,7,21,2,8,24,9,1,0,5,2
SZ,002371,2017-01-03 10:32:15,26.9000,1,24210.0000,9,B,26.9000,26.8700,26.8500,26.8400,26.8300,26.9200,26.9300,26.9600,26.9700,26.9800,31,7,21,2,8,1,0,5,2,62
SZ,002371,2017-01-03 10:32:18,26.9000,1,72630.0000,27,S,26.9000,26.8700,26.8500,26.8400,26.8300,26.9200,26.9300,26.9600,26.9700,26.9800,4,9,21,2,8,1,0,5,2,62
SZ,002371,2017-01-03 10:32:21,26.9200,1,2692.0000,1,B,26.9200,26.9000,26.8800,26.8700,26.8500,26.9300,26.9600,26.9700,26.9800,26.9900,4,4,2,9,21,0,5,43,62,37
SZ,002371,2017-01-03 10:32:27,26.9400,2,2694.0000,1,B,26.9200,26.9000,26.8800,26.8700,26.8500,26.9400,26.9600,26.9700,26.9800,26.9900,4,4,2,17,21,0,5,43,62,37
SZ,002371,2017-01-03 10:32:42,26.9200,1,10768.0000,4,S,26.9000,26.8800,26.8700,26.8500,26.8400,26.9200,26.9300,26.9600,26.9700,26.9800,4,2,14,18,2,36,20,9,43,62
SZ,002371,2017-01-03 10:32:51,26.9200,1,2692.0000,1,B,26.9000,26.8800,26.8700,26.8500,26.8400,26.9200,26.9300,26.9600,26.9700,26.9800,4,7,14,18,2,35,20,9,43,62
SZ,002371,2017-01-03 10:32:57,26.9200,1,2692.0000,1,B,26.9000,26.8800,26.8700,26.8500,26.8400,26.9200,26.9300,26.9600,26.9700,26.9800,4,7,14,18,2,34,20,11,43,62
SZ,002371,2017-01-03 10:33:06,26.9000,1,10760.0000,4,S,26.8800,26.8700,26.8500,26.8400,26.8300,26.9000,26.9200,26.9300,26.9600,26.9700,7,14,18,2,8,1,34,20,21,43
SZ,002371,2017-01-03 10:33:21,26.9000,1,2690.0000,1,B,26.8800,26.8700,26.8500,26.8400,26.8300,26.9000,26.9200,26.9300,26.9600,26.9700,7,14,18,2,8,10,34,20,17,43
SZ,002371,2017-01-03 10:33:39,26.9000,1,16140.0000,6,B,26.8800,26.8700,26.8500,26.8400,26.8300,26.9000,26.9200,26.9300,26.9600,26.9700,20,8,18,2,8,18,34,20,17,43
SZ,002371,2017-01-03 10:33:45,26.9000,1,2690.0000,1,B,26.8800,26.8700,26.8500,26.8400,26.8300,26.9000,26.9200,26.9300,26.9600,26.9700,20,8,18,2,8,19,34,20,17,43
SZ,002371,2017-01-03 10:33:51,26.9000,3,18830.0000,7,B,26.8800,26.8700,26.8500,26.8400,26.8300,26.9000,26.9200,26.9300,26.9400,26.9600,20,8,18,2,8,12,34,20,2,17
SZ,002371,2017-01-03 10:33:57,26.8800,1,2688.0000,1,S,26.8800,26.8700,26.8500,26.8400,26.8300,26.9000,26.9200,26.9300,26.9400,26.9600,19,8,18,2,8,12,24,20,2,17
SZ,002371,2017-01-03 10:34:24,26.9000,2,18830.0000,7,B,26.8800,26.8700,26.8500,26.8400,26.8300,26.8900,26.9000,26.9200,26.9300,26.9400,19,8,18,2,8,30,5,24,20,2
SZ,002371,2017-01-03 10:34:36,26.8900,1,2688.0000,1,B,26.8800,26.8700,26.8500,26.8400,26.8300,26.8900,26.9000,26.9200,26.9300,26.9400,19,8,18,2,8,29,5,24,20,2
SZ,002371,2017-01-03 10:34:51,26.8800,1,2688.0000,1,S,26.8800,26.8700,26.8500,26.8400,26.8300,26.8900,26.9000,26.9200,26.9300,26.9400,18,8,18,2,8,29,3,24,20,2
SZ,002371,2017-01-03 10:34:54,26.8900,1,13446.0000,5,B,26.8800,26.8700,26.8500,26.8400,26.8300,26.8900,26.9000,26.9200,26.9300,26.9400,18,8,18,2,8,24,3,24,20,2
SZ,002371,2017-01-03 10:35:03,26.8900,1,64536.0000,24,B,26.8900,26.8800,26.8700,26.8500,26.8400,26.9000,26.9200,26.9300,26.9400,26.9600,25,23,8,18,2,3,24,20,2,17
SZ,002371,2017-01-03 10:35:24,26.9000,1,8070.0000,3,B,26.9000,26.8900,26.8800,26.8700,26.8500,26.9200,26.9300,26.9400,26.9600,26.9700,3,38,95,8,18,25,20,2,17,92
SZ,002371,2017-01-03 10:35:33,26.9000,1,5380.0000,2,S,26.9000,26.8900,26.8800,26.8700,26.8500,26.9200,26.9300,26.9400,26.9600,26.9700,2,38,95,8,18,25,20,2,17,92
SZ,002371,2017-01-03 10:35:48,26.9000,1,2690.0000,1,S,26.9000,26.8900,26.8800,26.8700,26.8500,26.9200,26.9300,26.9400,26.9600,26.9700,20,43,95,8,18,25,20,2,17,92
SZ,002371,2017-01-03 10:36:00,26.9200,1,2692.0000,1,B,26.9100,26.9000,26.8900,26.8800,26.8700,26.9200,26.9300,26.9400,26.9600,26.9700,2,20,57,95,8,24,20,2,17,92
