市场代码,证券代码,时间,最新价,成交笔数,成交额,成交量,方向,买一价,买二价,买三价,买四价,买五价,卖一价,卖二价,卖三价,卖四价,卖五价,买一量,买二量,买三量,买四量,买五量,卖一量,卖二量,卖三量,卖四量,卖五量
SZ,002340,2017-01-03 09:25:03,6.5900,24,233945.0000,355,B,6.5800,6.5700,6.5600,6.5500,6.5400,6.5900,6.6000,6.6100,6.6200,6.6300,35,138,180,176,510,203,524,104,213,254
SZ,002340,2017-01-03 09:30:03,6.5800,25,176439.0000,268,S,6.5700,6.5600,6.5500,6.5400,6.5300,6.5800,6.5900,6.6000,6.6100,6.6200,170,182,603,1167,333,474,665,780,75,348
SZ,002340,2017-01-03 09:30:06,6.5800,16,69041.0000,105,B,6.5700,6.5600,6.5500,6.5400,6.5300,6.5800,6.5900,6.6000,6.6100,6.6200,121,182,709,1171,333,423,766,843,75,408
SZ,002340,2017-01-03 09:30:09,6.5800,2,6580.0000,10,B,6.5700,6.5600,6.5500,6.5400,6.5300,6.5800,6.5900,6.6000,6.6100,6.6200,121,177,709,1191,333,413,766,843,75,408
SZ,002340,2017-01-03 09:30:18,6.5800,2,13160.0000,20,B,6.5700,6.5600,6.5500,6.5400,6.5300,6.5800,6.5900,6.6000,6.6100,6.6200,121,177,709,1191,333,393,766,843,75,408
SZ,002340,2017-01-03 09:30:24,6.5800,7,55930.0000,85,B,6.5700,6.5600,6.5500,6.5400,6.5300,6.5800,6.5900,6.6000,6.6100,6.6200,121,177,760,1191,333,308,766,843,75,408
SZ,002340,2017-01-03 09:30:30,6.5700,2,11169.0000,17,S,6.5700,6.5600,6.5500,6.5400,6.5300,6.5800,6.5900,6.6000,6.6100,6.6200,104,177,794,1191,341,313,766,843,75,408
SZ,002340,2017-01-03 09:30:42,6.5700,2,3285.0000,5,S,6.5700,6.5600,6.5500,6.5400,6.5300,6.5800,6.5900,6.6000,6.6100,6.6200,109,177,777,1191,341,338,766,853,95,408
SZ,002340,2017-01-03 09:30:45,6.5800,2,6580.0000,10,B,6.5700,6.5600,6.5500,6.5400,6.5300,6.5800,6.5900,6.6000,6.6100,6.6200,124,177,777,1191,341,328,771,853,95,408
SZ,002340,2017-01-03 09:30:51,6.5700,2,12500.0000,19,S,6.5700,6.5600,6.5500,6.5400,6.5300,6.5800,6.5900,6.6000,6.6100,6.6200,124,184,800,1191,351,311,771,874,132,408
SZ,002340,2017-01-03 09:30:54,6.5800,2,9870.0000,15,B,6.5700,6.5600,6.5500,6.5400,6.5300,6.5800,6.5900,6.6000,6.6100,6.6200,132,219,831,1191,351,296,771,874,132,408
SZ,002340,2017-01-03 09:31:03,6.5700,1,15111.0000,23,S,6.5700,6.5600,6.5500,6.5400,6.5300,6.5800,6.5900,6.6000,6.6100,6.6200,164,219,981,1191,351,408,771,874,132,408
SZ,002340,2017-01-03 09:31:09,6.5700,3,14454.0000,22,S,6.5700,6.5600,6.5500,6.5400,6.5300,6.5800,6.5900,6.6000,6.6100,6.6200,142,219,996,1191,351,408,771,883,132,408
SZ,002340,2017-01-03 09:31:12,6.5700,2,5256.0000,8,S,6.5700,6.5600,6.5500,6.5400,6.5300,6.5800,6.5900,6.6000,6.6100,6.6200,134,219,1115,1191,351,408,771,883,132,408
SZ,002340,2017-01-03 09:31:15,6.5700,1,3285.0000,5,S,6.5700,6.5600,6.5500,6.5400,6.5300,6.5800,6.5900,6.6000,6.6100,6.6200,129,219,1125,1191,198,408,771,883,132,408
SZ,002340,2017-01-03 09:31:18,6.5800,1,3948.0000,6,B,6.5700,6.5600,6.5500,6.5400,6.5300,6.5800,6.5900,6.6000,6.6100,6.6200,139,219,1125,1191,198,502,771,883,132,408
SZ,002340,2017-01-03 09:31:21,6.5800,9,336238.0000,511,B,6.5800,6.5700,6.5600,6.5500,6.5400,6.5900,6.6000,6.6100,6.6200,6.6300,489,134,219,1125,1197,771,883,132,408,375
SZ,002340,2017-01-03 09:31:24,6.5800,1,1316.0000,2,S,6.5800,6.5700,6.5600,6.5500,6.5400,6.5900,6.6000,6.6100,6.6200,6.6300,487,166,219,1125,697,830,883,132,408,375
SZ,002340,2017-01-03 09:31:36,6.5800,1,6580.0000,10,S,6.5800,6.5700,6.5600,6.5500,6.5400,6.5900,6.6000,6.6100,6.6200,6.6300,729,161,364,1140,712,830,883,132,408,375
SZ,002340,2017-01-03 09:31:39,6.5900,1,1318.0000,2,B,6.5800,6.5700,6.5600,6.5500,6.5400,6.5900,6.6000,6.6100,6.6200,6.6300,677,161,364,1140,712,828,883,132,408,375
SZ,002340,2017-01-03 09:31:45,6.5800,3,8554.0000,13,S,6.5800,6.5700,6.5600,6.5500,6.5400,6.5900,6.6000,6.6100,6.6200,6.6300,889,187,364,1154,712,588,883,132,408,375
SZ,002340,2017-01-03 09:31:48,6.5900,4,36904.0000,56,B,6.5800,6.5700,6.5600,6.5500,6.5400,6.5900,6.6000,6.6100,6.6200,6.6300,939,187,414,1184,712,552,883,132,408,375
SZ,002340,2017-01-03 09:32:03,6.5900,4,24383.0000,37,B,6.5800,6.5700,6.5600,6.5500,6.5400,6.5900,6.6000,6.6100,6.6200,6.6300,1000,217,443,1235,712,437,906,132,414,375
SZ,002340,2017-01-03 09:32:06,6.5900,2,20429.0000,31,B,6.5800,6.5700,6.5600,6.5500,6.5400,6.5900,6.6000,6.6100,6.6200,6.6300,995,217,443,1235,707,426,906,179,414,375
SZ,002340,2017-01-03 09:32:09,6.5900,3,61946.0000,94,B,6.5800,6.5700,6.5600,6.5500,6.5400,6.5900,6.6000,6.6100,6.6200,6.6300,995,217,443,1265,707,332,916,179,414,375
SZ,002340,2017-01-03 09:32:12,6.5900,2,5931.0000,9,B,6.5800,6.5700,6.5600,6.5500,6.5400,6.5900,6.6000,6.6100,6.6200,6.6300,995,217,443,1265,707,323,916,179,414,375
SZ,002340,2017-01-03 09:32:15,6.5800,4,121081.0000,184,S,6.5800,6.5700,6.5600,6.5500,6.5400,6.5900,6.6000,6.6100,6.6200,6.6300,820,225,443,1265,707,314,924,179,414,375
SZ,002340,2017-01-03 09:32:18,6.5800,4,26331.0000,40,S,6.5800,6.5700,6.5600,6.5500,6.5400,6.5900,6.6000,6.6100,6.6200,6.6300,791,225,418,1265,724,303,924,179,414,375
SZ,002340,2017-01-03 09:32:21,6.5900,1,3295.0000,5,B,6.5800,6.5700,6.5600,6.5500,6.5400,6.5900,6.6000,6.6100,6.6200,6.6300,791,225,418,1265,729,298,924,179,414,394
SZ,002340,2017-01-03 09:32:27,6.5900,1,3295.0000,5,B,6.5800,6.5700,6.5600,6.5500,6.5400,6.5900,6.6000,6.6100,6.6200,6.6300,591,225,418,1265,729,393,924,229,408,394
SZ,002340,2017-01-03 09:32:33,6.5800,5,300048.0000,456,S,6.5800,6.5700,6.5600,6.5500,6.5400,6.5900,6.6000,6.6100,6.6200,6.6300,135,225,418,1265,729,544,924,229,408,394
SZ,002340,2017-01-03 09:32:36,6.5800,2,15792.0000,24,S,6.5800,6.5700,6.5600,6.5500,6.5400,6.5900,6.6000,6.6100,6.6200,6.6300,111,225,428,1265,729,631,924,229,458,394
SZ,002340,2017-01-03 09:32:39,6.5800,3,14476.0000,22,S,6.5800,6.5700,6.5600,6.5500,6.5400,6.5900,6.6000,6.6100,6.6200,6.6300,104,225,428,1265,729,671,924,229,458,394
SZ,002340,2017-01-03 09:32:42,6.5800,7,69090.0000,105,S,6.5700,6.5600,6.5500,6.5400,6.5300,6.5800,6.5900,6.6000,6.6100,6.6200,225,428,1265,729,248,15,781,915,229,458
SZ,002340,2017-01-03 09:32:45,6.5800,2,11844.0000,18,B,6.5700,6.5600,6.5500,6.5400,6.5300,6.5800,6.5900,6.6000,6.6100,6.6200,195,428,1265,729,248,86,694,982,229,458
SZ,002340,2017-01-03 09:32:48,6.5700,10,65700.0000,100,S,6.5700,6.5600,6.5500,6.5400,6.5300,6.5800,6.5900,6.6000,6.6100,6.6200,95,428,1265,729,248,1353,704,982,229,458
SZ,002340,2017-01-03 09:32:54,6.5800,4,34822.0000,53,B,6.5700,6.5600,6.5500,6.5400,6.5300,6.5800,6.5900,6.6000,6.6100,6.6200,53,448,1225,729,248,1397,704,864,229,458
SZ,002340,2017-01-03 09:33:00,6.5700,3,13140.0000,20,S,6.5700,6.5600,6.5500,6.5400,6.5300,6.5800,6.5900,6.6000,6.6100,6.6200,53,528,1225,729,248,1397,704,864,229,458
SZ,002340,2017-01-03 09:33:03,6.5800,2,13160.0000,20,B,6.5700,6.5600,6.5500,6.5400,6.5300,6.5800,6.5900,6.6000,6.6100,6.6200,128,528,1225,729,248,1377,790,864,229,458
SZ,002340,2017-01-03 09:33:09,6.5700,1,3942.0000,6,S,6.5700,6.5600,6.5500,6.5400,6.5300,6.5800,6.5900,6.6000,6.6100,6.6200,131,528,1125,729,248,1377,690,864,192,458
SZ,002340,2017-01-03 09:33:12,6.5700,2,7227.0000,11,S,6.5700,6.5600,6.5500,6.5400,6.5300,6.5800,6.5900,6.6000,6.6100,6.6200,120,528,1125,734,248,1379,700,864,192,458
SZ,002340,2017-01-03 09:33:15,6.5800,2,11841.0000,18,B,6.5700,6.5600,6.5500,6.5400,6.5300,6.5800,6.5900,6.6000,6.6100,6.6200,147,528,1125,734,248,1399,700,864,192,458
SZ,002340,2017-01-03 09:33:18,6.5700,4,34821.0000,53,S,6.5700,6.5600,6.5500,6.5400,6.5300,6.5800,6.5900,6.6000,6.6100,6.6200,94,557,1125,734,248,1419,700,864,192,458
SZ,002340,2017-01-03 09:33:21,6.5700,2,11169.0000,17,S,6.5700,6.5600,6.5500,6.5400,6.5300,6.5800,6.5900,6.6000,6.6100,6.6200,77,557,1125,734,248,1419,700,871,192,458
SZ,002340,2017-01-03 09:33:24,6.5700,2,7884.0000,12,S,6.5700,6.5600,6.5500,6.5400,6.5300,6.5800,6.5900,6.6000,6.6100,6.6200,65,570,1125,734,248,1419,698,871,192,458
SZ,002340,2017-01-03 09:33:27,6.5700,1,6570.0000,10,S,6.5700,6.5600,6.5500,6.5400,6.5300,6.5800,6.5900,6.6000,6.6100,6.6200,65,570,1125,734,248,1404,698,871,192,448
SZ,002340,2017-01-03 09:33:33,6.5700,4,23000.0000,35,S,6.5700,6.5600,6.5500,6.5400,6.5300,6.5800,6.5900,6.6000,6.6100,6.6200,35,594,1127,734,248,1409,735,871,192,478
SZ,002340,2017-01-03 09:33:36,6.5800,3,131600.0000,200,B,6.5700,6.5600,6.5500,6.5400,6.5300,6.5800,6.5900,6.6000,6.6100,6.6200,20,594,1141,734,248,1194,735,871,192,478
SZ,002340,2017-01-03 09:33:39,6.5700,3,16425.0000,25,S,6.5600,6.5500,6.5400,6.5300,6.5200,6.5700,6.5800,6.5900,6.6000,6.6100,564,1141,734,248,975,68,1194,735,871,192
SZ,002340,2017-01-03 09:33:42,6.5700,1,1971.0000,3,B,6.5600,6.5500,6.5400,6.5300,6.5200,6.5700,6.5800,6.5900,6.6000,6.6100,564,1141,734,248,975,66,1194,735,871,192
SZ,002340,2017-01-03 09:33:51,6.5800,4,109149.0000,166,B,6.5700,6.5600,6.5500,6.5400,6.5300,6.5800,6.5900,6.6000,6.6100,6.6200,170,564,1156,734,248,1107,995,871,192,478
SZ,002340,2017-01-03 09:33:54,6.5700,1,24966.0000,38,S,6.5700,6.5600,6.5500,6.5400,6.5300,6.5800,6.5900,6.6000,6.6100,6.6200,132,564,1156,734,248,1149,975,871,192,478
SZ,002340,2017-01-03 09:34:03,6.5700,1,24309.0000,37,S,6.5700,6.5600,6.5500,6.5400,6.5300,6.5800,6.5900,6.6000,6.6100,6.6200,95,576,1142,734,248,124,975,871,196,478
SZ,002340,2017-01-03 09:34:09,6.5700,1,657.0000,1,S,6.5700,6.5600,6.5500,6.5400,6.5300,6.5800,6.5900,6.6000,6.6100,6.6200,124,627,1142,734,248,124,975,871,196,478
SZ,002340,2017-01-03 09:34:18,6.5800,5,40138.0000,61,B,6.5700,6.5600,6.5500,6.5400,6.5300,6.5800,6.5900,6.6000,6.6100,6.6200,135,667,1142,734,248,63,965,871,196,478
SZ,002340,2017-01-03 09:34:21,6.5700,1,17739.0000,27,S,6.5700,6.5600,6.5500,6.5400,6.5300,6.5800,6.5900,6.6000,6.6100,6.6200,108,667,1142,734,248,21,965,871,196,478
SZ,002340,2017-01-03 09:34:24,6.5700,1,32850.0000,50,S,6.5700,6.5600,6.5500,6.5400,6.5300,6.5800,6.5900,6.6000,6.6100,6.6200,58,667,1142,734,248,21,965,871,196,493
SZ,002340,2017-01-03 09:34:27,6.5700,1,7884.0000,12,S,6.5700,6.5600,6.5500,6.5400,6.5300,6.5800,6.5900,6.6000,6.6100,6.6200,146,668,1142,743,248,21,1000,871,196,493
SZ,002340,2017-01-03 09:34:30,6.5800,3,7228.0000,11,B,6.5700,6.5600,6.5500,6.5400,6.5300,6.5800,6.5900,6.6000,6.6100,6.6200,217,673,1142,743,248,130,1000,871,196,493
SZ,002340,2017-01-03 09:34:36,6.5700,4,23652.0000,36,S,6.5700,6.5600,6.5500,6.5400,6.5300,6.5800,6.5900,6.6000,6.6100,6.6200,211,653,1160,743,248,199,980,871,196,493
SZ,002340,2017-01-03 09:34:39,6.5800,3,16450.0000,25,B,6.5700,6.5600,6.5500,6.5400,6.5300,6.5800,6.5900,6.6000,6.6100,6.6200,213,614,1160,743,248,194,980,871,196,493
SZ,002340,2017-01-03 09:34:51,6.5700,2,15769.0000,24,S,6.5700,6.5600,6.5500,6.5400,6.5300,6.5800,6.5900,6.6000,6.6100,6.6200,282,602,1210,743,248,170,967,871,196,473
SZ,002340,2017-01-03 09:34:57,6.5800,2,3290.0000,5,B,6.5700,6.5600,6.5500,6.5400,6.5300,6.5800,6.5900,6.6000,6.6100,6.6200,347,602,1210,743,248,175,967,871,196,473
SZ,002340,2017-01-03 09:35:03,6.5800,6,67116.0000,102,B,6.5700,6.5600,6.5500,6.5400,6.5300,6.5800,6.5900,6.6000,6.6100,6.6200,352,627,1210,743,248,78,967,871,196,478
SZ,002340,2017-01-03 09:35:06,6.5700,1,3285.0000,5,S,6.5700,6.5600,6.5500,6.5400,6.5300,6.5800,6.5900,6.6000,6.6100,6.6200,347,627,1010,743,268,178,967,871,196,478
SZ,002340,2017-01-03 09:35:09,6.5800,1,13160.0000,20,B,6.5700,6.5600,6.5500,6.5400,6.5300,6.5800,6.5900,6.6000,6.6100,6.6200,347,627,1010,743,268,158,967,2407,196,478
SZ,002340,2017-01-03 09:35:12,6.5800,1,1974.0000,3,B,6.5700,6.5600,6.5500,6.5400,6.5300,6.5800,6.5900,6.6000,6.6100,6.6200,348,627,1010,743,268,155,967,2407,196,478
SZ,002340,2017-01-03 09:35:15,6.5800,5,100016.0000,152,B,6.5700,6.5600,6.5500,6.5400,6.5300,6.5800,6.5900,6.6000,6.6100,6.6200,348,627,1020,743,268,3,967,2443,196,478
SZ,002340,2017-01-03 09:35:18,6.5700,10,170820.0000,260,S,6.5700,6.5600,6.5500,6.5400,6.5300,6.5800,6.5900,6.6000,6.6100,6.6200,87,627,1009,743,268,3,967,2443,196,478
SZ,002340,2017-01-03 09:35:21,6.5800,3,17742.0000,27,B,6.5800,6.5700,6.5600,6.5500,6.5400,6.5900,6.6000,6.6100,6.6200,6.6300,27,102,627,1009,743,967,2443,196,478,418
SZ,002340,2017-01-03 09:35:24,6.5700,2,24993.0000,38,S,6.5700,6.5600,6.5500,6.5400,6.5300,6.5800,6.5900,6.6000,6.6100,6.6200,91,627,1109,743,268,3,967,2443,196,478
SZ,002340,2017-01-03 09:35:30,6.5700,2,20368.0000,31,S,6.5700,6.5600,6.5500,6.5400,6.5300,6.5800,6.5900,6.6000,6.6100,6.6200,61,627,1119,743,268,2,967,2443,196,478
SZ,002340,2017-01-03 09:35:36,6.5800,6,20396.0000,31,B,6.5700,6.5600,6.5500,6.5400,6.5300,6.5800,6.5900,6.6000,6.6100,6.6200,49,667,1109,743,275,37,1058,2423,196,478
SZ,002340,2017-01-03 09:35:39,6.5700,4,32193.0000,49,S,6.5600,6.5500,6.5400,6.5300,6.5200,6.5700,6.5800,6.5900,6.6000,6.6100,667,1109,743,275,1138,1021,47,1058,2423,196
SZ,002340,2017-01-03 09:35:45,6.5700,1,231264.0000,352,B,6.5600,6.5500,6.5400,6.5300,6.5200,6.5700,6.5800,6.5900,6.6000,6.6100,667,1109,743,275,1138,669,47,1079,2423,196
SZ,002340,2017-01-03 09:35:54,6.5600,9,38729.0000,59,S,6.5600,6.5500,6.5400,6.5300,6.5200,6.5700,6.5800,6.5900,6.6000,6.6100,638,1194,743,275,1138,644,48,1079,2423,196
SZ,002340,2017-01-03 09:36:21,6.5600,3,26240.0000,40,S,6.5600,6.5500,6.5400,6.5300,6.5200,6.5700,6.5800,6.5900,6.6000,6.6100,645,1194,743,290,1123,599,250,1058,2417,187
SZ,002340,2017-01-03 09:36:24,6.5700,1,3285.0000,5,B,6.5600,6.5500,6.5400,6.5300,6.5200,6.5700,6.5800,6.5900,6.6000,6.6100,719,1194,743,290,1123,594,285,1058,2417,187
SZ,002340,2017-01-03 09:36:30,6.5700,2,26280.0000,40,B,6.5600,6.5500,6.5400,6.5300,6.5200,6.5700,6.5800,6.5900,6.6000,6.6100,729,1190,634,290,1123,554,285,763,2417,187
SZ,002340,2017-01-03 09:36:36,6.5700,1,13140.0000,20,B,6.5600,6.5500,6.5400,6.5300,6.5200,6.5700,6.5800,6.5900,6.6000,6.6100,785,1190,676,290,1123,534,345,793,2417,187
SZ,002340,2017-01-03 09:36:42,6.5700,5,34809.0000,53,B,6.5600,6.5500,6.5400,6.5300,6.5200,6.5700,6.5800,6.5900,6.6000,6.6100,796,1190,676,290,1123,543,345,806,2417,187
SZ,002340,2017-01-03 09:36:45,6.5600,2,6560.0000,10,S,6.5600,6.5500,6.5400,6.5300,6.5200,6.5700,6.5800,6.5900,6.6000,6.6100,808,1190,676,290,1121,543,345,811,2417,187
SZ,002340,2017-01-03 09:36:48,6.5700,1,7884.0000,12,B,6.5600,6.5500,6.5400,6.5300,6.5200,6.5700,6.5800,6.5900,6.6000,6.6100,883,1190,676,290,1121,531,345,811,2417,187
SZ,002340,2017-01-03 09:36:51,6.5700,1,1971.0000,3,B,6.5600,6.5500,6.5400,6.5300,6.5200,6.5700,6.5800,6.5900,6.6000,6.6100,883,1240,680,340,1121,528,345,810,2417,187
SZ,002340,2017-01-03 09:36:57,6.5600,2,13120.0000,20,S,6.5600,6.5500,6.5400,6.5300,6.5200,6.5700,6.5800,6.5900,6.6000,6.6100,863,1246,680,345,1121,557,360,810,2417,187
SZ,002340,2017-01-03 09:37:03,6.5700,1,657.0000,1,B,6.5600,6.5500,6.5400,6.5300,6.5200,6.5700,6.5800,6.5900,6.6000,6.6100,1078,1237,678,345,1121,556,367,810,2417,187
SZ,002340,2017-01-03 09:37:06,6.5700,2,11169.0000,17,B,6.5600,6.5500,6.5400,6.5300,6.5200,6.5700,6.5800,6.5900,6.6000,6.6100,1071,1237,678,345,1121,539,367,810,2417,187
SZ,002340,2017-01-03 09:37:09,6.5700,5,353464.0000,538,B,6.5600,6.5500,6.5400,6.5300,6.5200,6.5700,6.5800,6.5900,6.6000,6.6100,1079,1239,678,345,1131,3,367,833,2417,187
SZ,002340,2017-01-03 09:37:12,6.5700,4,33507.0000,51,B,6.5700,6.5600,6.5500,6.5400,6.5300,6.5800,6.5900,6.6000,6.6100,6.6200,2,1039,1239,678,345,367,833,2417,187,578
SZ,002340,2017-01-03 09:37:21,6.5700,3,13140.0000,20,S,6.5700,6.5600,6.5500,6.5400,6.5300,6.5800,6.5900,6.6000,6.6100,6.6200,312,1143,1239,678,554,367,833,2297,187,578
SZ,002340,2017-01-03 09:37:27,6.5700,5,210917.0000,321,S,6.5700,6.5600,6.5500,6.5400,6.5300,6.5800,6.5900,6.6000,6.6100,6.6200,16,1183,1239,678,554,330,913,2297,187,591
SZ,002340,2017-01-03 09:37:36,6.5700,3,42705.0000,65,S,6.5700,6.5600,6.5500,6.5400,6.5300,6.5800,6.5900,6.6000,6.6100,6.6200,107,1289,1239,678,554,330,780,2317,187,591
SZ,002340,2017-01-03 09:37:39,6.5700,4,65700.0000,100,S,6.5700,6.5600,6.5500,6.5400,6.5300,6.5800,6.5900,6.6000,6.6100,6.6200,27,1289,1239,678,557,330,780,2327,187,591
SZ,002340,2017-01-03 09:37:42,6.5700,4,23652.0000,36,S,6.5600,6.5500,6.5400,6.5300,6.5200,6.5700,6.5800,6.5900,6.6000,6.6100,1289,1239,678,557,1234,24,330,780,2327,187
SZ,002340,2017-01-03 09:37:45,6.5600,1,65600.0000,100,S,6.5600,6.5500,6.5400,6.5300,6.5200,6.5700,6.5800,6.5900,6.6000,6.6100,1166,1239,678,557,1234,53,330,780,2327,187
SZ,002340,2017-01-03 09:37:48,6.5600,3,29520.0000,45,S,6.5600,6.5500,6.5400,6.5300,6.5200,6.5700,6.5800,6.5900,6.6000,6.6100,1121,1339,678,557,1234,24,330,780,2327,187
SZ,002340,2017-01-03 09:37:51,6.5700,1,13797.0000,21,B,6.5600,6.5500,6.5400,6.5300,6.5200,6.5700,6.5800,6.5900,6.6000,6.6100,1126,1347,678,557,1234,3,332,780,791,187
SZ,002340,2017-01-03 09:37:57,6.5600,11,198882.0000,303,S,6.5600,6.5500,6.5400,6.5300,6.5200,6.5800,6.5900,6.6000,6.6100,6.6200,1001,1347,678,557,1255,332,837,791,187,591
SZ,002340,2017-01-03 09:38:00,6.5700,1,6570.0000,10,B,6.5600,6.5500,6.5400,6.5300,6.5200,6.5700,6.5800,6.5900,6.6000,6.6100,1004,1347,678,563,1255,20,332,837,791,187
SZ,002340,2017-01-03 09:38:12,6.5700,2,7227.0000,11,B,6.5600,6.5500,6.5400,6.5300,6.5200,6.5700,6.5800,6.5900,6.6000,6.6100,1008,1347,678,563,1255,9,367,830,841,193
SZ,002340,2017-01-03 09:38:18,6.5700,1,3285.0000,5,B,6.5600,6.5500,6.5400,6.5300,6.5200,6.5700,6.5800,6.5900,6.6000,6.6100,1008,1347,678,563,1255,4,387,830,841,193
SZ,002340,2017-01-03 09:38:21,6.5700,1,2628.0000,4,B,6.5700,6.5600,6.5500,6.5400,6.5300,6.5800,6.5900,6.6000,6.6100,6.6200,19,1008,1347,678,563,387,830,841,193,591
SZ,002340,2017-01-03 09:38:24,6.5700,1,6570.0000,10,S,6.5700,6.5600,6.5500,6.5400,6.5300,6.5800,6.5900,6.6000,6.6100,6.6200,139,1015,1347,674,563,387,830,841,193,591
SZ,002340,2017-01-03 09:38:33,6.5700,2,65700.0000,100,S,6.5700,6.5600,6.5500,6.5400,6.5300,6.5800,6.5900,6.6000,6.6100,6.6200,113,1035,1352,674,563,507,825,841,193,591
SZ,002340,2017-01-03 09:38:36,6.5700,1,3285.0000,5,S,6.5700,6.5600,6.5500,6.5400,6.5300,6.5800,6.5900,6.6000,6.6100,6.6200,108,1021,1352,674,563,507,825,841,193,591
SZ,002340,2017-01-03 09:38:39,6.5700,3,30879.0000,47,S,6.5700,6.5600,6.5500,6.5400,6.5300,6.5800,6.5900,6.6000,6.6100,6.6200,61,1021,1352,684,563,507,825,841,193,591
SZ,002340,2017-01-03 09:38:42,6.5700,1,13140.0000,20,S,6.5700,6.5600,6.5500,6.5400,6.5300,6.5800,6.5900,6.6000,6.6100,6.6200,2311,1025,1352,684,563,507,825,841,193,616
SZ,002340,2017-01-03 09:38:51,6.5800,3,9870.0000,15,B,6.5700,6.5600,6.5500,6.5400,6.5300,6.5800,6.5900,6.6000,6.6100,6.6200,2324,1023,1372,684,568,475,805,841,193,616
SZ,002340,2017-01-03 09:38:54,6.5700,3,12483.0000,19,S,6.5700,6.5600,6.5500,6.5400,6.5300,6.5800,6.5900,6.6000,6.6100,6.6200,2305,1023,1372,684,568,475,805,841,193,616
SZ,002340,2017-01-03 09:38:57,6.5800,5,33527.0000,51,B,6.5700,6.5600,6.5500,6.5400,6.5300,6.5800,6.5900,6.6000,6.6100,6.6200,2275,1023,1372,684,568,395,805,841,193,616
SZ,002340,2017-01-03 09:39:03,6.5700,2,20367.0000,31,S,6.5700,6.5600,6.5500,6.5400,6.5300,6.5800,6.5900,6.6000,6.6100,6.6200,2544,1023,1362,684,568,404,805,841,193,616
SZ,002340,2017-01-03 09:39:09,6.5700,2,8542.0000,13,S,6.5700,6.5600,6.5500,6.5400,6.5300,6.5800,6.5900,6.6000,6.6100,6.6200,2532,1076,1363,684,568,403,795,831,193,526
SZ,002340,2017-01-03 09:39:12,6.5800,2,32900.0000,50,B,6.5700,6.5600,6.5500,6.5400,6.5300,6.5800,6.5900,6.6000,6.6100,6.6200,2532,1082,1363,684,568,423,782,831,193,526
SZ,002340,2017-01-03 09:39:18,6.5800,1,13160.0000,20,B,6.5700,6.5600,6.5500,6.5400,6.5300,6.5800,6.5900,6.6000,6.6100,6.6200,2517,1082,1353,684,568,403,782,831,193,526
SZ,002340,2017-01-03 09:39:21,6.5800,2,9208.0000,14,B,6.5700,6.5600,6.5500,6.5400,6.5300,6.5800,6.5900,6.6000,6.6100,6.6200,2526,981,1353,684,568,393,782,831,193,526
SZ,002340,2017-01-03 09:39:27,6.5800,1,6580.0000,10,B,6.5700,6.5600,6.5500,6.5400,6.5300,6.5800,6.5900,6.6000,6.6100,6.6200,2543,1009,1358,684,568,393,782,831,193,526
SZ,002340,2017-01-03 09:39:33,6.5800,2,13818.0000,21,B,6.5700,6.5600,6.5500,6.5400,6.5300,6.5800,6.5900,6.6000,6.6100,6.6200,2543,1009,1350,684,568,372,759,831,193,526
SZ,002340,2017-01-03 09:39:36,6.5800,10,123026.0000,187,B,6.5700,6.5600,6.5500,6.5400,6.5300,6.5800,6.5900,6.6000,6.6100,6.6200,2523,1009,1350,684,572,205,759,831,193,526
SZ,002340,2017-01-03 09:39:39,6.5800,2,8554.0000,13,B,6.5700,6.5600,6.5500,6.5400,6.5300,6.5800,6.5900,6.6000,6.6100,6.6200,2523,1009,1350,684,572,192,759,831,193,526
SZ,002340,2017-01-03 09:39:42,6.5800,4,75670.0000,115,B,6.5700,6.5600,6.5500,6.5400,6.5300,6.5800,6.5900,6.6000,6.6100,6.6200,2523,1009,1350,684,572,77,759,831,193,526
SZ,002340,2017-01-03 09:39:48,6.5800,1,5922.0000,9,B,6.5700,6.5600,6.5500,6.5400,6.5300,6.5800,6.5900,6.6000,6.6100,6.6200,2543,1010,1350,684,572,68,759,831,193,526
SZ,002340,2017-01-03 09:39:51,6.5700,1,1971.0000,3,S,6.5700,6.5600,6.5500,6.5400,6.5300,6.5800,6.5900,6.6000,6.6100,6.6200,2540,1010,1350,684,572,68,759,831,193,526
SZ,002340,2017-01-03 09:39:54,6.5800,3,45380.0000,69,B,6.5700,6.5600,6.5500,6.5400,6.5300,6.5800,6.5900,6.6000,6.6100,6.6200,2518,1015,1316,684,572,21,759,831,193,526
SZ,002340,2017-01-03 09:39:57,6.5700,1,19710.0000,30,S,6.5700,6.5600,6.5500,6.5400,6.5300,6.5800,6.5900,6.6000,6.6100,6.6200,2488,975,1316,684,572,21,759,831,193,526
SZ,002340,2017-01-03 09:40:00,6.5700,1,6570.0000,10,S,6.5700,6.5600,6.5500,6.5400,6.5300,6.5800,6.5900,6.6000,6.6100,6.6200,2476,969,1316,684,572,141,759,831,193,526
SZ,002340,2017-01-03 09:40:03,6.5700,4,52628.0000,80,S,6.5700,6.5600,6.5500,6.5400,6.5300,6.5800,6.5900,6.6000,6.6100,6.6200,2465,969,1316,684,572,80,759,831,193,526
SZ,002340,2017-01-03 09:40:06,6.5800,1,658.0000,1,B,6.5700,6.5600,6.5500,6.5400,6.5300,6.5800,6.5900,6.6000,6.6100,6.6200,2465,967,1316,684,366,79,759,831,193,526
SZ,002340,2017-01-03 09:40:09,6.5800,2,10528.0000,16,B,6.5700,6.5600,6.5500,6.5400,6.5300,6.5800,6.5900,6.6000,6.6100,6.6200,2465,967,1316,684,366,63,759,851,193,526
SZ,002340,2017-01-03 09:40:12,6.5800,1,658.0000,1,B,6.5700,6.5600,6.5500,6.5400,6.5300,6.5800,6.5900,6.6000,6.6100,6.6200,2465,967,1319,684,366,62,799,851,193,526
SZ,002340,2017-01-03 09:40:18,6.5800,1,1316.0000,2,B,6.5700,6.5600,6.5500,6.5400,6.5300,6.5800,6.5900,6.6000,6.6100,6.6200,2471,966,1319,684,366,60,799,851,193,526
SZ,002340,2017-01-03 09:40:21,6.5800,1,32900.0000,50,B,6.5700,6.5600,6.5500,6.5400,6.5300,6.5800,6.5900,6.6000,6.6100,6.6200,2471,966,1312,684,366,160,799,851,193,526
SZ,002340,2017-01-03 09:40:24,6.5800,3,32900.0000,50,B,6.5700,6.5600,6.5500,6.5400,6.5300,6.5800,6.5900,6.6000,6.6100,6.6200,2476,966,1312,684,366,110,799,851,193,526
SZ,002340,2017-01-03 09:40:27,6.5800,1,6580.0000,10,B,6.5700,6.5600,6.5500,6.5400,6.5300,6.5800,6.5900,6.6000,6.6100,6.6200,2516,966,1312,684,366,100,799,851,193,530
SZ,002340,2017-01-03 09:40:33,6.5800,3,23688.0000,36,B,6.5700,6.5600,6.5500,6.5400,6.5300,6.5800,6.5900,6.6000,6.6100,6.6200,2517,968,1312,674,350,64,799,851,193,530
SZ,002340,2017-01-03 09:40:36,6.5800,1,658.0000,1,B,6.5700,6.5600,6.5500,6.5400,6.5300,6.5800,6.5900,6.6000,6.6100,6.6200,2517,968,1328,674,350,63,799,851,193,530
SZ,002340,2017-01-03 09:40:39,6.5800,2,54594.0000,83,B,6.5800,6.5700,6.5600,6.5500,6.5400,6.5900,6.6000,6.6100,6.6200,6.6300,330,2497,968,1328,674,799,851,193,530,418
SZ,002340,2017-01-03 09:40:42,6.5800,3,205296.0000,312,S,6.5800,6.5700,6.5600,6.5500,6.5400,6.5900,6.6000,6.6100,6.6200,6.6300,113,2497,968,1328,674,799,851,291,530,419
SZ,002340,2017-01-03 09:40:45,6.5800,2,22372.0000,34,S,6.5800,6.5700,6.5600,6.5500,6.5400,6.5900,6.6000,6.6100,6.6200,6.6300,79,2497,968,1328,674,814,851,291,530,419
SZ,002340,2017-01-03 09:40:48,6.5900,4,23065.0000,35,B,6.5800,6.5700,6.5600,6.5500,6.5400,6.5900,6.6000,6.6100,6.6200,6.6300,109,2497,967,1328,674,779,851,291,530,419
SZ,002340,2017-01-03 09:40:57,6.5800,1,1316.0000,2,S,6.5800,6.5700,6.5600,6.5500,6.5400,6.5900,6.6000,6.6100,6.6200,6.6300,139,2497,967,1328,677,734,851,325,530,419
SZ,002340,2017-01-03 09:41:03,6.5900,5,77003.0000,117,B,6.5800,6.5700,6.5600,6.5500,6.5400,6.5900,6.6000,6.6100,6.6200,6.6300,84,2503,965,1178,677,734,851,325,530,419
SZ,002340,2017-01-03 09:41:09,6.5900,5,26348.0000,40,B,6.5800,6.5700,6.5600,6.5500,6.5400,6.5900,6.6000,6.6100,6.6200,6.6300,477,2533,965,1178,677,706,890,325,530,442
SZ,002340,2017-01-03 09:41:15,6.5900,1,6590.0000,10,B,6.5800,6.5700,6.5600,6.5500,6.5400,6.5900,6.6000,6.6100,6.6200,6.6300,477,2533,965,1178,677,800,890,325,530,442
SZ,002340,2017-01-03 09:41:24,6.5800,1,2632.0000,4,S,6.5800,6.5700,6.5600,6.5500,6.5400,6.5900,6.6000,6.6100,6.6200,6.6300,536,2538,965,1177,677,800,885,325,530,456
SZ,002340,2017-01-03 09:41:39,6.5800,15,461258.0000,701,S,6.5700,6.5600,6.5500,6.5400,6.5300,6.5800,6.5900,6.6000,6.6100,6.6200,2542,944,1184,657,362,231,846,885,325,690
SZ,002340,2017-01-03 09:41:42,6.5700,1,31536.0000,48,S,6.5700,6.5600,6.5500,6.5400,6.5300,6.5800,6.5900,6.6000,6.6100,6.6200,2494,944,1184,657,362,244,848,885,325,686
SZ,002340,2017-01-03 09:41:45,6.5800,2,14476.0000,22,B,6.5700,6.5600,6.5500,6.5400,6.5300,6.5800,6.5900,6.6000,6.6100,6.6200,2494,944,1184,657,362,232,798,885,325,686
SZ,002340,2017-01-03 09:41:57,6.5800,1,7238.0000,11,B,6.5700,6.5600,6.5500,6.5400,6.5300,6.5800,6.5900,6.6000,6.6100,6.6200,2514,820,1184,657,356,229,802,885,325,686
SZ,002340,2017-01-03 09:42:00,6.5800,2,46060.0000,70,B,6.5700,6.5600,6.5500,6.5400,6.5300,6.5800,6.5900,6.6000,6.6100,6.6200,2536,820,1184,657,356,159,802,885,325,686
SZ,002340,2017-01-03 09:42:09,6.5800,5,97384.0000,148,B,6.5700,6.5600,6.5500,6.5400,6.5300,6.5800,6.5900,6.6000,6.6100,6.6200,2634,786,1184,657,356,11,813,900,325,686
SZ,002340,2017-01-03 09:42:12,6.5800,3,7238.0000,11,B,6.5800,6.5700,6.5600,6.5500,6.5400,6.5900,6.6000,6.6100,6.6200,6.6300,25,2634,787,1184,637,813,900,325,686,515
SZ,002340,2017-01-03 09:42:15,6.5800,4,18436.0000,28,S,6.5800,6.5700,6.5600,6.5500,6.5400,6.5900,6.6000,6.6100,6.6200,6.6300,14,2634,787,1353,637,790,905,325,686,515
SZ,002340,2017-01-03 09:42:18,6.5900,1,14498.0000,22,B,6.5800,6.5700,6.5600,6.5500,6.5400,6.5900,6.6000,6.6100,6.6200,6.6300,148,2634,787,1353,637,768,905,325,686,515
SZ,002340,2017-01-03 09:42:24,6.5900,4,75112.0000,114,B,6.5800,6.5700,6.5600,6.5500,6.5400,6.5900,6.6000,6.6100,6.6200,6.6300,140,2634,782,1353,637,668,889,348,686,515
SZ,002340,2017-01-03 09:42:30,6.5900,3,32950.0000,50,B,6.5800,6.5700,6.5600,6.5500,6.5400,6.5900,6.6000,6.6100,6.6200,6.6300,210,2634,782,1353,637,618,889,348,687,515
SZ,002340,2017-01-03 09:42:42,6.5900,1,17793.0000,27,B,6.5800,6.5700,6.5600,6.5500,6.5400,6.5900,6.6000,6.6100,6.6200,6.6300,393,2634,762,1357,637,606,949,348,692,515
SZ,002340,2017-01-03 09:42:45,6.5800,1,65800.0000,100,S,6.5800,6.5700,6.5600,6.5500,6.5400,6.5900,6.6000,6.6100,6.6200,6.6300,313,2634,762,1357,637,589,949,348,692,515
SZ,002340,2017-01-03 09:42:48,6.5800,3,33577.0000,51,S,6.5800,6.5700,6.5600,6.5500,6.5400,6.5900,6.6000,6.6100,6.6200,6.6300,281,2624,762,1357,637,570,949,348,692,515
SZ,002340,2017-01-03 09:42:51,6.5900,1,10544.0000,16,B,6.5800,6.5700,6.5600,6.5500,6.5400,6.5900,6.6000,6.6100,6.6200,6.6300,281,2625,762,1357,637,554,949,348,692,515
SZ,002340,2017-01-03 09:42:54,6.5800,13,198058.0000,301,S,6.5800,6.5700,6.5600,6.5500,6.5400,6.5900,6.6000,6.6100,6.6200,6.6300,20,2625,762,1357,637,554,949,348,692,515
SZ,002340,2017-01-03 09:42:57,6.5900,6,80398.0000,122,B,6.5800,6.5700,6.5600,6.5500,6.5400,6.5900,6.6000,6.6100,6.6200,6.6300,20,2625,762,1357,637,432,949,348,692,515
SZ,002340,2017-01-03 09:43:00,6.5800,6,28295.0000,43,S,6.5700,6.5600,6.5500,6.5400,6.5300,6.5800,6.5900,6.6000,6.6100,6.6200,2651,785,1357,637,366,66,476,949,348,692
SZ,002340,2017-01-03 09:43:03,6.5800,6,61852.0000,94,B,6.5800,6.5700,6.5600,6.5500,6.5400,6.5900,6.6000,6.6100,6.6200,6.6300,1,2611,785,1357,637,476,949,348,692,515
SZ,002340,2017-01-03 09:43:06,6.5900,5,32950.0000,50,B,6.5800,6.5700,6.5600,6.5500,6.5400,6.5900,6.6000,6.6100,6.6200,6.6300,54,2611,785,1357,637,426,949,348,692,515
SZ,002340,2017-01-03 09:43:15,6.5800,4,9215.0000,14,S,6.5800,6.5700,6.5600,6.5500,6.5400,6.5900,6.6000,6.6100,6.6200,6.6300,43,2621,785,1357,637,425,960,348,692,515
SZ,002340,2017-01-03 09:43:18,6.5900,1,3295.0000,5,B,6.5800,6.5700,6.5600,6.5500,6.5400,6.5900,6.6000,6.6100,6.6200,6.6300,120,2628,785,1357,637,440,960,348,692,515
SZ,002340,2017-01-03 09:43:21,6.5800,1,7896.0000,12,S,6.5800,6.5700,6.5600,6.5500,6.5400,6.5900,6.6000,6.6100,6.6200,6.6300,128,2638,795,1357,637,440,960,348,692,515
SZ,002340,2017-01-03 09:43:24,6.5900,4,5270.0000,8,B,6.5800,6.5700,6.5600,6.5500,6.5400,6.5900,6.6000,6.6100,6.6200,6.6300,171,2638,795,1357,637,434,960,348,692,515
SZ,002340,2017-01-03 09:43:36,6.5800,2,3949.0000,6,S,6.5800,6.5700,6.5600,6.5500,6.5400,6.5900,6.6000,6.6100,6.6200,6.6300,200,2658,845,1360,637,474,960,348,692,515
SZ,002340,2017-01-03 09:43:42,6.5800,1,1974.0000,3,S,6.5800,6.5700,6.5600,6.5500,6.5400,6.5900,6.6000,6.6100,6.6200,6.6300,197,2658,845,1312,637,1003,970,348,692,515
SZ,002340,2017-01-03 09:43:54,6.5900,3,8567.0000,13,B,6.5800,6.5700,6.5600,6.5500,6.5400,6.5900,6.6000,6.6100,6.6200,6.6300,244,2708,866,1312,637,990,970,348,692,515
SZ,002340,2017-01-03 09:43:57,6.5800,1,13818.0000,21,S,6.5800,6.5700,6.5600,6.5500,6.5400,6.5900,6.6000,6.6100,6.6200,6.6300,228,2708,866,1307,637,990,970,577,692,515
SZ,002340,2017-01-03 09:44:03,6.5900,6,109394.0000,166,B,6.5800,6.5700,6.5600,6.5500,6.5400,6.5900,6.6000,6.6100,6.6200,6.6300,790,2702,866,1307,637,824,990,577,622,515
SZ,002340,2017-01-03 09:44:12,6.5800,1,658.0000,1,S,6.5800,6.5700,6.5600,6.5500,6.5400,6.5900,6.6000,6.6100,6.6200,6.6300,889,2702,896,1302,637,826,990,577,622,515
SZ,002340,2017-01-03 09:44:15,6.5800,2,18432.0000,28,S,6.5800,6.5700,6.5600,6.5500,6.5400,6.5900,6.6000,6.6100,6.6200,6.6300,869,2720,896,1302,637,862,990,577,622,515
SZ,002340,2017-01-03 09:44:18,6.5900,1,3295.0000,5,B,6.5800,6.5700,6.5600,6.5500,6.5400,6.5900,6.6000,6.6100,6.6200,6.6300,900,2721,896,1302,637,857,1000,577,622,515
SZ,002340,2017-01-03 09:44:21,6.5900,2,6590.0000,10,B,6.5800,6.5700,6.5600,6.5500,6.5400,6.5900,6.6000,6.6100,6.6200,6.6300,900,2721,896,1302,637,847,1000,577,622,515
SZ,002340,2017-01-03 09:44:24,6.5900,1,26360.0000,40,B,6.5800,6.5700,6.5600,6.5500,6.5400,6.5900,6.6000,6.6100,6.6200,6.6300,911,2721,896,1302,637,807,1000,577,622,515
SZ,002340,2017-01-03 09:44:27,6.5800,16,135548.0000,206,S,6.5800,6.5700,6.5600,6.5500,6.5400,6.5900,6.6000,6.6100,6.6200,6.6300,705,2871,896,1302,637,807,1000,577,622,515
SZ,002340,2017-01-03 09:44:30,6.5800,3,30926.0000,47,S,6.5800,6.5700,6.5600,6.5500,6.5400,6.5900,6.6000,6.6100,6.6200,6.6300,658,2871,878,1302,637,807,1000,587,622,515
SZ,002340,2017-01-03 09:44:33,6.5800,1,6580.0000,10,S,6.5800,6.5700,6.5600,6.5500,6.5400,6.5900,6.6000,6.6100,6.6200,6.6300,658,2871,878,1302,637,822,1000,587,622,515
SZ,002340,2017-01-03 09:44:36,6.5800,2,32920.0000,50,S,6.5800,6.5700,6.5600,6.5500,6.5400,6.5900,6.6000,6.6100,6.6200,6.6300,638,2871,848,1402,637,802,980,587,622,515
SZ,002340,2017-01-03 09:44:39,6.5900,1,13180.0000,20,B,6.5800,6.5700,6.5600,6.5500,6.5400,6.5900,6.6000,6.6100,6.6200,6.6300,638,2871,848,1402,637,782,981,587,632,515
SZ,002340,2017-01-03 09:44:42,6.5800,1,2632.0000,4,S,6.5800,6.5700,6.5600,6.5500,6.5400,6.5900,6.6000,6.6100,6.6200,6.6300,642,2881,848,1402,637,792,981,587,632,515
SZ,002340,2017-01-03 09:44:45,6.5900,1,3295.0000,5,B,6.5800,6.5700,6.5600,6.5500,6.5400,6.5900,6.6000,6.6100,6.6200,6.6300,741,2881,848,1402,637,787,981,587,632,515
SZ,002340,2017-01-03 09:44:48,6.5900,1,659.0000,1,B,6.5800,6.5700,6.5600,6.5500,6.5400,6.5900,6.6000,6.6100,6.6200,6.6300,741,2881,848,1402,637,786,981,587,632,515
SZ,002340,2017-01-03 09:44:51,6.5800,1,2632.0000,4,S,6.5800,6.5700,6.5600,6.5500,6.5400,6.5900,6.6000,6.6100,6.6200,6.6300,737,2901,848,1402,637,786,981,587,632,515
SZ,002340,2017-01-03 09:44:54,6.5900,2,13180.0000,20,B,6.5800,6.5700,6.5600,6.5500,6.5400,6.5900,6.6000,6.6100,6.6200,6.6300,737,2901,863,1402,637,766,991,587,632,515
SZ,002340,2017-01-03 09:44:57,6.5900,4,78303.0000,119,B,6.5800,6.5700,6.5600,6.5500,6.5400,6.5900,6.6000,6.6100,6.6200,6.6300,819,2901,863,1400,637,765,991,587,632,515
SZ,002340,2017-01-03 09:45:00,6.5900,5,38881.0000,59,B,6.5800,6.5700,6.5600,6.5500,6.5400,6.5900,6.6000,6.6100,6.6200,6.6300,919,2901,863,1400,637,706,963,587,632,515
SZ,002340,2017-01-03 09:45:06,6.5900,3,22402.0000,34,B,6.5800,6.5700,6.5600,6.5500,6.5400,6.5900,6.6000,6.6100,6.6200,6.6300,985,2901,873,1400,637,656,968,587,632,517
SZ,002340,2017-01-03 09:45:09,6.5900,5,21088.0000,32,B,6.5800,6.5700,6.5600,6.5500,6.5400,6.5900,6.6000,6.6100,6.6200,6.6300,985,2951,873,1400,637,624,968,587,632,517
SZ,002340,2017-01-03 09:45:15,6.5800,2,101352.0000,154,S,6.5800,6.5700,6.5600,6.5500,6.5400,6.5900,6.6000,6.6100,6.6200,6.6300,885,2981,873,1408,637,613,968,587,632,517
SZ,002340,2017-01-03 09:45:18,6.5900,1,26360.0000,40,B,6.5800,6.5700,6.5600,6.5500,6.5400,6.5900,6.6000,6.6100,6.6200,6.6300,887,2981,873,1408,637,573,968,587,632,517
SZ,002340,2017-01-03 09:45:21,6.5800,1,19740.0000,30,S,6.5800,6.5700,6.5600,6.5500,6.5400,6.5900,6.6000,6.6100,6.6200,6.6300,681,2982,858,1408,637,573,968,587,632,517
SZ,002340,2017-01-03 09:45:24,6.5900,1,659.0000,1,B,6.5800,6.5700,6.5600,6.5500,6.5400,6.5900,6.6000,6.6100,6.6200,6.6300,681,2972,858,1408,637,572,968,587,632,517
SZ,002340,2017-01-03 09:45:27,6.5900,1,6590.0000,10,B,6.5800,6.5700,6.5600,6.5500,6.5400,6.5900,6.6000,6.6100,6.6200,6.6300,738,2972,858,1408,637,656,968,587,632,517
SZ,002340,2017-01-03 09:45:30,6.5900,1,3295.0000,5,B,6.5800,6.5700,6.5600,6.5500,6.5400,6.5900,6.6000,6.6100,6.6200,6.6300,739,2972,858,1408,637,651,968,587,632,517
SZ,002340,2017-01-03 09:45:33,6.5800,3,98830.0000,150,S,6.5800,6.5700,6.5600,6.5500,6.5400,6.5900,6.6000,6.6100,6.6200,6.6300,756,2966,858,1434,642,531,968,587,632,517
SZ,002340,2017-01-03 09:45:36,6.5900,2,57981.0000,88,B,6.5800,6.5700,6.5600,6.5500,6.5400,6.5900,6.6000,6.6100,6.6200,6.6300,745,2959,878,1434,642,471,968,587,632,517
SZ,002340,2017-01-03 09:45:42,6.5800,12,302690.0000,460,S,6.5800,6.5700,6.5600,6.5500,6.5400,6.5900,6.6000,6.6100,6.6200,6.6300,295,2959,878,1436,642,1101,968,587,667,517
SZ,002340,2017-01-03 09:45:45,6.5800,2,90246.0000,137,S,6.5800,6.5700,6.5600,6.5500,6.5400,6.5900,6.6000,6.6100,6.6200,6.6300,273,2959,898,1448,642,1001,968,628,667,517
SZ,002340,2017-01-03 09:45:48,6.5900,1,6590.0000,10,B,6.5800,6.5700,6.5600,6.5500,6.5400,6.5900,6.6000,6.6100,6.6200,6.6300,274,2983,898,1448,642,991,968,628,667,517
SZ,002340,2017-01-03 09:45:57,6.5900,1,17793.0000,27,B,6.5800,6.5700,6.5600,6.5500,6.5400,6.5900,6.6000,6.6100,6.6200,6.6300,316,2986,898,1448,642,1074,958,628,667,527
SZ,002340,2017-01-03 09:46:00,6.5900,2,13180.0000,20,B,6.5800,6.5700,6.5600,6.5500,6.5400,6.5900,6.6000,6.6100,6.6200,6.6300,395,2991,898,1448,650,1133,958,630,667,527
SZ,002340,2017-01-03 09:46:03,6.5800,7,124362.0000,189,S,6.5800,6.5700,6.5600,6.5500,6.5400,6.5900,6.6000,6.6100,6.6200,6.6300,227,2991,923,1448,650,1133,958,642,667,527
SZ,002340,2017-01-03 09:46:12,6.5900,2,23724.0000,36,B,6.5800,6.5700,6.5600,6.5500,6.5400,6.5900,6.6000,6.6100,6.6200,6.6300,232,2977,926,1448,650,1274,963,642,667,528
SZ,002340,2017-01-03 09:46:15,6.5800,5,35536.0000,54,S,6.5800,6.5700,6.5600,6.5500,6.5400,6.5900,6.6000,6.6100,6.6200,6.6300,182,2977,926,1448,650,1277,969,642,667,528
SZ,002340,2017-01-03 09:46:21,6.5800,7,27638.0000,42,S,6.5800,6.5700,6.5600,6.5500,6.5400,6.5900,6.6000,6.6100,6.6200,6.6300,217,2995,931,1348,650,1415,969,544,667,498
SZ,002340,2017-01-03 09:46:24,6.5900,13,115984.0000,176,B,6.5800,6.5700,6.5600,6.5500,6.5400,6.5900,6.6000,6.6100,6.6200,6.6300,417,2995,931,1363,650,1319,969,544,667,498
SZ,002340,2017-01-03 09:46:27,6.5800,3,23030.0000,35,S,6.5800,6.5700,6.5600,6.5500,6.5400,6.5900,6.6000,6.6100,6.6200,6.6300,385,2995,931,1363,650,1319,969,544,667,498
SZ,002340,2017-01-03 09:46:36,6.5900,1,659.0000,1,B,6.5800,6.5700,6.5600,6.5500,6.5400,6.5900,6.6000,6.6100,6.6200,6.6300,430,2947,931,1363,650,1370,954,544,697,518
SZ,002340,2017-01-03 09:46:39,6.5900,1,6590.0000,10,B,6.5800,6.5700,6.5600,6.5500,6.5400,6.5900,6.6000,6.6100,6.6200,6.6300,473,2947,931,1363,650,1458,954,544,697,518
SZ,002340,2017-01-03 09:46:42,6.5800,3,21076.0000,32,S,6.5800,6.5700,6.5600,6.5500,6.5400,6.5900,6.6000,6.6100,6.6200,6.6300,471,2947,931,1363,650,1438,954,544,697,518
SZ,002340,2017-01-03 09:46:45,6.5900,1,6590.0000,10,B,6.5800,6.5700,6.5600,6.5500,6.5400,6.5900,6.6000,6.6100,6.6200,6.6300,477,2947,931,1363,650,1428,945,544,697,518
SZ,002340,2017-01-03 09:46:48,6.5800,1,19740.0000,30,S,6.5800,6.5700,6.5600,6.5500,6.5400,6.5900,6.6000,6.6100,6.6200,6.6300,492,2947,925,1359,650,1430,945,544,697,518
SZ,002340,2017-01-03 09:46:51,6.5800,3,38164.0000,58,S,6.5800,6.5700,6.5600,6.5500,6.5400,6.5900,6.6000,6.6100,6.6200,6.6300,444,2947,925,1359,650,1423,945,544,697,518
SZ,002340,2017-01-03 09:46:54,6.5900,1,1977.0000,3,B,6.5800,6.5700,6.5600,6.5500,6.5400,6.5900,6.6000,6.6100,6.6200,6.6300,444,2947,885,1359,650,1420,945,544,697,518
SZ,002340,2017-01-03 09:46:57,6.5800,5,37506.0000,57,S,6.5800,6.5700,6.5600,6.5500,6.5400,6.5900,6.6000,6.6100,6.6200,6.6300,542,2947,947,1359,650,1420,945,544,697,518
SZ,002340,2017-01-03 09:47:03,6.5900,1,6590.0000,10,B,6.5800,6.5700,6.5600,6.5500,6.5400,6.5900,6.6000,6.6100,6.6200,6.6300,542,3019,942,1359,650,1430,945,544,697,518
SZ,002340,2017-01-03 09:47:06,6.5900,2,6590.0000,10,B,6.5800,6.5700,6.5600,6.5500,6.5400,6.5900,6.6000,6.6100,6.6200,6.6300,546,3024,941,1359,650,1420,945,544,697,518
SZ,002340,2017-01-03 09:47:15,6.5900,1,659.0000,1,B,6.5800,6.5700,6.5600,6.5500,6.5400,6.5900,6.6000,6.6100,6.6200,6.6300,576,3030,941,1359,650,1583,945,549,703,503
SZ,002340,2017-01-03 09:47:24,6.5900,1,1977.0000,3,B,6.5800,6.5700,6.5600,6.5500,6.5400,6.5900,6.6000,6.6100,6.6200,6.6300,606,3050,941,1359,645,1610,935,549,703,503
SZ,002340,2017-01-03 09:47:30,6.5800,9,187630.0000,285,S,6.5800,6.5700,6.5600,6.5500,6.5400,6.5900,6.6000,6.6100,6.6200,6.6300,435,3030,946,1364,645,1734,922,549,703,503
SZ,002340,2017-01-03 09:47:39,6.5900,1,329500.0000,500,B,6.5800,6.5700,6.5600,6.5500,6.5400,6.5900,6.6000,6.6100,6.6200,6.6300,472,3040,946,1364,645,1361,1058,549,703,503
SZ,002340,2017-01-03 09:47:42,6.5900,4,38169.0000,58,B,6.5800,6.5700,6.5600,6.5500,6.5400,6.5900,6.6000,6.6100,6.6200,6.6300,419,3040,946,1364,645,1356,1060,549,703,503
SZ,002340,2017-01-03 09:47:48,6.5800,2,7896.0000,12,S,6.5800,6.5700,6.5600,6.5500,6.5400,6.5900,6.6000,6.6100,6.6200,6.6300,449,3051,986,1352,645,1366,1060,549,703,503
SZ,002340,2017-01-03 09:47:54,6.5900,1,6590.0000,10,B,6.5800,6.5700,6.5600,6.5500,6.5400,6.5900,6.6000,6.6100,6.6200,6.6300,1515,3051,986,1352,645,1356,1045,549,703,503
SZ,002340,2017-01-03 09:47:57,6.5900,2,13180.0000,20,B,6.5800,6.5700,6.5600,6.5500,6.5400,6.5900,6.6000,6.6100,6.6200,6.6300,1515,3056,986,1352,645,1350,1045,549,703,503
SZ,002340,2017-01-03 09:48:00,6.5800,1,5264.0000,8,S,6.5800,6.5700,6.5600,6.5500,6.5400,6.5900,6.6000,6.6100,6.6200,6.6300,1507,3045,986,1357,645,1364,1045,549,703,503
SZ,002340,2017-01-03 09:48:03,6.5900,5,26981.0000,41,B,6.5800,6.5700,6.5600,6.5500,6.5400,6.5900,6.6000,6.6100,6.6200,6.6300,1484,3092,986,1387,645,1361,1045,539,703,503
SZ,002340,2017-01-03 09:48:06,6.5900,1,1977.0000,3,B,6.5800,6.5700,6.5600,6.5500,6.5400,6.5900,6.6000,6.6100,6.6200,6.6300,1580,3092,986,1381,657,1358,1045,539,703,503
SZ,002340,2017-01-03 09:48:12,6.5800,1,5922.0000,9,S,6.5800,6.5700,6.5600,6.5500,6.5400,6.5900,6.6000,6.6100,6.6200,6.6300,1602,3092,986,1391,657,1614,1045,539,702,503
SZ,002340,2017-01-03 09:48:27,6.5900,2,10544.0000,16,B,6.5800,6.5700,6.5600,6.5500,6.5400,6.5900,6.6000,6.6100,6.6200,6.6300,1624,3122,1000,1391,657,1641,1065,539,702,603
SZ,002340,2017-01-03 09:48:30,6.5900,1,3295.0000,5,B,6.5800,6.5700,6.5600,6.5500,6.5400,6.5900,6.6000,6.6100,6.6200,6.6300,1629,3122,1000,1391,657,1636,1065,539,702,603
SZ,002340,2017-01-03 09:48:42,6.5900,2,19770.0000,30,B,6.5800,6.5700,6.5600,6.5500,6.5400,6.5900,6.6000,6.6100,6.6200,6.6300,1662,3133,1000,1391,657,1656,1043,539,702,503
SZ,002340,2017-01-03 09:48:45,6.5900,1,3295.0000,5,B,6.5800,6.5700,6.5600,6.5500,6.5400,6.5900,6.6000,6.6100,6.6200,6.6300,1685,3133,1000,1391,657,1751,1043,539,702,503
SZ,002340,2017-01-03 09:48:48,6.5900,1,1318.0000,2,B,6.5800,6.5700,6.5600,6.5500,6.5400,6.5900,6.6000,6.6100,6.6200,6.6300,1685,3133,1000,1391,657,1749,1043,539,702,503
SZ,002340,2017-01-03 09:48:54,6.5800,2,7896.0000,12,S,6.5800,6.5700,6.5600,6.5500,6.5400,6.5900,6.6000,6.6100,6.6200,6.6300,1719,3083,996,1391,657,1749,1043,539,702,503
SZ,002340,2017-01-03 09:48:57,6.5900,1,659.0000,1,B,6.5800,6.5700,6.5600,6.5500,6.5400,6.5900,6.6000,6.6100,6.6200,6.6300,1722,3083,996,1391,657,1750,1043,539,702,503
SZ,002340,2017-01-03 09:49:03,6.5800,2,3952.0000,6,S,6.5800,6.5700,6.5600,6.5500,6.5400,6.5900,6.6000,6.6100,6.6200,6.6300,1720,3082,996,1391,657,1746,1043,541,702,503
SZ,002340,2017-01-03 09:49:06,6.5900,1,6590.0000,10,B,6.5800,6.5700,6.5600,6.5500,6.5400,6.5900,6.6000,6.6100,6.6200,6.6300,1720,3082,996,1391,657,1736,1043,541,702,529
SZ,002340,2017-01-03 09:49:09,6.5900,1,6590.0000,10,B,6.5800,6.5700,6.5600,6.5500,6.5400,6.5900,6.6000,6.6100,6.6200,6.6300,1736,3082,996,1391,657,1726,1043,541,702,529
SZ,002340,2017-01-03 09:49:12,6.5900,17,337408.0000,512,B,6.5800,6.5700,6.5600,6.5500,6.5400,6.5900,6.6000,6.6100,6.6200,6.6300,1736,3082,996,1391,657,1214,1043,541,702,579
SZ,002340,2017-01-03 09:49:18,6.5800,3,6580.0000,10,S,6.5800,6.5700,6.5600,6.5500,6.5400,6.5900,6.6000,6.6100,6.6200,6.6300,1720,3082,996,1391,657,1241,1043,541,703,579
SZ,002340,2017-01-03 09:49:27,6.5900,21,680747.0000,1033,B,6.5800,6.5700,6.5600,6.5500,6.5400,6.5900,6.6000,6.6100,6.6200,6.6300,1725,3082,996,1391,657,308,1043,541,703,579
SZ,002340,2017-01-03 09:49:30,6.5800,5,60536.0000,92,S,6.5800,6.5700,6.5600,6.5500,6.5400,6.5900,6.6000,6.6100,6.6200,6.6300,1670,3082,996,1391,657,280,1055,541,703,579
SZ,002340,2017-01-03 09:49:36,6.5900,4,18452.0000,28,B,6.5800,6.5700,6.5600,6.5500,6.5400,6.5900,6.6000,6.6100,6.6200,6.6300,1670,3082,996,1391,657,252,1055,541,703,579
SZ,002340,2017-01-03 09:49:42,6.5800,3,39496.0000,60,S,6.5800,6.5700,6.5600,6.5500,6.5400,6.5900,6.6000,6.6100,6.6200,6.6300,1785,3082,996,1391,657,823,899,541,703,579
SZ,002340,2017-01-03 09:49:48,6.5900,4,29655.0000,45,B,6.5800,6.5700,6.5600,6.5500,6.5400,6.5900,6.6000,6.6100,6.6200,6.6300,1797,3069,996,1396,657,778,899,541,703,579
SZ,002340,2017-01-03 09:49:54,6.5800,1,5264.0000,8,S,6.5800,6.5700,6.5600,6.5500,6.5400,6.5900,6.6000,6.6100,6.6200,6.6300,1879,3069,996,1296,657,788,899,541,703,579
SZ,002340,2017-01-03 09:49:57,6.5900,1,659.0000,1,B,6.5800,6.5700,6.5600,6.5500,6.5400,6.5900,6.6000,6.6100,6.6200,6.6300,2157,3069,996,1296,657,787,899,541,703,579
SZ,002340,2017-01-03 09:50:03,6.5800,1,7238.0000,11,S,6.5800,6.5700,6.5600,6.5500,6.5400,6.5900,6.6000,6.6100,6.6200,6.6300,2174,3058,996,1296,672,875,899,628,703,579
SZ,002340,2017-01-03 09:50:09,6.5900,1,8567.0000,13,B,6.5800,6.5700,6.5600,6.5500,6.5400,6.5900,6.6000,6.6100,6.6200,6.6300,2274,3058,996,1296,672,865,899,628,703,579
SZ,002340,2017-01-03 09:50:18,6.5900,1,8567.0000,13,B,6.5800,6.5700,6.5600,6.5500,6.5400,6.5900,6.6000,6.6100,6.6200,6.6300,2297,3098,1046,1296,672,874,899,634,703,579
SZ,002340,2017-01-03 09:50:21,6.5900,1,659.0000,1,B,6.5800,6.5700,6.5600,6.5500,6.5400,6.5900,6.6000,6.6100,6.6200,6.6300,2297,3128,1046,1296,672,890,899,647,703,579
SZ,002340,2017-01-03 09:50:24,6.5900,1,659.0000,1,B,6.5800,6.5700,6.5600,6.5500,6.5400,6.5900,6.6000,6.6100,6.6200,6.6300,2297,3123,1046,1296,672,889,899,647,703,579
SZ,002340,2017-01-03 09:50:27,6.5900,2,29655.0000,45,B,6.5800,6.5700,6.5600,6.5500,6.5400,6.5900,6.6000,6.6100,6.6200,6.6300,2332,3123,1046,1296,672,844,899,647,703,579
SZ,002340,2017-01-03 09:50:30,6.5900,3,59969.0000,91,B,6.5800,6.5700,6.5600,6.5500,6.5400,6.5900,6.6000,6.6100,6.6200,6.6300,2352,3123,1046,1296,672,753,899,647,703,579
SZ,002340,2017-01-03 09:50:33,6.5900,1,1318.0000,2,B,6.5800,6.5700,6.5600,6.5500,6.5400,6.5900,6.6000,6.6100,6.6200,6.6300,2352,3173,1046,1296,672,753,899,647,733,579
SZ,002340,2017-01-03 09:50:39,6.5900,4,19770.0000,30,B,6.5800,6.5700,6.5600,6.5500,6.5400,6.5900,6.6000,6.6100,6.6200,6.6300,2362,3173,1046,1296,672,723,899,647,733,579
SZ,002340,2017-01-03 09:50:45,6.5900,5,30973.0000,47,B,6.5800,6.5700,6.5600,6.5500,6.5400,6.5900,6.6000,6.6100,6.6200,6.6300,2362,3186,1046,1296,651,674,949,647,733,579
SZ,002340,2017-01-03 09:50:48,6.5900,1,659.0000,1,B,6.5800,6.5700,6.5600,6.5500,6.5400,6.5900,6.6000,6.6100,6.6200,6.6300,2362,3186,1046,1296,651,673,949,647,733,629
SZ,002340,2017-01-03 09:50:51,6.5900,1,1318.0000,2,B,6.5800,6.5700,6.5600,6.5500,6.5400,6.5900,6.6000,6.6100,6.6200,6.6300,2379,3186,1046,1296,651,671,949,647,733,648
SZ,002340,2017-01-03 09:50:54,6.5900,4,105440.0000,160,B,6.5800,6.5700,6.5600,6.5500,6.5400,6.5900,6.6000,6.6100,6.6200,6.6300,2250,3217,1046,1296,651,511,949,647,733,648
SZ,002340,2017-01-03 09:51:00,6.5900,3,188474.0000,286,B,6.5800,6.5700,6.5600,6.5500,6.5400,6.5900,6.6000,6.6100,6.6200,6.6300,2250,3217,1046,1301,651,241,949,647,733,622
SZ,002340,2017-01-03 09:51:03,6.5900,4,66514.0000,101,B,6.5800,6.5700,6.5600,6.5500,6.5400,6.5900,6.6000,6.6100,6.6200,6.6300,2210,3067,1046,1301,651,109,949,647,733,622
SZ,002340,2017-01-03 09:51:06,6.5900,1,9885.0000,15,B,6.5800,6.5700,6.5600,6.5500,6.5400,6.5900,6.6000,6.6100,6.6200,6.6300,2214,3080,1044,1201,651,106,949,647,733,622
SZ,002340,2017-01-03 09:51:09,6.5900,14,77762.0000,118,B,6.5900,6.5800,6.5700,6.5600,6.5500,6.6000,6.6100,6.6200,6.6300,6.6400,516,2237,3080,1044,1201,949,647,733,603,815
SZ,002340,2017-01-03 09:51:12,6.5900,4,11862.0000,18,S,6.5900,6.5800,6.5700,6.5600,6.5500,6.6000,6.6100,6.6200,6.6300,6.6400,498,2267,3080,1044,1201,949,647,733,603,815
SZ,002340,2017-01-03 09:51:18,6.6000,2,19800.0000,30,B,6.5900,6.5800,6.5700,6.5600,6.5500,6.6000,6.6100,6.6200,6.6300,6.6400,707,2273,3082,1044,1201,949,647,733,603,840
SZ,002340,2017-01-03 09:51:21,6.5900,1,2636.0000,4,S,6.5900,6.5800,6.5700,6.5600,6.5500,6.6000,6.6100,6.6200,6.6300,6.6400,703,2273,3082,1044,1201,969,647,733,603,840
SZ,002340,2017-01-03 09:51:24,6.6000,1,5940.0000,9,B,6.5900,6.5800,6.5700,6.5600,6.5500,6.6000,6.6100,6.6200,6.6300,6.6400,728,2273,3082,1044,1201,960,647,733,608,845
SZ,002340,2017-01-03 09:51:33,6.6000,7,132000.0000,200,B,6.5900,6.5800,6.5700,6.5600,6.5500,6.6000,6.6100,6.6200,6.6300,6.6400,733,2283,3082,1020,1212,808,647,733,608,864
SZ,002340,2017-01-03 09:51:36,6.5900,4,76550.0000,116,S,6.5900,6.5800,6.5700,6.5600,6.5500,6.6000,6.6100,6.6200,6.6300,6.6400,733,2283,3082,1020,1212,802,647,733,608,864
SZ,002340,2017-01-03 09:51:39,6.6000,9,135300.0000,205,B,6.5900,6.5800,6.5700,6.5600,6.5500,6.6000,6.6100,6.6200,6.6300,6.6400,733,2283,3112,1020,1212,597,647,728,608,864
SZ,002340,2017-01-03 09:51:45,6.5900,26,266600.0000,404,S,6.5900,6.5800,6.5700,6.5600,6.5500,6.6000,6.6100,6.6200,6.6300,6.6400,915,2283,3040,1020,1212,233,647,740,608,864
SZ,002340,2017-01-03 09:51:48,6.6000,5,66000.0000,100,B,6.5900,6.5800,6.5700,6.5600,6.5500,6.6000,6.6100,6.6200,6.6300,6.6400,1015,2283,3056,1020,1212,133,647,740,608,864
SZ,002340,2017-01-03 09:51:54,6.6000,4,36910.0000,56,B,6.5900,6.5800,6.5700,6.5600,6.5500,6.6000,6.6100,6.6200,6.6300,6.6400,1087,2273,3056,1020,1212,127,657,740,608,864
SZ,002340,2017-01-03 09:52:00,6.6000,4,27060.0000,41,B,6.5900,6.5800,6.5700,6.5600,6.5500,6.6000,6.6100,6.6200,6.6300,6.6400,1087,2253,3056,1020,1212,91,657,705,608,864
SZ,002340,2017-01-03 09:52:03,6.6000,2,32340.0000,49,B,6.5900,6.5800,6.5700,6.5600,6.5500,6.6000,6.6100,6.6200,6.6300,6.6400,1290,2247,3056,1020,1212,107,657,708,608,864
SZ,002340,2017-01-03 09:52:06,6.6000,8,107626.0000,163,B,6.6000,6.5900,6.5800,6.5700,6.5600,6.6100,6.6200,6.6300,6.6400,6.6500,40,1290,2289,3056,1020,611,708,642,864,1109
SZ,002340,2017-01-03 09:52:09,6.6000,2,26400.0000,40,S,6.5900,6.5800,6.5700,6.5600,6.5500,6.6000,6.6100,6.6200,6.6300,6.6400,1400,2289,3056,920,1112,50,611,708,642,864
SZ,002340,2017-01-03 09:52:12,6.6000,5,36300.0000,55,B,6.6000,6.5900,6.5800,6.5700,6.5600,6.6100,6.6200,6.6300,6.6400,6.6500,83,1400,2289,3006,920,641,708,642,872,1109
SZ,002340,2017-01-03 09:52:15,6.6000,1,7920.0000,12,S,6.6000,6.5900,6.5800,6.5700,6.5600,6.6100,6.6200,6.6300,6.6400,6.6500,71,1413,2461,3006,980,648,712,642,872,1109
SZ,002340,2017-01-03 09:52:18,6.6000,1,11880.0000,18,S,6.6000,6.5900,6.5800,6.5700,6.5600,6.6100,6.6200,6.6300,6.6400,6.6500,148,1419,2447,3016,980,648,712,642,872,1109
SZ,002340,2017-01-03 09:52:24,6.6000,1,4620.0000,7,S,6.6000,6.5900,6.5800,6.5700,6.5600,6.6100,6.6200,6.6300,6.6400,6.6500,211,1451,2447,3016,985,912,562,642,872,1126
SZ,002340,2017-01-03 09:52:27,6.6100,3,13880.0000,21,B,6.6000,6.5900,6.5800,6.5700,6.5600,6.6100,6.6200,6.6300,6.6400,6.6500,232,1451,2447,3016,985,892,562,642,872,1126
SZ,002340,2017-01-03 09:52:30,6.6000,4,56100.0000,85,S,6.6000,6.5900,6.5800,6.5700,6.5600,6.6100,6.6200,6.6300,6.6400,6.6500,147,1461,2447,3016,985,902,562,662,912,1126
SZ,002340,2017-01-03 09:52:33,6.6000,1,3300.0000,5,S,6.6000,6.5900,6.5800,6.5700,6.5600,6.6100,6.6200,6.6300,6.6400,6.6500,153,1462,2430,3006,985,902,562,692,912,1126
SZ,002340,2017-01-03 09:52:36,6.6100,5,21813.0000,33,B,6.6000,6.5900,6.5800,6.5700,6.5600,6.6100,6.6200,6.6300,6.6400,6.6500,163,1462,2430,3006,1045,876,612,692,912,1126
SZ,002340,2017-01-03 09:52:39,6.6000,1,3300.0000,5,S,6.6000,6.5900,6.5800,6.5700,6.5600,6.6100,6.6200,6.6300,6.6400,6.6500,158,1462,2430,3003,1045,876,606,692,921,1099
SZ,002340,2017-01-03 09:52:42,6.6000,2,33000.0000,50,S,6.6000,6.5900,6.5800,6.5700,6.5600,6.6100,6.6200,6.6300,6.6400,6.6500,108,1457,2430,3003,1055,876,650,692,961,1099
SZ,002340,2017-01-03 09:52:48,6.6000,2,9900.0000,15,S,6.6000,6.5900,6.5800,6.5700,6.5600,6.6100,6.6200,6.6300,6.6400,6.6500,97,1457,2430,3003,1055,906,652,692,965,1099
SZ,002340,2017-01-03 09:52:51,6.6000,1,6600.0000,10,S,6.6000,6.5900,6.5800,6.5700,6.5600,6.6100,6.6200,6.6300,6.6400,6.6500,135,1257,2424,3007,1055,906,652,692,965,1099
SZ,002340,2017-01-03 09:52:54,6.6000,1,13200.0000,20,S,6.6000,6.5900,6.5800,6.5700,6.5600,6.6100,6.6200,6.6300,6.6400,6.6500,115,1257,2424,3007,1055,931,652,692,965,1099
SZ,002340,2017-01-03 09:52:57,6.6100,2,6610.0000,10,B,6.6000,6.5900,6.5800,6.5700,6.5600,6.6100,6.6200,6.6300,6.6400,6.6500,129,1257,2424,3007,1155,921,652,865,965,1099
SZ,002340,2017-01-03 09:53:00,6.6100,5,84608.0000,128,B,6.6000,6.5900,6.5800,6.5700,6.5600,6.6100,6.6200,6.6300,6.6400,6.6500,129,1257,2435,2996,1155,795,652,865,965,1099
SZ,002340,2017-01-03 09:53:03,6.6100,3,30406.0000,46,B,6.6000,6.5900,6.5800,6.5700,6.5600,6.6100,6.6200,6.6300,6.6400,6.6500,329,1257,2435,2996,1155,754,659,865,965,1099
SZ,002340,2017-01-03 09:53:09,6.6100,16,283169.0000,429,B,6.5900,6.5800,6.5700,6.5600,6.5500,6.6000,6.6100,6.6200,6.6300,6.6400,1257,2401,2996,1155,1142,30,762,759,865,965
SZ,002340,2017-01-03 09:53:12,6.6000,2,53460.0000,81,B,6.6000,6.5900,6.5800,6.5700,6.5600,6.6100,6.6200,6.6300,6.6400,6.6500,22,1257,2401,2996,1155,772,759,865,1067,1099
SZ,002340,2017-01-03 09:53:18,6.6100,1,33050.0000,50,B,6.6000,6.5900,6.5800,6.5700,6.5600,6.6100,6.6200,6.6300,6.6400,6.6500,57,1267,2401,2956,1155,731,759,865,1067,1099
SZ,002340,2017-01-03 09:53:21,6.6000,2,17174.0000,26,S,6.6000,6.5900,6.5800,6.5700,6.5600,6.6100,6.6200,6.6300,6.6400,6.6500,45,1322,2401,2956,1155,728,759,871,1087,1105
SZ,002340,2017-01-03 09:53:24,6.6000,4,9900.0000,15,S,6.6000,6.5900,6.5800,6.5700,6.5600,6.6100,6.6200,6.6300,6.6400,6.6500,30,1322,2401,2956,1155,738,759,871,1101,1105
SZ,002340,2017-01-03 09:53:27,6.6000,3,25080.0000,38,S,6.6000,6.5900,6.5800,6.5700,6.5600,6.6100,6.6200,6.6300,6.6400,6.6500,17,1317,2401,2956,1155,738,764,872,1101,1105
SZ,002340,2017-01-03 09:53:30,6.6000,3,11220.0000,17,S,6.5900,6.5800,6.5700,6.5600,6.5500,6.6000,6.6100,6.6200,6.6300,6.6400,1334,2408,2963,1155,1142,193,802,764,892,1097
SZ,002340,2017-01-03 09:53:36,6.6000,3,12540.0000,19,B,6.5900,6.5800,6.5700,6.5600,6.5500,6.6000,6.6100,6.6200,6.6300,6.6400,1341,2708,2963,1165,1142,674,839,757,932,1127
SZ,002340,2017-01-03 09:53:39,6.6000,1,19800.0000,30,B,6.5900,6.5800,6.5700,6.5600,6.5500,6.6000,6.6100,6.6200,6.6300,6.6400,1241,2708,2963,1175,1142,646,839,757,932,1127
SZ,002340,2017-01-03 09:53:45,6.6000,1,3300.0000,5,B,6.5900,6.5800,6.5700,6.5600,6.5500,6.6000,6.6100,6.6200,6.6300,6.6400,1366,2708,2968,1115,1142,648,898,757,962,1127
SZ,002340,2017-01-03 09:53:48,6.6000,1,1320.0000,2,B,6.5900,6.5800,6.5700,6.5600,6.5500,6.6000,6.6100,6.6200,6.6300,6.6400,1366,2718,2968,1115,1142,648,913,757,962,1127
SZ,002340,2017-01-03 09:53:51,6.5900,2,6595.0000,10,S,6.5900,6.5800,6.5700,6.5600,6.5500,6.6000,6.6100,6.6200,6.6300,6.6400,1377,2718,2968,1115,1143,648,913,757,968,1127
SZ,002340,2017-01-03 09:53:54,6.6000,4,113520.0000,172,B,6.5900,6.5800,6.5700,6.5600,6.5500,6.6000,6.6100,6.6200,6.6300,6.6400,1388,2718,2968,1115,1143,518,913,757,968,1127
SZ,002340,2017-01-03 09:53:57,6.6000,2,72600.0000,110,B,6.5900,6.5800,6.5700,6.5600,6.5500,6.6000,6.6100,6.6200,6.6300,6.6400,1420,2718,2968,1115,1143,408,923,801,968,1127
SZ,002340,2017-01-03 09:54:00,6.6000,1,19800.0000,30,B,6.5900,6.5800,6.5700,6.5600,6.5500,6.6000,6.6100,6.6200,6.6300,6.6400,1420,2718,2968,1115,1142,393,923,801,968,1127
SZ,002340,2017-01-03 09:54:03,6.6000,1,9900.0000,15,B,6.5900,6.5800,6.5700,6.5600,6.5500,6.6000,6.6100,6.6200,6.6300,6.6400,1318,2710,2968,1115,1142,378,923,801,968,1127
SZ,002340,2017-01-03 09:54:09,6.5900,2,4619.0000,7,S,6.5900,6.5800,6.5700,6.5600,6.5500,6.6000,6.6100,6.6200,6.6300,6.6400,1321,2710,2968,1115,1137,372,937,731,977,1127
SZ,002340,2017-01-03 09:54:12,6.6000,1,2640.0000,4,B,6.5900,6.5800,6.5700,6.5600,6.5500,6.6000,6.6100,6.6200,6.6300,6.6400,1321,2695,2968,1115,1137,368,1037,736,1015,1127
SZ,002340,2017-01-03 09:54:15,6.6000,2,25080.0000,38,B,6.5900,6.5800,6.5700,6.5600,6.5500,6.6000,6.6100,6.6200,6.6300,6.6400,1321,2702,2968,1115,1137,418,1037,736,1015,1127
SZ,002340,2017-01-03 09:54:21,6.6000,2,7920.0000,12,B,6.5900,6.5800,6.5700,6.5600,6.5500,6.6000,6.6100,6.6200,6.6300,6.6400,1321,2702,2968,1115,1147,586,1037,736,1015,1241
SZ,002340,2017-01-03 09:54:30,6.5900,2,10544.0000,16,S,6.5900,6.5800,6.5700,6.5600,6.5500,6.6000,6.6100,6.6200,6.6300,6.6400,1318,2682,2968,1120,1147,786,1214,736,1045,1241
SZ,002340,2017-01-03 09:54:39,6.6000,1,660.0000,1,B,6.5900,6.5800,6.5700,6.5600,6.5500,6.6000,6.6100,6.6200,6.6300,6.6400,1338,2675,2968,1120,1147,791,1371,736,1125,1241
SZ,002340,2017-01-03 09:54:48,6.6000,1,19800.0000,30,B,6.5900,6.5800,6.5700,6.5600,6.5500,6.6000,6.6100,6.6200,6.6300,6.6400,1338,2695,3008,1120,1147,826,1397,736,1096,1241
SZ,002340,2017-01-03 09:54:54,6.6000,1,66660.0000,101,B,6.5900,6.5800,6.5700,6.5600,6.5500,6.6000,6.6100,6.6200,6.6300,6.6400,1338,2695,3008,1120,1147,828,1397,736,1096,1256
SZ,002340,2017-01-03 09:54:57,6.5900,1,27019.0000,41,S,6.5900,6.5800,6.5700,6.5600,6.5500,6.6000,6.6100,6.6200,6.6300,6.6400,1297,2695,3008,1120,1147,828,1397,736,1096,1256
SZ,002340,2017-01-03 09:55:00,6.6000,1,55440.0000,84,B,6.5900,6.5800,6.5700,6.5600,6.5500,6.6000,6.6100,6.6200,6.6300,6.6400,1323,2695,3007,1120,1147,757,1397,736,1096,1256
SZ,002340,2017-01-03 09:55:09,6.6000,1,660.0000,1,B,6.5900,6.5800,6.5700,6.5600,6.5500,6.6000,6.6100,6.6200,6.6300,6.6400,1370,2695,3016,1120,1147,768,1397,775,1096,1656
SZ,002340,2017-01-03 09:55:12,6.6000,3,14507.0000,22,B,6.5900,6.5800,6.5700,6.5600,6.5500,6.6000,6.6100,6.6200,6.6300,6.6400,1387,2695,3016,1120,1147,759,1397,805,1111,1656
SZ,002340,2017-01-03 09:55:15,6.6000,6,36300.0000,55,B,6.5900,6.5800,6.5700,6.5600,6.5500,6.6000,6.6100,6.6200,6.6300,6.6400,1387,2695,3016,1120,1147,704,1407,826,1111,1656
SZ,002340,2017-01-03 09:55:21,6.6000,3,18480.0000,28,B,6.5900,6.5800,6.5700,6.5600,6.5500,6.6000,6.6100,6.6200,6.6300,6.6400,1447,2695,3026,1120,1147,676,1547,841,1115,1646
SZ,002340,2017-01-03 09:55:30,6.6000,4,66000.0000,100,B,6.5900,6.5800,6.5700,6.5600,6.5500,6.6000,6.6100,6.6200,6.6300,6.6400,1529,2695,3056,1120,1147,536,1727,841,1115,1646
SZ,002340,2017-01-03 09:55:36,6.5900,2,8567.0000,13,S,6.5900,6.5800,6.5700,6.5600,6.5500,6.6000,6.6100,6.6200,6.6300,6.6400,1517,2695,3056,1120,1147,1576,1731,841,1115,1646
SZ,002340,2017-01-03 09:55:51,6.5900,2,69200.0000,105,S,6.5900,6.5800,6.5700,6.5600,6.5500,6.6000,6.6100,6.6200,6.6300,6.6400,1399,2705,3056,1117,1157,1613,1894,861,1115,1646
SZ,002340,2017-01-03 09:55:54,6.5900,23,659000.0000,1000,S,6.5900,6.5800,6.5700,6.5600,6.5500,6.6000,6.6100,6.6200,6.6300,6.6400,392,2705,3056,1117,1157,1749,1754,861,1115,1646
SZ,002340,2017-01-03 09:55:57,6.5900,9,187356.0000,284,S,6.5900,6.5800,6.5700,6.5600,6.5500,6.6000,6.6100,6.6200,6.6300,6.6400,308,2705,3056,1117,1157,1549,1754,874,1115,1646
SZ,002340,2017-01-03 09:56:03,6.6000,1,2640.0000,4,B,6.5900,6.5800,6.5700,6.5600,6.5500,6.6000,6.6100,6.6200,6.6300,6.6400,320,2701,3056,1117,1157,1685,1754,874,1115,1651
SZ,002340,2017-01-03 09:56:09,6.5900,21,283370.0000,430,S,6.5800,6.5700,6.5600,6.5500,6.5400,6.5900,6.6000,6.6100,6.6200,6.6300,2706,3056,1117,1157,686,60,1867,1614,871,1115
SZ,002340,2017-01-03 09:56:12,6.5900,2,39540.0000,60,B,6.5900,6.5800,6.5700,6.5600,6.5500,6.6000,6.6100,6.6200,6.6300,6.6400,31,2706,3016,1117,1157,1868,1614,871,1115,1646
SZ,002340,2017-01-03 09:56:21,6.5900,1,9226.0000,14,S,6.5900,6.5800,6.5700,6.5600,6.5500,6.6000,6.6100,6.6200,6.6300,6.6400,17,2676,3016,1094,1157,2008,1632,916,1115,1945
SZ,002340,2017-01-03 09:56:27,6.6000,4,17796.0000,27,B,6.5900,6.5800,6.5700,6.5600,6.5500,6.6000,6.6100,6.6200,6.6300,6.6400,87,2681,3016,1102,1157,2100,1632,930,1115,1945
SZ,002340,2017-01-03 09:56:30,6.6000,1,1320.0000,2,B,6.5900,6.5800,6.5700,6.5600,6.5500,6.6000,6.6100,6.6200,6.6300,6.6400,753,2693,3016,1102,1157,2098,1632,947,1115,1945
SZ,002340,2017-01-03 09:56:33,6.5900,1,1318.0000,2,S,6.5900,6.5800,6.5700,6.5600,6.5500,6.6000,6.6100,6.6200,6.6300,6.6400,766,2693,3016,1102,1161,2098,1632,947,1115,1945
SZ,002340,2017-01-03 09:56:36,6.6000,1,6600.0000,10,B,6.5900,6.5800,6.5700,6.5600,6.5500,6.6000,6.6100,6.6200,6.6300,6.6400,766,2693,3016,1102,1161,2123,1632,933,1115,1945
SZ,002340,2017-01-03 09:56:39,6.6000,1,19800.0000,30,B,6.5900,6.5800,6.5700,6.5600,6.5500,6.6000,6.6100,6.6200,6.6300,6.6400,786,2693,3016,1102,1161,2076,1632,933,1115,1945
SZ,002340,2017-01-03 09:56:42,6.5900,2,7908.0000,12,S,6.5900,6.5800,6.5700,6.5600,6.5500,6.6000,6.6100,6.6200,6.6300,6.6400,784,2853,3016,1002,1164,2076,1632,933,1115,1945
SZ,002340,2017-01-03 09:56:45,6.5900,2,27678.0000,42,S,6.5900,6.5800,6.5700,6.5600,6.5500,6.6000,6.6100,6.6200,6.6300,6.6400,742,2905,3016,1002,1184,2076,1632,933,1115,1945
SZ,002340,2017-01-03 09:56:48,6.6000,2,12527.0000,19,B,6.5900,6.5800,6.5700,6.5600,6.5500,6.6000,6.6100,6.6200,6.6300,6.6400,729,2905,3016,1002,1184,2218,1632,983,1145,1945
SZ,002340,2017-01-03 09:56:51,6.5900,2,71262.0000,108,S,6.5900,6.5800,6.5700,6.5600,6.5500,6.6000,6.6100,6.6200,6.6300,6.6400,726,2905,3016,1002,1184,2131,1632,983,1145,1945
SZ,002340,2017-01-03 09:56:57,6.6000,1,4620.0000,7,B,6.5900,6.5800,6.5700,6.5600,6.5500,6.6000,6.6100,6.6200,6.6300,6.6400,726,2905,3006,1002,1184,2293,1632,970,1145,1945
SZ,002340,2017-01-03 09:57:03,6.6000,1,3300.0000,5,B,6.5900,6.5800,6.5700,6.5600,6.5500,6.6000,6.6100,6.6200,6.6300,6.6400,726,2912,3016,1002,1184,2287,1632,941,1159,1945
SZ,002340,2017-01-03 09:57:09,6.5900,3,29657.0000,45,S,6.5900,6.5800,6.5700,6.5600,6.5500,6.6000,6.6100,6.6200,6.6300,6.6400,888,2912,3016,1002,1214,2318,1632,941,1159,1945
SZ,002340,2017-01-03 09:57:24,6.6000,2,2640.0000,4,B,6.5900,6.5800,6.5700,6.5600,6.5500,6.6000,6.6100,6.6200,6.6300,6.6400,928,2916,3016,1002,1233,2243,1632,941,1159,1945
SZ,002340,2017-01-03 09:57:27,6.5900,4,17134.0000,26,S,6.5900,6.5800,6.5700,6.5600,6.5500,6.6000,6.6100,6.6200,6.6300,6.6400,902,2916,3016,1002,1233,2302,1632,941,1459,1945
SZ,002340,2017-01-03 09:57:30,6.5900,1,2636.0000,4,S,6.5900,6.5800,6.5700,6.5600,6.5500,6.6000,6.6100,6.6200,6.6300,6.6400,898,2906,3016,1002,1233,2302,1632,941,1459,1945
SZ,002340,2017-01-03 09:57:33,6.5900,1,9885.0000,15,S,6.5900,6.5800,6.5700,6.5600,6.5500,6.6000,6.6100,6.6200,6.6300,6.6400,883,2903,3016,1002,1239,2302,1632,941,1459,1945
SZ,002340,2017-01-03 09:57:48,6.5900,12,91729.0000,139,S,6.5900,6.5800,6.5700,6.5600,6.5500,6.6000,6.6100,6.6200,6.6300,6.6400,1315,2946,2996,1012,1242,2153,1667,941,1459,1969
SZ,002340,2017-01-03 09:57:51,6.5900,1,23065.0000,35,S,6.5900,6.5800,6.5700,6.5600,6.5500,6.6000,6.6100,6.6200,6.6300,6.6400,1297,2946,2996,1012,1242,2153,1667,941,1459,1969
SZ,002340,2017-01-03 09:58:00,6.5900,1,4613.0000,7,S,6.5900,6.5800,6.5700,6.5600,6.5500,6.6000,6.6100,6.6200,6.6300,6.6400,1282,2904,3027,1012,1244,2164,1620,966,1459,1974
SZ,002340,2017-01-03 09:58:03,6.6000,10,432366.0000,656,B,6.5900,6.5800,6.5700,6.5600,6.5500,6.6000,6.6100,6.6200,6.6300,6.6400,698,2904,3017,1012,1244,2102,1604,984,1459,1974
SZ,002340,2017-01-03 09:58:06,6.5900,3,9230.0000,14,S,6.5900,6.5800,6.5700,6.5600,6.5500,6.6000,6.6100,6.6200,6.6300,6.6400,688,2904,3017,1012,1244,2235,1604,984,1459,1974
SZ,002340,2017-01-03 09:58:09,6.5900,3,45481.0000,69,S,6.5900,6.5800,6.5700,6.5600,6.5500,6.6000,6.6100,6.6200,6.6300,6.6400,629,2904,3017,1012,1244,2255,1604,984,1459,1974
SZ,002340,2017-01-03 09:58:15,6.5900,4,63359.0000,96,S,6.5900,6.5800,6.5700,6.5600,6.5500,6.6000,6.6100,6.6200,6.6300,6.6400,682,2904,3017,1012,1244,2547,1579,984,1459,1974
SZ,002340,2017-01-03 09:58:30,6.6000,2,23067.0000,35,B,6.5900,6.5800,6.5700,6.5600,6.5500,6.6000,6.6100,6.6200,6.6300,6.6400,650,2922,3017,1017,1244,2677,1619,984,1459,1974
SZ,002340,2017-01-03 09:58:36,6.6000,1,5280.0000,8,B,6.5900,6.5800,6.5700,6.5600,6.5500,6.6000,6.6100,6.6200,6.6300,6.6400,670,2924,3017,1017,1274,2669,1619,984,1469,1974
SZ,002340,2017-01-03 09:58:42,6.6000,2,15823.0000,24,B,6.5900,6.5800,6.5700,6.5600,6.5500,6.6000,6.6100,6.6200,6.6300,6.6400,653,2924,3015,1017,1279,2662,1619,994,1469,1974
SZ,002340,2017-01-03 09:58:51,6.5900,1,3295.0000,5,S,6.5900,6.5800,6.5700,6.5600,6.5500,6.6000,6.6100,6.6200,6.6300,6.6400,654,2924,3015,1201,1279,2663,1619,994,1469,1974
SZ,002340,2017-01-03 09:58:54,6.5900,3,26398.0000,40,S,6.5900,6.5800,6.5700,6.5600,6.5500,6.6000,6.6100,6.6200,6.6300,6.6400,652,2909,3015,1201,1279,2625,1619,1024,1469,1974
SZ,002340,2017-01-03 09:58:57,6.6000,2,8568.0000,13,B,6.5900,6.5800,6.5700,6.5600,6.5500,6.6000,6.6100,6.6200,6.6300,6.6400,640,2897,3010,1201,1279,2629,1619,1024,1470,1974
SZ,002340,2017-01-03 09:59:00,6.6000,1,9900.0000,15,B,6.5900,6.5800,6.5700,6.5600,6.5500,6.6000,6.6100,6.6200,6.6300,6.6400,650,2897,3010,1201,1279,2762,1619,1024,1470,1984
SZ,002340,2017-01-03 09:59:03,6.6000,6,660000.0000,1000,B,6.5900,6.5800,6.5700,6.5600,6.5500,6.6000,6.6100,6.6200,6.6300,6.6400,650,2897,3010,1203,1279,1762,1628,1024,1470,1984
SZ,002340,2017-01-03 09:59:06,6.5900,4,43494.0000,66,S,6.5900,6.5800,6.5700,6.5600,6.5500,6.6000,6.6100,6.6200,6.6300,6.6400,738,2897,3010,1203,1279,1762,1628,1024,1470,1984
SZ,002340,2017-01-03 09:59:21,6.5900,3,185838.0000,282,S,6.5900,6.5800,6.5700,6.5600,6.5500,6.6000,6.6100,6.6200,6.6300,6.6400,679,2894,3023,1203,1279,1632,1638,1024,1445,2009
SZ,002340,2017-01-03 09:59:24,6.6000,1,660.0000,1,B,6.5900,6.5800,6.5700,6.5600,6.5500,6.6000,6.6100,6.6200,6.6300,6.6400,680,2894,3023,1253,1279,1642,1638,1024,1445,2009
SZ,002340,2017-01-03 09:59:27,6.5900,1,7249.0000,11,S,6.5900,6.5800,6.5700,6.5600,6.5500,6.6000,6.6100,6.6200,6.6300,6.6400,731,2892,3023,1253,1244,1642,1638,1024,1445,2009
SZ,002340,2017-01-03 09:59:30,6.5900,1,10544.0000,16,S,6.5900,6.5800,6.5700,6.5600,6.5500,6.6000,6.6100,6.6200,6.6300,6.6400,1109,2892,3023,1253,1244,1642,1638,1024,1455,2009
SZ,002340,2017-01-03 09:59:33,6.6000,3,27710.0000,42,B,6.5900,6.5800,6.5700,6.5600,6.5500,6.6000,6.6100,6.6200,6.6300,6.6400,1189,2892,3023,1253,1244,1610,1638,1024,1455,2009
SZ,002340,2017-01-03 09:59:39,6.5900,2,71173.0000,108,S,6.5900,6.5800,6.5700,6.5600,6.5500,6.6000,6.6100,6.6200,6.6300,6.6400,1081,2892,3029,1253,1244,1600,1638,1024,1454,2009
SZ,002340,2017-01-03 09:59:42,6.6000,1,19140.0000,29,B,6.5900,6.5800,6.5700,6.5600,6.5500,6.6000,6.6100,6.6200,6.6300,6.6400,1081,2892,3038,1253,1244,1571,1638,1024,1454,2009
SZ,002340,2017-01-03 09:59:45,6.6000,2,10560.0000,16,B,6.5900,6.5800,6.5700,6.5600,6.5500,6.6000,6.6100,6.6200,6.6300,6.6400,1081,2882,3038,1253,1244,2360,1438,1026,1454,2009
SZ,002340,2017-01-03 09:59:48,6.5900,11,138388.0000,210,S,6.5900,6.5800,6.5700,6.5600,6.5500,6.6000,6.6100,6.6200,6.6300,6.6400,873,2882,3038,1253,1244,2760,1438,1026,1454,2009
SZ,002340,2017-01-03 09:59:54,6.6000,1,1980.0000,3,B,6.5900,6.5800,6.5700,6.5600,6.5500,6.6000,6.6100,6.6200,6.6300,6.6400,873,2882,3038,1253,1244,2767,1438,1036,1454,2009
SZ,002340,2017-01-03 09:59:57,6.6000,3,6600.0000,10,B,6.5900,6.5800,6.5700,6.5600,6.5500,6.6000,6.6100,6.6200,6.6300,6.6400,915,2882,2988,1253,1244,2757,1438,1036,1454,2009
SZ,002340,2017-01-03 10:00:03,6.5900,3,29676.0000,45,S,6.5900,6.5800,6.5700,6.5600,6.5500,6.6000,6.6100,6.6200,6.6300,6.6400,930,2882,2988,1253,1244,2797,1483,1036,1454,2009
SZ,002340,2017-01-03 10:00:06,6.5900,2,6590.0000,10,S,6.5900,6.5800,6.5700,6.5600,6.5500,6.6000,6.6100,6.6200,6.6300,6.6400,920,2892,2988,1253,1244,2797,1483,1036,1454,2009
SZ,002340,2017-01-03 10:00:09,6.6000,2,6600.0000,10,B,6.5900,6.5800,6.5700,6.5600,6.5500,6.6000,6.6100,6.6200,6.6300,6.6400,920,2892,2988,1253,1244,2787,1483,1036,1454,2009
SZ,002340,2017-01-03 10:00:12,6.5900,1,6590.0000,10,S,6.5900,6.5800,6.5700,6.5600,6.5500,6.6000,6.6100,6.6200,6.6300,6.6400,910,2892,2988,1253,1244,2987,1483,1036,1454,2009
SZ,002340,2017-01-03 10:00:15,6.6000,1,6600.0000,10,B,6.5900,6.5800,6.5700,6.5600,6.5500,6.6000,6.6100,6.6200,6.6300,6.6400,910,2892,2988,1253,1244,2917,1488,1036,1454,2009
SZ,002340,2017-01-03 10:00:24,6.5900,1,32950.0000,50,S,6.5900,6.5800,6.5700,6.5600,6.5500,6.6000,6.6100,6.6200,6.6300,6.6400,875,2949,2988,1228,1138,3158,1548,1045,1454,2009
SZ,002340,2017-01-03 10:00:27,6.5900,2,5272.0000,8,S,6.5900,6.5800,6.5700,6.5600,6.5500,6.6000,6.6100,6.6200,6.6300,6.6400,867,2949,2988,1228,1138,3160,1548,1044,1454,2009
SZ,002340,2017-01-03 10:00:30,6.5900,2,9226.0000,14,S,6.5900,6.5800,6.5700,6.5600,6.5500,6.6000,6.6100,6.6200,6.6300,6.6400,853,2949,2988,1228,1138,3160,1548,1044,1454,2009
SZ,002340,2017-01-03 10:00:36,6.5900,3,28348.0000,43,S,6.5900,6.5800,6.5700,6.5600,6.5500,6.6000,6.6100,6.6200,6.6300,6.6400,830,2949,2988,1228,1144,3184,1548,1044,1454,2009
SZ,002340,2017-01-03 10:00:42,6.5900,1,13180.0000,20,S,6.5900,6.5800,6.5700,6.5600,6.5500,6.6000,6.6100,6.6200,6.6300,6.6400,810,2949,2988,1228,1144,3195,3084,1044,1454,2009
SZ,002340,2017-01-03 10:00:48,6.6000,1,3300.0000,5,B,6.5900,6.5800,6.5700,6.5600,6.5500,6.6000,6.6100,6.6200,6.6300,6.6400,827,2949,2988,1228,1144,3190,3054,1044,1454,2009
SZ,002340,2017-01-03 10:00:57,6.6000,1,13200.0000,20,B,6.5900,6.5800,6.5700,6.5600,6.5500,6.6000,6.6100,6.6200,6.6300,6.6400,939,2949,2988,1228,1144,3241,1518,1044,1454,2009
SZ,002340,2017-01-03 10:01:00,6.5900,1,55356.0000,84,S,6.5900,6.5800,6.5700,6.5600,6.5500,6.6000,6.6100,6.6200,6.6300,6.6400,935,2949,2988,1228,1144,3268,1518,1044,1454,2009
SZ,002340,2017-01-03 10:01:03,6.5900,1,36904.0000,56,S,6.5900,6.5800,6.5700,6.5600,6.5500,6.6000,6.6100,6.6200,6.6300,6.6400,879,2949,2988,1228,1144,3298,1518,1029,1454,2009
SZ,002340,2017-01-03 10:01:06,6.6000,2,56760.0000,86,B,6.5900,6.5800,6.5700,6.5600,6.5500,6.6000,6.6100,6.6200,6.6300,6.6400,895,2939,2988,1228,1144,3212,1518,1029,1454,2009
SZ,002340,2017-01-03 10:01:09,6.5900,3,7908.0000,12,S,6.5900,6.5800,6.5700,6.5600,6.5500,6.6000,6.6100,6.6200,6.6300,6.6400,884,2949,3008,1232,1144,3212,1508,1029,1454,2009
SZ,002340,2017-01-03 10:01:12,6.5900,6,33638.0000,51,S,6.5900,6.5800,6.5700,6.5600,6.5500,6.6000,6.6100,6.6200,6.6300,6.6400,863,2996,3008,1232,1281,3171,1509,1029,1454,2009
SZ,002340,2017-01-03 10:01:24,6.6000,1,1320.0000,2,B,6.5900,6.5800,6.5700,6.5600,6.5500,6.6000,6.6100,6.6200,6.6300,6.6400,883,3011,3008,1232,1289,3202,1504,1029,1466,2019
SZ,002340,2017-01-03 10:01:33,6.5900,2,21746.0000,33,S,6.5900,6.5800,6.5700,6.5600,6.5500,6.6000,6.6100,6.6200,6.6300,6.6400,850,3011,3008,1232,1289,3223,1519,1029,1466,2019
SZ,002340,2017-01-03 10:01:42,6.5900,4,38224.0000,58,S,6.5900,6.5800,6.5700,6.5600,6.5500,6.6000,6.6100,6.6200,6.6300,6.6400,792,3011,3008,1038,1283,3324,1519,1029,1466,2019
SZ,002340,2017-01-03 10:01:45,6.6000,2,86460.0000,131,B,6.5900,6.5800,6.5700,6.5600,6.5500,6.6000,6.6100,6.6200,6.6300,6.6400,792,3011,3008,1038,1280,3243,1519,1029,1466,2019
SZ,002340,2017-01-03 10:01:48,6.6000,1,4620.0000,7,B,6.5900,6.5800,6.5700,6.5600,6.5500,6.6000,6.6100,6.6200,6.6300,6.6400,807,3011,3008,1038,1285,3236,1512,1029,1466,2019
SZ,002340,2017-01-03 10:01:51,6.5900,3,21752.0000,33,S,6.5900,6.5800,6.5700,6.5600,6.5500,6.6000,6.6100,6.6200,6.6300,6.6400,780,3019,3008,1038,1365,3240,1517,1032,1466,2019
SZ,002340,2017-01-03 10:02:00,6.5900,1,65900.0000,100,S,6.5900,6.5800,6.5700,6.5600,6.5500,6.6000,6.6100,6.6200,6.6300,6.6400,694,3019,3011,1035,1371,3290,1507,1032,1466,1999
SZ,002340,2017-01-03 10:02:06,6.6000,1,660.0000,1,B,6.5900,6.5800,6.5700,6.5600,6.5500,6.6000,6.6100,6.6200,6.6300,6.6400,695,3019,3011,1058,1391,3289,1507,1032,1466,1974
SZ,002340,2017-01-03 10:02:15,6.5900,2,23064.0000,35,S,6.5900,6.5800,6.5700,6.5600,6.5500,6.6000,6.6100,6.6200,6.6300,6.6400,660,3049,3011,1058,1391,2543,1497,1032,1466,1974
SZ,002340,2017-01-03 10:02:18,6.5900,1,13180.0000,20,S,6.5900,6.5800,6.5700,6.5600,6.5500,6.6000,6.6100,6.6200,6.6300,6.6400,640,3049,3011,1058,1391,2543,1497,1032,1466,1974
SZ,002340,2017-01-03 10:02:21,6.5900,1,7908.0000,12,S,6.5900,6.5800,6.5700,6.5600,6.5500,6.6000,6.6100,6.6200,6.6300,6.6400,628,3049,3011,1058,1391,2585,1492,1082,1466,1974
SZ,002340,2017-01-03 10:02:24,6.5900,23,413852.0000,628,S,6.5800,6.5700,6.5600,6.5500,6.5400,6.5900,6.6000,6.6100,6.6200,6.6300,3049,3011,1058,1391,664,172,2585,1492,1082,1466
SZ,002340,2017-01-03 10:02:27,6.5900,2,154866.0000,235,B,6.5900,6.5800,6.5700,6.5600,6.5500,6.6000,6.6100,6.6200,6.6300,6.6400,66,3049,3011,1058,1391,2595,1405,1082,1466,1974
SZ,002340,2017-01-03 10:02:30,6.6000,4,72540.0000,110,B,6.5900,6.5800,6.5700,6.5600,6.5500,6.6000,6.6100,6.6200,6.6300,6.6400,6,3049,3011,1058,1391,2550,1405,1082,1466,1974
SZ,002340,2017-01-03 10:02:33,6.5900,2,10544.0000,16,S,6.5800,6.5700,6.5600,6.5500,6.5400,6.5900,6.6000,6.6100,6.6200,6.6300,3049,3011,1058,1391,664,634,2550,1405,1082,1466
SZ,002340,2017-01-03 10:02:39,6.5900,1,3294.0000,5,B,6.5800,6.5700,6.5600,6.5500,6.5400,6.5900,6.6000,6.6100,6.6200,6.6300,3049,3011,1058,1391,664,689,2698,1410,1082,1466
SZ,002340,2017-01-03 10:02:42,6.5900,1,76444.0000,116,B,6.5800,6.5700,6.5600,6.5500,6.5400,6.5900,6.6000,6.6100,6.6200,6.6300,3064,3019,1058,1391,664,573,2738,1400,1082,1466
SZ,002340,2017-01-03 10:02:54,6.5900,2,38882.0000,59,B,6.5800,6.5700,6.5600,6.5500,6.5400,6.5900,6.6000,6.6100,6.6200,6.6300,3068,3019,1058,1391,664,514,3043,1400,1082,1471
SZ,002340,2017-01-03 10:02:57,6.5900,1,6590.0000,10,B,6.5800,6.5700,6.5600,6.5500,6.5400,6.5900,6.6000,6.6100,6.6200,6.6300,3068,3019,1058,1391,664,516,3043,1390,1082,1471
SZ,002340,2017-01-03 10:03:00,6.5900,2,7908.0000,12,B,6.5800,6.5700,6.5600,6.5500,6.5400,6.5900,6.6000,6.6100,6.6200,6.6300,3068,3019,1058,1391,664,505,3043,1390,1125,1471
SZ,002340,2017-01-03 10:03:03,6.5900,1,13180.0000,20,B,6.5800,6.5700,6.5600,6.5500,6.5400,6.5900,6.6000,6.6100,6.6200,6.6300,3055,3019,1058,1391,664,499,3033,1380,1125,1471
SZ,002340,2017-01-03 10:03:06,6.5800,2,9220.0000,14,S,6.5800,6.5700,6.5600,6.5500,6.5400,6.5900,6.6000,6.6100,6.6200,6.6300,3048,3019,1058,1391,664,492,3043,1380,1125,1471
SZ,002340,2017-01-03 10:03:15,6.5900,68,2006948.0000,3050,B,6.5800,6.5700,6.5600,6.5500,6.5400,6.5900,6.6000,6.6100,6.6200,6.6300,48,3027,1058,1391,664,370,3862,1380,1125,1471
SZ,002340,2017-01-03 10:03:21,6.5800,4,57904.0000,88,S,6.5700,6.5600,6.5500,6.5400,6.5300,6.5800,6.5900,6.6000,6.6100,6.6200,3034,1058,1391,664,598,88,467,3876,1380,1125
SZ,002340,2017-01-03 10:03:24,6.5700,2,74242.0000,113,S,6.5800,6.5700,6.5600,6.5500,6.5400,6.5900,6.6000,6.6100,6.6200,6.6300,10,2921,1058,1391,664,567,3876,1380,1125,1471
SZ,002340,2017-01-03 10:03:36,6.5800,1,2632.0000,4,S,6.5800,6.5700,6.5600,6.5500,6.5400,6.5900,6.6000,6.6100,6.6200,6.6300,26,2920,1058,1391,664,577,3909,1378,1125,1471
SZ,002340,2017-01-03 10:03:39,6.5800,1,2632.0000,4,S,6.5800,6.5700,6.5600,6.5500,6.5400,6.5900,6.6000,6.6100,6.6200,6.6300,22,2920,1058,1391,664,656,4373,1378,1110,1471
SZ,002340,2017-01-03 10:03:42,6.5900,1,6590.0000,10,B,6.5800,6.5700,6.5600,6.5500,6.5400,6.5900,6.6000,6.6100,6.6200,6.6300,22,2945,1068,1410,664,646,4373,1378,1110,1485
SZ,002340,2017-01-03 10:03:45,6.5800,3,26340.0000,40,S,6.5800,6.5700,6.5600,6.5500,6.5400,6.5900,6.6000,6.6100,6.6200,6.6300,22,2945,1068,1410,664,638,4373,1378,1110,1485
SZ,002340,2017-01-03 10:03:48,6.5900,3,6584.0000,10,B,6.5800,6.5700,6.5600,6.5500,6.5400,6.5900,6.6000,6.6100,6.6200,6.6300,17,3045,1068,1410,664,633,4388,1378,1110,1485
SZ,002340,2017-01-03 10:03:54,6.5800,1,6580.0000,10,S,6.5800,6.5700,6.5600,6.5500,6.5400,6.5900,6.6000,6.6100,6.6200,6.6300,180,3045,1068,1410,664,678,4358,1378,1110,1485
SZ,002340,2017-01-03 10:04:00,6.5900,1,2636.0000,4,B,6.5800,6.5700,6.5600,6.5500,6.5400,6.5900,6.6000,6.6100,6.6200,6.6300,295,3075,1068,1390,664,649,4388,1350,1110,1435
SZ,002340,2017-01-03 10:04:12,6.5900,1,24384.0000,37,B,6.5800,6.5700,6.5600,6.5500,6.5400,6.5900,6.6000,6.6100,6.6200,6.6300,350,3075,1096,1410,664,840,4452,1350,1110,1435
SZ,002340,2017-01-03 10:04:15,6.5900,4,27008.0000,41,B,6.5800,6.5700,6.5600,6.5500,6.5400,6.5900,6.6000,6.6100,6.6200,6.6300,340,3082,1096,1410,664,859,4452,1350,1110,1435
SZ,002340,2017-01-03 10:04:24,6.5800,2,13160.0000,20,S,6.5800,6.5700,6.5600,6.5500,6.5400,6.5900,6.6000,6.6100,6.6200,6.6300,336,3082,1096,1410,664,779,4472,1366,1110,1445
SZ,002340,2017-01-03 10:04:27,6.5800,3,151340.0000,230,S,6.5800,6.5700,6.5600,6.5500,6.5400,6.5900,6.6000,6.6100,6.6200,6.6300,126,3082,1096,1410,664,897,4488,1366,1110,1445
SZ,002340,2017-01-03 10:04:30,6.5800,1,7896.0000,12,S,6.5800,6.5700,6.5600,6.5500,6.5400,6.5900,6.6000,6.6100,6.6200,6.6300,114,3082,1096,1410,664,915,4488,1366,1110,1445
SZ,002340,2017-01-03 10:04:33,6.5900,1,3296.0000,5,B,6.5800,6.5700,6.5600,6.5500,6.5400,6.5900,6.6000,6.6100,6.6200,6.6300,124,3082,1096,1410,664,910,4488,1366,1110,1445
SZ,002340,2017-01-03 10:04:42,6.5900,1,660.0000,1,B,6.5800,6.5700,6.5600,6.5500,6.5400,6.5900,6.6000,6.6100,6.6200,6.6300,136,3082,1096,1430,664,1009,4488,1366,1110,1475
SZ,002340,2017-01-03 10:04:51,6.5900,2,3290.0000,5,B,6.5800,6.5700,6.5600,6.5500,6.5400,6.5900,6.6000,6.6100,6.6200,6.6300,132,3084,1096,1430,664,1095,4571,1391,1110,1475
SZ,002340,2017-01-03 10:05:15,6.5800,5,20398.0000,31,S,6.5800,6.5700,6.5600,6.5500,6.5400,6.5900,6.6000,6.6100,6.6200,6.6300,554,3081,1077,1430,664,1704,4398,1366,1110,1475
SZ,002340,2017-01-03 10:05:24,6.5800,9,204638.0000,311,S,6.5800,6.5700,6.5600,6.5500,6.5400,6.5900,6.6000,6.6100,6.6200,6.6300,243,3081,1077,1430,664,1744,4462,1366,1110,1475
SZ,002340,2017-01-03 10:05:30,6.5900,1,3954.0000,6,B,6.5800,6.5700,6.5600,6.5500,6.5400,6.5900,6.6000,6.6100,6.6200,6.6300,266,3081,1077,1431,664,1738,4464,1396,1110,1475
SZ,002340,2017-01-03 10:05:36,6.5800,2,11192.0000,17,S,6.5800,6.5700,6.5600,6.5500,6.5400,6.5900,6.6000,6.6100,6.6200,6.6300,330,3089,1121,1431,664,1735,4474,1396,1110,1478
SZ,002340,2017-01-03 10:05:39,6.5800,1,6580.0000,10,S,6.5800,6.5700,6.5600,6.5500,6.5400,6.5900,6.6000,6.6100,6.6200,6.6300,370,3089,1121,1431,664,1735,4474,1396,1110,1478
SZ,002340,2017-01-03 10:05:48,6.5800,12,275700.0000,419,S,6.5700,6.5600,6.5500,6.5400,6.5300,6.5800,6.5900,6.6000,6.6100,6.6200,3090,1145,1431,664,598,261,1735,4448,1409,1110
SZ,002340,2017-01-03 10:05:51,6.5700,1,42706.0000,65,S,6.5700,6.5600,6.5500,6.5400,6.5300,6.5800,6.5900,6.6000,6.6100,6.6200,3025,1145,1431,664,598,261,1715,4458,1459,1110
SZ,002340,2017-01-03 10:06:06,6.5800,2,22372.0000,34,B,6.5700,6.5600,6.5500,6.5400,6.5300,6.5800,6.5900,6.6000,6.6100,6.6200,3074,1145,1431,664,598,362,1745,4461,1409,1201
SZ,002340,2017-01-03 10:06:09,6.5800,1,13160.0000,20,B,6.5700,6.5600,6.5500,6.5400,6.5300,6.5800,6.5900,6.6000,6.6100,6.6200,3310,1145,1433,664,598,342,1750,4441,1409,1201
SZ,002340,2017-01-03 10:06:15,6.5700,1,658.0000,1,S,6.5700,6.5600,6.5500,6.5400,6.5300,6.5800,6.5900,6.6000,6.6100,6.6200,3299,1145,1433,664,598,342,1750,4277,1420,1201
SZ,002340,2017-01-03 10:06:21,6.5800,2,7896.0000,12,B,6.5700,6.5600,6.5500,6.5400,6.5300,6.5800,6.5900,6.6000,6.6100,6.6200,3293,1145,1430,664,633,280,1753,4277,1430,1201
SZ,002340,2017-01-03 10:06:27,6.5800,6,184240.0000,280,B,6.5800,6.5700,6.5600,6.5500,6.5400,6.5900,6.6000,6.6100,6.6200,6.6300,42,3358,1145,1430,664,1633,4263,1430,1201,1478
SZ,002340,2017-01-03 10:06:30,6.5800,1,4604.0000,7,S,6.5800,6.5700,6.5600,6.5500,6.5400,6.5900,6.6000,6.6100,6.6200,6.6300,114,3358,1145,1430,664,1633,4238,1430,1201,1478
SZ,002340,2017-01-03 10:06:39,6.5800,3,33560.0000,51,S,6.5800,6.5700,6.5600,6.5500,6.5400,6.5900,6.6000,6.6100,6.6200,6.6300,166,3338,1145,1421,664,1633,4237,1399,1201,1478
SZ,002340,2017-01-03 10:06:42,6.5800,3,23688.0000,36,S,6.5800,6.5700,6.5600,6.5500,6.5400,6.5900,6.6000,6.6100,6.6200,6.6300,130,3338,1145,1421,664,1653,4237,1399,1201,1478
SZ,002340,2017-01-03 10:06:51,6.5800,4,65800.0000,100,S,6.5800,6.5700,6.5600,6.5500,6.5400,6.5900,6.6000,6.6100,6.6200,6.6300,36,3346,1146,1423,664,1654,4334,1399,1201,1478
SZ,002340,2017-01-03 10:06:54,6.5900,1,658.0000,1,B,6.5800,6.5700,6.5600,6.5500,6.5400,6.5900,6.6000,6.6100,6.6200,6.6300,42,3346,1166,1452,664,1653,4334,1399,1201,1478
SZ,002340,2017-01-03 10:06:57,6.5800,5,39480.0000,60,S,6.5800,6.5700,6.5600,6.5500,6.5400,6.5900,6.6000,6.6100,6.6200,6.6300,117,3346,1175,1452,664,1653,4334,1399,1201,1478
SZ,002340,2017-01-03 10:07:00,6.5900,2,19750.0000,30,B,6.5800,6.5700,6.5600,6.5500,6.5400,6.5900,6.6000,6.6100,6.6200,6.6300,97,3351,1175,1652,664,1643,4334,1399,1201,1478
SZ,002340,2017-01-03 10:07:03,6.5900,2,20428.0000,31,B,6.5800,6.5700,6.5600,6.5500,6.5400,6.5900,6.6000,6.6100,6.6200,6.6300,2208,3357,1200,1652,664,1612,4334,1399,1201,1478
SZ,002340,2017-01-03 10:07:06,6.5800,2,592200.0000,900,S,6.5800,6.5700,6.5600,6.5500,6.5400,6.5900,6.6000,6.6100,6.6200,6.6300,1308,3357,1200,1647,664,1650,4334,1399,1209,1478
SZ,002340,2017-01-03 10:07:09,6.5800,4,80276.0000,122,S,6.5800,6.5700,6.5600,6.5500,6.5400,6.5900,6.6000,6.6100,6.6200,6.6300,1186,3349,1200,1647,664,1594,4334,1389,1209,1478
SZ,002340,2017-01-03 10:07:12,6.5900,1,3296.0000,5,B,6.5800,6.5700,6.5600,6.5500,6.5400,6.5900,6.6000,6.6100,6.6200,6.6300,1220,3349,1200,1647,664,1589,4334,1389,1209,1478
SZ,002340,2017-01-03 10:07:18,6.5800,1,1974.0000,3,S,6.5800,6.5700,6.5600,6.5500,6.5400,6.5900,6.6000,6.6100,6.6200,6.6300,1316,3349,1192,1647,664,1689,4334,1389,1209,1478
SZ,002340,2017-01-03 10:07:24,6.5900,2,109902.0000,167,B,6.5800,6.5700,6.5600,6.5500,6.5400,6.5900,6.6000,6.6100,6.6200,6.6300,1206,3349,1192,1647,664,1830,4494,1389,1209,1478
SZ,002340,2017-01-03 10:07:36,6.5800,1,1974.0000,3,S,6.5800,6.5700,6.5600,6.5500,6.5400,6.5900,6.6000,6.6100,6.6200,6.6300,1307,3393,1192,1647,664,1839,4499,1419,1209,1478
SZ,002340,2017-01-03 10:07:39,6.5800,1,1316.0000,2,S,6.5800,6.5700,6.5600,6.5500,6.5400,6.5900,6.6000,6.6100,6.6200,6.6300,1305,3386,1192,1652,664,1939,4489,1419,1209,1478
SZ,002340,2017-01-03 10:07:42,6.5900,1,19770.0000,30,B,6.5800,6.5700,6.5600,6.5500,6.5400,6.5900,6.6000,6.6100,6.6200,6.6300,1306,3386,1192,1642,664,1914,4478,1419,1209,1478
SZ,002340,2017-01-03 10:07:48,6.5900,1,19770.0000,30,B,6.5800,6.5700,6.5600,6.5500,6.5400,6.5900,6.6000,6.6100,6.6200,6.6300,1306,3386,1192,1642,664,2000,4472,1419,1209,1478
SZ,002340,2017-01-03 10:07:51,6.5800,1,7896.0000,12,S,6.5800,6.5700,6.5600,6.5500,6.5400,6.5900,6.6000,6.6100,6.6200,6.6300,1801,3386,1192,1644,664,2000,4472,1419,1209,1531
SZ,002340,2017-01-03 10:07:54,6.5800,1,9212.0000,14,S,6.5800,6.5700,6.5600,6.5500,6.5400,6.5900,6.6000,6.6100,6.6200,6.6300,1787,3386,1192,1644,664,2000,4472,1419,1209,1531
SZ,002340,2017-01-03 10:07:57,6.5800,1,3290.0000,5,S,6.5800,6.5700,6.5600,6.5500,6.5400,6.5900,6.6000,6.6100,6.6200,6.6300,1782,3386,1167,1644,664,2000,4472,1419,1209,1531
SZ,002340,2017-01-03 10:08:00,6.5900,1,32950.0000,50,B,6.5800,6.5700,6.5600,6.5500,6.5400,6.5900,6.6000,6.6100,6.6200,6.6300,1814,3386,1167,1644,664,1950,4455,1419,1209,1531
SZ,002340,2017-01-03 10:08:03,6.5800,1,32900.0000,50,S,6.5800,6.5700,6.5600,6.5500,6.5400,6.5900,6.6000,6.6100,6.6200,6.6300,1764,3386,1168,1644,664,1950,4455,1419,1214,1531
SZ,002340,2017-01-03 10:08:06,6.5900,7,131800.0000,200,B,6.5800,6.5700,6.5600,6.5500,6.5400,6.5900,6.6000,6.6100,6.6200,6.6300,1764,3387,1168,1642,664,1750,4455,1419,1214,1531
SZ,002340,2017-01-03 10:08:09,6.5900,1,1318.0000,2,B,6.5800,6.5700,6.5600,6.5500,6.5400,6.5900,6.6000,6.6100,6.6200,6.6300,1764,3387,1168,1473,664,1748,4455,1419,1214,1531
SZ,002340,2017-01-03 10:08:12,6.5800,2,65800.0000,100,S,6.5800,6.5700,6.5600,6.5500,6.5400,6.5900,6.6000,6.6100,6.6200,6.6300,1664,3387,1168,1473,664,1748,4455,1419,1214,1531
SZ,002340,2017-01-03 10:08:15,6.5900,5,35586.0000,54,B,6.5800,6.5700,6.5600,6.5500,6.5400,6.5900,6.6000,6.6100,6.6200,6.6300,1664,3387,1170,1473,664,1762,4455,1419,1214,1531
SZ,002340,2017-01-03 10:08:18,6.5900,1,5272.0000,8,B,6.5800,6.5700,6.5600,6.5500,6.5400,6.5900,6.6000,6.6100,6.6200,6.6300,1664,3387,1170,1473,664,1854,4455,1419,1214,1531
SZ,002340,2017-01-03 10:08:21,6.5800,1,7238.0000,11,S,6.5800,6.5700,6.5600,6.5500,6.5400,6.5900,6.6000,6.6100,6.6200,6.6300,1653,3387,1170,1473,664,1854,4455,1419,1214,1551
SZ,002340,2017-01-03 10:08:24,6.5900,7,197700.0000,300,B,6.5800,6.5700,6.5600,6.5500,6.5400,6.5900,6.6000,6.6100,6.6200,6.6300,1653,3387,1170,1473,664,1574,4455,1419,1214,1551
SZ,002340,2017-01-03 10:08:39,6.5900,4,58652.0000,89,B,6.5800,6.5700,6.5600,6.5500,6.5400,6.5900,6.6000,6.6100,6.6200,6.6300,2348,3387,1170,1473,668,1485,4477,1539,1214,1551
SZ,002340,2017-01-03 10:08:42,6.5900,5,104120.0000,158,B,6.5800,6.5700,6.5600,6.5500,6.5400,6.5900,6.6000,6.6100,6.6200,6.6300,2352,3422,1170,1473,668,1327,4477,1539,1214,1551
SZ,002340,2017-01-03 10:08:45,6.5800,1,7896.0000,12,S,6.5800,6.5700,6.5600,6.5500,6.5400,6.5900,6.6000,6.6100,6.6200,6.6300,2379,3422,1170,1473,668,1397,4477,1539,1214,1551
SZ,002340,2017-01-03 10:08:48,6.5800,2,51992.0000,79,S,6.5800,6.5700,6.5600,6.5500,6.5400,6.5900,6.6000,6.6100,6.6200,6.6300,2311,3422,1170,1473,668,1319,4477,1439,1214,1551
SZ,002340,2017-01-03 10:08:51,6.5800,1,329000.0000,500,S,6.5800,6.5700,6.5600,6.5500,6.5400,6.5900,6.6000,6.6100,6.6200,6.6300,1821,3422,1170,1473,668,1281,4507,1449,1214,1551
SZ,002340,2017-01-03 10:08:57,6.5800,1,7896.0000,12,S,6.5800,6.5700,6.5600,6.5500,6.5400,6.5900,6.6000,6.6100,6.6200,6.6300,1871,3422,1175,1473,668,1295,4507,1444,1214,1551
SZ,002340,2017-01-03 10:09:00,6.5900,2,33608.0000,51,B,6.5800,6.5700,6.5600,6.5500,6.5400,6.5900,6.6000,6.6100,6.6200,6.6300,1870,3397,1175,1473,668,1245,4507,1444,1214,1551
SZ,002340,2017-01-03 10:09:03,6.5900,2,39540.0000,60,B,6.5800,6.5700,6.5600,6.5500,6.5400,6.5900,6.6000,6.6100,6.6200,6.6300,1868,3397,1175,1473,668,1185,4507,1444,1214,1551
SZ,002340,2017-01-03 10:09:06,6.5800,1,55928.0000,85,S,6.5800,6.5700,6.5600,6.5500,6.5400,6.5900,6.6000,6.6100,6.6200,6.6300,1905,3397,1175,1473,668,1205,4507,1451,1214,1551
SZ,002340,2017-01-03 10:09:18,6.5900,2,11204.0000,17,B,6.5800,6.5700,6.5600,6.5500,6.5400,6.5900,6.6000,6.6100,6.6200,6.6300,1956,3557,1175,1473,668,1288,4481,1461,1445,1551
SZ,002340,2017-01-03 10:09:24,6.5800,1,32900.0000,50,S,6.5800,6.5700,6.5600,6.5500,6.5400,6.5900,6.6000,6.6100,6.6200,6.6300,1918,3557,1176,1517,668,1308,4481,1461,1345,1551
SZ,002340,2017-01-03 10:09:42,6.5800,9,197400.0000,300,S,6.5800,6.5700,6.5600,6.5500,6.5400,6.5900,6.6000,6.6100,6.6200,6.6300,1668,3584,1180,1517,668,1317,4493,1438,1345,1551
SZ,002340,2017-01-03 10:09:48,6.5900,2,6590.0000,10,B,6.5800,6.5700,6.5600,6.5500,6.5400,6.5900,6.6000,6.6100,6.6200,6.6300,2355,3584,1180,1517,668,1307,4473,1438,1345,1551
SZ,002340,2017-01-03 10:09:51,6.5800,1,6580.0000,10,S,6.5800,6.5700,6.5600,6.5500,6.5400,6.5900,6.6000,6.6100,6.6200,6.6300,2345,3584,1180,1517,668,1307,4473,1438,1345,1581
SZ,002340,2017-01-03 10:09:57,6.5800,2,4606.0000,7,S,6.5800,6.5700,6.5600,6.5500,6.5400,6.5900,6.6000,6.6100,6.6200,6.6300,2363,3609,1180,1517,668,1306,4496,1438,1345,1581
SZ,002340,2017-01-03 10:10:00,6.5800,1,13160.0000,20,S,6.5800,6.5700,6.5600,6.5500,6.5400,6.5900,6.6000,6.6100,6.6200,6.6300,2343,3609,1180,1517,668,1306,4496,1438,1345,1581
SZ,002340,2017-01-03 10:10:03,6.5900,2,40848.0000,62,B,6.5800,6.5700,6.5600,6.5500,6.5400,6.5900,6.6000,6.6100,6.6200,6.6300,2331,3609,1180,1517,668,1256,4496,1438,1345,1581
SZ,002340,2017-01-03 10:10:12,6.5900,1,658.0000,1,B,6.5800,6.5700,6.5600,6.5500,6.5400,6.5900,6.6000,6.6100,6.6200,6.6300,2341,3609,1180,1522,668,1245,4496,1438,1345,1581
SZ,002340,2017-01-03 10:10:15,6.5900,2,29654.0000,45,B,6.5800,6.5700,6.5600,6.5500,6.5400,6.5900,6.6000,6.6100,6.6200,6.6300,2341,3609,1180,1522,668,1200,4496,1438,1345,1581
SZ,002340,2017-01-03 10:10:18,6.5900,1,5932.0000,9,B,6.5800,6.5700,6.5600,6.5500,6.5400,6.5900,6.6000,6.6100,6.6200,6.6300,2487,3609,1180,1522,668,1191,4476,1438,1345,1581
SZ,002340,2017-01-03 10:10:21,6.5900,1,32950.0000,50,B,6.5800,6.5700,6.5600,6.5500,6.5400,6.5900,6.6000,6.6100,6.6200,6.6300,2502,3609,1180,1522,668,1161,4476,1408,1345,1408
SZ,002340,2017-01-03 10:10:30,6.5900,1,65900.0000,100,B,6.5800,6.5700,6.5600,6.5500,6.5400,6.5900,6.6000,6.6100,6.6200,6.6300,2512,3573,1230,1522,668,1061,4476,1408,1345,1413
SZ,002340,2017-01-03 10:10:33,6.5800,4,48692.0000,74,S,6.5800,6.5700,6.5600,6.5500,6.5400,6.5900,6.6000,6.6100,6.6200,6.6300,2443,3573,1230,1522,724,1061,4476,1408,1345,1413
SZ,002340,2017-01-03 10:10:36,6.5900,1,7250.0000,11,B,6.5800,6.5700,6.5600,6.5500,6.5400,6.5900,6.6000,6.6100,6.6200,6.6300,2913,3573,1230,1522,724,1050,4476,1408,1345,1413
SZ,002340,2017-01-03 10:10:39,6.5800,1,6580.0000,10,S,6.5800,6.5700,6.5600,6.5500,6.5400,6.5900,6.6000,6.6100,6.6200,6.6300,2933,3573,1230,1522,724,1050,4476,1408,1345,1413
SZ,002340,2017-01-03 10:10:48,6.5900,1,5272.0000,8,B,6.5800,6.5700,6.5600,6.5500,6.5400,6.5900,6.6000,6.6100,6.6200,6.6300,2933,3578,1231,1522,724,1042,4456,1408,1345,1678
SZ,002340,2017-01-03 10:10:57,6.5900,10,184520.0000,280,B,6.5800,6.5700,6.5600,6.5500,6.5400,6.5900,6.6000,6.6100,6.6200,6.6300,3127,3578,1231,1522,724,942,4456,1408,1345,1678
SZ,002340,2017-01-03 10:11:06,6.5900,1,15156.0000,23,B,6.5800,6.5700,6.5600,6.5500,6.5400,6.5900,6.6000,6.6100,6.6200,6.6300,3143,3578,1231,1522,724,939,4456,1408,1375,1678
SZ,002340,2017-01-03 10:11:09,6.5800,16,456676.0000,693,S,6.5800,6.5700,6.5600,6.5500,6.5400,6.5900,6.6000,6.6100,6.6200,6.6300,3182,3578,1231,1522,724,263,4456,1408,1375,1678
SZ,002340,2017-01-03 10:11:15,6.5900,1,14498.0000,22,B,6.5800,6.5700,6.5600,6.5500,6.5400,6.5900,6.6000,6.6100,6.6200,6.6300,3175,3573,1227,1515,724,241,4456,1408,1400,1678
SZ,002340,2017-01-03 10:11:18,6.5900,1,5930.0000,9,B,6.5800,6.5700,6.5600,6.5500,6.5400,6.5900,6.6000,6.6100,6.6200,6.6300,3178,3573,1237,1515,724,261,4308,1408,1400,1678
SZ,002340,2017-01-03 10:11:21,6.5900,1,1320.0000,2,B,6.5800,6.5700,6.5600,6.5500,6.5400,6.5900,6.6000,6.6100,6.6200,6.6300,3157,3583,1237,1515,724,329,4308,1408,1400,1413
SZ,002340,2017-01-03 10:11:27,6.5900,3,21746.0000,33,B,6.5800,6.5700,6.5600,6.5500,6.5400,6.5900,6.6000,6.6100,6.6200,6.6300,3207,3583,1237,1515,724,346,4308,1408,1400,1413
SZ,002340,2017-01-03 10:11:33,6.5900,6,40190.0000,61,B,6.5800,6.5700,6.5600,6.5500,6.5400,6.5900,6.6000,6.6100,6.6200,6.6300,3197,3583,1237,1515,724,295,4308,1308,1400,1413
SZ,002340,2017-01-03 10:11:39,6.5900,4,79008.0000,120,B,6.5800,6.5700,6.5600,6.5500,6.5400,6.5900,6.6000,6.6100,6.6200,6.6300,4333,3588,1237,1515,724,274,4308,1308,1400,1413
SZ,002340,2017-01-03 10:11:45,6.5900,1,32952.0000,50,B,6.5800,6.5700,6.5600,6.5500,6.5400,6.5900,6.6000,6.6100,6.6200,6.6300,4339,3588,1237,1515,724,270,4308,1308,1400,1413
SZ,002340,2017-01-03 10:11:48,6.5900,1,5272.0000,8,B,6.5800,6.5700,6.5600,6.5500,6.5400,6.5900,6.6000,6.6100,6.6200,6.6300,4339,3588,1237,1515,724,262,4308,1308,1400,1413
SZ,002340,2017-01-03 10:11:51,6.5900,1,6588.0000,10,B,6.5800,6.5700,6.5600,6.5500,6.5400,6.5900,6.6000,6.6100,6.6200,6.6300,4339,3588,1237,1515,724,412,4308,1308,1400,1413
SZ,002340,2017-01-03 10:11:57,6.5800,1,5264.0000,8,S,6.5800,6.5700,6.5600,6.5500,6.5400,6.5900,6.6000,6.6100,6.6200,6.6300,4340,3588,1237,1525,724,574,4308,1308,1400,1413
SZ,002340,2017-01-03 10:12:06,6.5900,2,19772.0000,30,B,6.5800,6.5700,6.5600,6.5500,6.5400,6.5900,6.6000,6.6100,6.6200,6.6300,4340,3563,1237,1537,732,556,4408,1308,1400,1473
SZ,002340,2017-01-03 10:12:09,6.5800,2,5270.0000,8,S,6.5800,6.5700,6.5600,6.5500,6.5400,6.5900,6.6000,6.6100,6.6200,6.6300,4339,3563,1187,1537,732,533,4408,1308,1400,1473
SZ,002340,2017-01-03 10:12:12,6.5800,1,8554.0000,13,S,6.5800,6.5700,6.5600,6.5500,6.5400,6.5900,6.6000,6.6100,6.6200,6.6300,4330,3563,1187,1537,732,533,4418,1308,1400,1473
SZ,002340,2017-01-03 10:12:18,6.5900,3,17780.0000,27,B,6.5800,6.5700,6.5600,6.5500,6.5400,6.5900,6.6000,6.6100,6.6200,6.6300,4364,3563,1187,1537,732,464,4418,1308,1400,1473
SZ,002340,2017-01-03 10:12:21,6.5900,1,1320.0000,2,B,6.5800,6.5700,6.5600,6.5500,6.5400,6.5900,6.6000,6.6100,6.6200,6.6300,4364,3563,1187,1537,732,462,4447,1319,1400,1473
SZ,002340,2017-01-03 10:12:27,6.5900,2,2632.0000,4,B,6.5800,6.5700,6.5600,6.5500,6.5400,6.5900,6.6000,6.6100,6.6200,6.6300,4361,3613,1187,1538,732,431,4547,1319,1415,1473
SZ,002340,2017-01-03 10:12:36,6.5900,3,31632.0000,48,B,6.5800,6.5700,6.5600,6.5500,6.5400,6.5900,6.6000,6.6100,6.6200,6.6300,4364,3573,1187,1538,732,414,4547,1319,1415,1493
SZ,002340,2017-01-03 10:12:39,6.5900,2,19770.0000,30,B,6.5800,6.5700,6.5600,6.5500,6.5400,6.5900,6.6000,6.6100,6.6200,6.6300,4389,3568,1187,1538,732,384,4547,1319,1415,1493
SZ,002340,2017-01-03 10:12:42,6.5900,1,6590.0000,10,B,6.5800,6.5700,6.5600,6.5500,6.5400,6.5900,6.6000,6.6100,6.6200,6.6300,4429,3568,1187,1538,732,404,4552,1319,1415,1493
SZ,002340,2017-01-03 10:12:45,6.5900,1,6590.0000,10,B,6.5800,6.5700,6.5600,6.5500,6.5400,6.5900,6.6000,6.6100,6.6200,6.6300,4429,3568,1192,1538,732,394,4552,1319,1415,1493
SZ,002340,2017-01-03 10:12:48,6.5900,4,24382.0000,37,B,6.5800,6.5700,6.5600,6.5500,6.5400,6.5900,6.6000,6.6100,6.6200,6.6300,4439,3578,1192,1538,732,357,4552,1319,1415,1498
SZ,002340,2017-01-03 10:12:51,6.5800,2,7902.0000,12,S,6.5800,6.5700,6.5600,6.5500,6.5400,6.5900,6.6000,6.6100,6.6200,6.6300,4437,3578,1192,1538,732,352,4552,1319,1415,1498
SZ,002340,2017-01-03 10:12:54,6.5900,2,9886.0000,15,B,6.5800,6.5700,6.5600,6.5500,6.5400,6.5900,6.6000,6.6100,6.6200,6.6300,4437,3578,1192,1538,732,337,4552,1319,1415,1498
SZ,002340,2017-01-03 10:13:00,6.5900,2,5928.0000,9,B,6.5800,6.5700,6.5600,6.5500,6.5400,6.5900,6.6000,6.6100,6.6200,6.6300,4834,3578,1192,1538,724,346,4652,1319,1415,1498
SZ,002340,2017-01-03 10:13:06,6.5900,2,1976.0000,3,B,6.5800,6.5700,6.5600,6.5500,6.5400,6.5900,6.6000,6.6100,6.6200,6.6300,4854,3578,1192,1538,724,313,4652,1319,1415,1498
SZ,002340,2017-01-03 10:13:09,6.5900,3,144980.0000,220,B,6.5800,6.5700,6.5600,6.5500,6.5400,6.5900,6.6000,6.6100,6.6200,6.6300,4857,3578,1192,1538,724,118,4252,1319,1415,1498
SZ,002340,2017-01-03 10:13:12,6.5900,1,660.0000,1,B,6.5800,6.5700,6.5600,6.5500,6.5400,6.5900,6.6000,6.6100,6.6200,6.6300,4857,3578,1192,1538,724,117,4252,1319,1415,1498
SZ,002340,2017-01-03 10:13:15,6.5800,2,32908.0000,50,S,6.5800,6.5700,6.5600,6.5500,6.5400,6.5900,6.6000,6.6100,6.6200,6.6300,4821,3578,1192,1538,724,107,4251,1319,1415,1498
SZ,002340,2017-01-03 10:13:18,6.5900,10,90284.0000,137,B,6.5900,6.5800,6.5700,6.5600,6.5500,6.6000,6.6100,6.6200,6.6300,6.6400,44,4821,3570,1192,1538,4221,1334,1415,1498,1926
SZ,002340,2017-01-03 10:13:21,6.5900,2,32950.0000,50,S,6.5900,6.5800,6.5700,6.5600,6.5500,6.6000,6.6100,6.6200,6.6300,6.6400,15,4821,3570,1192,1538,4221,1334,1415,1498,1926
SZ,002340,2017-01-03 10:13:24,6.5900,1,7908.0000,12,S,6.5900,6.5800,6.5700,6.5600,6.5500,6.6000,6.6100,6.6200,6.6300,6.6400,36,4821,3570,1192,1544,4221,1334,1415,1498,1926
SZ,002340,2017-01-03 10:13:30,6.5900,3,23724.0000,36,S,6.5800,6.5700,6.5600,6.5500,6.5400,6.5900,6.6000,6.6100,6.6200,6.6300,4841,3570,1192,1544,724,18,4234,1334,1415,1498
SZ,002340,2017-01-03 10:13:33,6.5900,2,15810.0000,24,B,6.5900,6.5800,6.5700,6.5600,6.5500,6.6000,6.6100,6.6200,6.6300,6.6400,21,4855,3570,1192,1544,4254,1334,1415,1498,1926
SZ,002340,2017-01-03 10:13:36,6.6000,3,17140.0000,26,B,6.5900,6.5800,6.5700,6.5600,6.5500,6.6000,6.6100,6.6200,6.6300,6.6400,147,4855,3570,1192,1544,4258,1334,1415,1498,1926
SZ,002340,2017-01-03 10:13:45,6.6000,1,13200.0000,20,B,6.5900,6.5800,6.5700,6.5600,6.5500,6.6000,6.6100,6.6200,6.6300,6.6400,266,4885,3570,1192,1564,4245,1334,1415,1498,1926
SZ,002340,2017-01-03 10:14:06,6.6000,1,3300.0000,5,B,6.5900,6.5800,6.5700,6.5600,6.5500,6.6000,6.6100,6.6200,6.6300,6.6400,408,4894,3578,1212,1564,4257,1334,1314,1498,1906
SZ,002340,2017-01-03 10:14:09,6.6000,2,12540.0000,19,B,6.5900,6.5800,6.5700,6.5600,6.5500,6.6000,6.6100,6.6200,6.6300,6.6400,408,4889,3578,1222,1564,4238,1334,1314,1498,1906
SZ,002340,2017-01-03 10:14:12,6.5900,2,3296.0000,5,S,6.5900,6.5800,6.5700,6.5600,6.5500,6.6000,6.6100,6.6200,6.6300,6.6400,403,4887,3578,1222,1569,4232,1344,1314,1498,1906
SZ,002340,2017-01-03 10:14:15,6.5900,1,13180.0000,20,S,6.5900,6.5800,6.5700,6.5600,6.5500,6.6000,6.6100,6.6200,6.6300,6.6400,383,4587,3578,1222,1569,4232,1344,1314,1498,1906
SZ,002340,2017-01-03 10:14:18,6.6000,1,1980.0000,3,B,6.5900,6.5800,6.5700,6.5600,6.5500,6.6000,6.6100,6.6200,6.6300,6.6400,883,4587,3578,1222,1569,4229,1344,1314,1498,1906
SZ,002340,2017-01-03 10:14:21,6.6000,1,660.0000,1,B,6.5900,6.5800,6.5700,6.5600,6.5500,6.6000,6.6100,6.6200,6.6300,6.6400,883,4587,3578,1222,1569,4228,1394,1314,1486,1906
SZ,002340,2017-01-03 10:14:30,6.5900,1,7248.0000,11,S,6.5900,6.5800,6.5700,6.5600,6.5500,6.6000,6.6100,6.6200,6.6300,6.6400,900,4587,3578,1222,1569,5056,1394,1314,1486,1771
SZ,002340,2017-01-03 10:14:42,6.5900,3,32292.0000,49,S,6.5900,6.5800,6.5700,6.5600,6.5500,6.6000,6.6100,6.6200,6.6300,6.6400,848,4609,3594,1283,1569,5075,1394,1332,1486,1791
SZ,002340,2017-01-03 10:14:45,6.6000,1,660.0000,1,B,6.5900,6.5800,6.5700,6.5600,6.5500,6.6000,6.6100,6.6200,6.6300,6.6400,848,4609,3594,1283,1569,5124,1394,1332,1486,1791
SZ,002340,2017-01-03 10:14:51,6.6000,2,9240.0000,14,B,6.5900,6.5800,6.5700,6.5600,6.5500,6.6000,6.6100,6.6200,6.6300,6.6400,848,4629,3596,1283,1569,5140,1383,1332,1486,1791
SZ,002340,2017-01-03 10:14:54,6.5900,1,7248.0000,11,S,6.5900,6.5800,6.5700,6.5600,6.5500,6.6000,6.6100,6.6200,6.6300,6.6400,840,4629,3596,1283,1569,5171,1383,1332,1486,1791
SZ,002340,2017-01-03 10:15:03,6.5900,1,6592.0000,10,S,6.5900,6.5800,6.5700,6.5600,6.5500,6.6000,6.6100,6.6200,6.6300,6.6400,958,4601,3596,1283,1574,5284,1383,1332,1486,1791
SZ,002340,2017-01-03 10:15:09,6.6000,1,1320.0000,2,B,6.5900,6.5800,6.5700,6.5600,6.5500,6.6000,6.6100,6.6200,6.6300,6.6400,958,3377,3596,1283,1574,5282,1368,1332,1486,1791
SZ,002340,2017-01-03 10:15:12,6.6000,1,5280.0000,8,B,6.5900,6.5800,6.5700,6.5600,6.5500,6.6000,6.6100,6.6200,6.6300,6.6400,958,3377,3653,1283,1574,5281,1368,1332,1486,1791
SZ,002340,2017-01-03 10:15:15,6.5900,5,65900.0000,100,S,6.5900,6.5800,6.5700,6.5600,6.5500,6.6000,6.6100,6.6200,6.6300,6.6400,858,3373,3653,1283,1574,5312,1368,1332,1486,1791
SZ,002340,2017-01-03 10:15:18,6.6000,3,48114.0000,73,B,6.5900,6.5800,6.5700,6.5600,6.5500,6.6000,6.6100,6.6200,6.6300,6.6400,953,3373,3653,1283,1574,5291,1370,1332,1486,1791
SZ,002340,2017-01-03 10:15:27,6.5900,1,1978.0000,3,S,6.5900,6.5800,6.5700,6.5600,6.5500,6.6000,6.6100,6.6200,6.6300,6.6400,971,3383,3653,1293,1574,5321,1370,1332,1486,1791
SZ,002340,2017-01-03 10:15:33,6.6000,3,16500.0000,25,B,6.5900,6.5800,6.5700,6.5600,6.5500,6.6000,6.6100,6.6200,6.6300,6.6400,1021,3283,3653,1293,1574,5296,1372,1332,1486,1791
SZ,002340,2017-01-03 10:15:36,6.5900,4,27708.0000,42,S,6.5900,6.5800,6.5700,6.5600,6.5500,6.6000,6.6100,6.6200,6.6300,6.6400,1009,3283,3653,1293,1574,5228,1372,1322,1476,1791
SZ,002340,2017-01-03 10:15:39,6.5900,6,75228.0000,114,S,6.5900,6.5800,6.5700,6.5600,6.5500,6.6000,6.6100,6.6200,6.6300,6.6400,999,3286,3653,1283,1574,5144,1412,1322,1476,1791
SZ,002340,2017-01-03 10:15:45,6.5900,3,27020.0000,41,S,6.5900,6.5800,6.5700,6.5600,6.5500,6.6000,6.6100,6.6200,6.6300,6.6400,959,3286,3653,1283,1575,5144,1432,1322,1466,1791
SZ,002340,2017-01-03 10:15:48,6.5900,1,1976.0000,3,S,6.5900,6.5800,6.5700,6.5600,6.5500,6.6000,6.6100,6.6200,6.6300,6.6400,960,3286,3653,1282,1575,5144,1432,1357,1466,1791
SZ,002340,2017-01-03 10:15:51,6.6000,2,9900.0000,15,B,6.5900,6.5800,6.5700,6.5600,6.5500,6.6000,6.6100,6.6200,6.6300,6.6400,960,3254,3653,1282,1575,5129,1432,1357,1466,1791
SZ,002340,2017-01-03 10:15:57,6.5900,1,9886.0000,15,S,6.5900,6.5800,6.5700,6.5600,6.5500,6.6000,6.6100,6.6200,6.6300,6.6400,1105,3254,3653,1258,1575,5129,1442,1363,1466,1791
SZ,002340,2017-01-03 10:16:00,6.5900,3,62606.0000,95,S,6.5900,6.5800,6.5700,6.5600,6.5500,6.6000,6.6100,6.6200,6.6300,6.6400,1020,3259,3653,1258,1575,5129,1442,1363,1505,1791
SZ,002340,2017-01-03 10:16:15,6.5900,2,299184.0000,454,S,6.5900,6.5800,6.5700,6.5600,6.5500,6.6000,6.6100,6.6200,6.6300,6.6400,600,3284,3653,1258,1575,5162,1447,1363,1505,1791
SZ,002340,2017-01-03 10:16:18,6.6000,2,10560.0000,16,B,6.5900,6.5800,6.5700,6.5600,6.5500,6.6000,6.6100,6.6200,6.6300,6.6400,600,3284,3653,1258,1600,5146,1457,1363,1505,1791
SZ,002340,2017-01-03 10:16:27,6.6000,2,2640.0000,4,B,6.5900,6.5800,6.5700,6.5600,6.5500,6.6000,6.6100,6.6200,6.6300,6.6400,623,3286,3633,1258,1600,5082,1457,1363,1505,1791
SZ,002340,2017-01-03 10:16:30,6.5900,7,21748.0000,33,S,6.5900,6.5800,6.5700,6.5600,6.5500,6.6000,6.6100,6.6200,6.6300,6.6400,591,3286,3633,1258,1600,5081,1457,1345,1505,1791
SZ,002340,2017-01-03 10:16:36,6.6000,5,39566.0000,60,B,6.5900,6.5800,6.5700,6.5600,6.5500,6.6000,6.6100,6.6200,6.6300,6.6400,559,3286,3633,1258,1600,5086,1457,1345,1505,1791
SZ,002340,2017-01-03 10:16:39,6.5900,1,39540.0000,60,S,6.5900,6.5800,6.5700,6.5600,6.5500,6.6000,6.6100,6.6200,6.6300,6.6400,499,3286,3633,1258,1610,5086,1457,1345,1505,1791
SZ,002340,2017-01-03 10:16:42,6.5900,4,75786.0000,115,S,6.5900,6.5800,6.5700,6.5600,6.5500,6.6000,6.6100,6.6200,6.6300,6.6400,384,3286,3633,1258,1610,5086,1457,1327,1505,1791
SZ,002340,2017-01-03 10:16:45,6.6000,3,11208.0000,17,B,6.5900,6.5800,6.5700,6.5600,6.5500,6.6000,6.6100,6.6200,6.6300,6.6400,372,3286,3633,1258,1610,5081,1457,1327,1505,1791
SZ,002340,2017-01-03 10:16:48,6.6000,1,660.0000,1,B,6.5900,6.5800,6.5700,6.5600,6.5500,6.6000,6.6100,6.6200,6.6300,6.6400,357,3274,3633,1258,1610,5080,1475,1327,1505,1791
SZ,002340,2017-01-03 10:16:51,6.5900,1,19768.0000,30,S,6.5900,6.5800,6.5700,6.5600,6.5500,6.6000,6.6100,6.6200,6.6300,6.6400,341,3274,3633,1258,1610,5080,1475,1327,1505,1791
SZ,002340,2017-01-03 10:16:54,6.5900,5,32960.0000,50,S,6.5900,6.5800,6.5700,6.5600,6.5500,6.6000,6.6100,6.6200,6.6300,6.6400,302,3281,3633,1257,1610,5105,1475,1327,1501,1791
SZ,002340,2017-01-03 10:17:00,6.6000,4,33640.0000,51,B,6.5900,6.5800,6.5700,6.5600,6.5500,6.6000,6.6100,6.6200,6.6300,6.6400,269,3282,3633,1257,1610,5092,1475,1327,1501,1791
SZ,002340,2017-01-03 10:17:03,6.5900,4,39540.0000,60,S,6.5900,6.5800,6.5700,6.5600,6.5500,6.6000,6.6100,6.6200,6.6300,6.6400,241,3282,3633,1257,1610,6366,1475,1327,1501,1791
SZ,002340,2017-01-03 10:17:06,6.5900,2,58652.0000,89,S,6.5900,6.5800,6.5700,6.5600,6.5500,6.6000,6.6100,6.6200,6.6300,6.6400,152,3282,3633,1257,1610,6380,1475,1327,1501,1791
SZ,002340,2017-01-03 10:17:09,6.5900,1,4612.0000,7,S,6.5900,6.5800,6.5700,6.5600,6.5500,6.6000,6.6100,6.6200,6.6300,6.6400,145,3282,3633,1257,1610,5166,1475,1327,1501,1791
SZ,002340,2017-01-03 10:17:12,6.5900,7,69196.0000,105,S,6.5900,6.5800,6.5700,6.5600,6.5500,6.6000,6.6100,6.6200,6.6300,6.6400,40,3287,3633,1257,1610,5166,1475,1327,1501,1791
SZ,002340,2017-01-03 10:17:15,6.6000,4,23100.0000,35,B,6.5900,6.5800,6.5700,6.5600,6.5500,6.6000,6.6100,6.6200,6.6300,6.6400,40,3302,3633,1257,1610,5131,1475,1327,1507,1795
SZ,002340,2017-01-03 10:17:18,6.5900,5,26360.0000,40,S,6.5900,6.5800,6.5700,6.5600,6.5500,6.6000,6.6100,6.6200,6.6300,6.6400,32,3303,3626,1277,1610,5279,2739,1327,1507,1795
SZ,002340,2017-01-03 10:17:21,6.5900,3,13180.0000,20,S,6.5900,6.5800,6.5700,6.5600,6.5500,6.6000,6.6100,6.6200,6.6300,6.6400,12,3303,3626,1277,1610,5279,2749,1433,1507,1795
