市场代码,证券代码,时间,最新价,成交笔数,成交额,成交量,方向,买一价,买二价,买三价,买四价,买五价,卖一价,卖二价,卖三价,卖四价,卖五价,买一量,买二量,买三量,买四量,买五量,卖一量,卖二量,卖三量,卖四量,卖五量
SZ,002341,2017-01-03 09:25:03,21.2200,27,362862.0000,171,B,21.0900,21.0700,21.0000,20.9800,20.9000,21.2200,21.2500,21.2600,21.3000,21.3500,7,2,150,7,10,8,5,30,16,11
SZ,002341,2017-01-03 09:30:00,21.2200,1,17337.0000,8,B,21.2200,21.0900,21.0700,21.0000,20.9800,21.2500,21.2600,21.2900,21.3000,21.3500,3,7,2,150,7,5,30,15,16,11
SZ,002341,2017-01-03 09:30:03,21.2100,7,88636.0000,42,S,21.1300,21.1000,21.0900,21.0700,21.0500,21.2000,21.2100,21.2200,21.2400,21.2500,17,151,13,37,54,60,31,20,10,246
SZ,002341,2017-01-03 09:30:09,21.2000,2,69960.0000,33,B,21.1300,21.1000,21.0900,21.0700,21.0500,21.2000,21.2100,21.2200,21.2400,21.2500,17,151,13,37,54,40,28,20,10,246
SZ,002341,2017-01-03 09:30:21,21.1400,1,21140.0000,10,S,21.1300,21.1000,21.0900,21.0700,21.0500,21.2000,21.2100,21.2200,21.2400,21.2500,17,151,13,37,54,50,18,20,17,246
SZ,002341,2017-01-03 09:30:27,21.2000,1,4240.0000,2,B,21.1300,21.1000,21.0900,21.0700,21.0500,21.2000,21.2100,21.2200,21.2400,21.2500,17,151,13,37,54,58,18,20,17,246
SZ,002341,2017-01-03 09:30:42,21.1300,1,21130.0000,10,S,21.1300,21.1000,21.0900,21.0700,21.0500,21.1800,21.1900,21.2000,21.2100,21.2200,57,151,13,37,54,10,15,70,18,20
SZ,002341,2017-01-03 09:30:45,21.1800,1,4236.0000,2,B,21.1300,21.1000,21.0900,21.0700,21.0500,21.1800,21.1900,21.2000,21.2100,21.2200,57,151,13,37,54,8,15,70,18,20
SZ,002341,2017-01-03 09:30:48,21.1900,2,42372.0000,20,B,21.1300,21.1000,21.0900,21.0700,21.0500,21.1900,21.2000,21.2100,21.2200,21.2300,57,151,13,37,54,3,70,18,20,10
SZ,002341,2017-01-03 09:30:54,21.2000,3,31797.0000,15,B,21.1300,21.1000,21.0900,21.0700,21.0500,21.2000,21.2100,21.2200,21.2300,21.2400,57,151,13,37,54,58,18,20,10,19
SZ,002341,2017-01-03 09:30:57,21.1300,2,16904.0000,8,S,21.1300,21.1000,21.0900,21.0700,21.0500,21.2000,21.2100,21.2200,21.2300,21.2400,49,151,13,37,54,48,18,20,10,19
SZ,002341,2017-01-03 09:31:00,21.1300,1,33808.0000,16,S,21.1300,21.1000,21.0900,21.0700,21.0500,21.2000,21.2100,21.2200,21.2300,21.2400,33,151,13,37,54,51,18,20,10,19
SZ,002341,2017-01-03 09:31:12,21.1300,1,10565.0000,5,S,21.1300,21.1000,21.0900,21.0700,21.0500,21.1500,21.1900,21.2000,21.2100,21.2200,28,151,13,37,54,5,10,34,18,20
SZ,002341,2017-01-03 09:31:15,21.1500,1,10575.0000,5,B,21.1600,21.1300,21.1000,21.0900,21.0700,21.1900,21.2000,21.2100,21.2200,21.2300,17,28,151,13,37,10,36,18,20,10
SZ,002341,2017-01-03 09:31:24,21.2000,3,76310.0000,36,B,21.1600,21.1300,21.1000,21.0900,21.0700,21.2000,21.2100,21.2200,21.2300,21.2400,17,28,151,13,37,24,18,20,10,21
SZ,002341,2017-01-03 09:31:27,21.2000,5,72080.0000,34,B,21.2000,21.1900,21.1600,21.1300,21.1000,21.2100,21.2200,21.2300,21.2400,21.2500,36,10,17,28,151,18,20,10,21,93
SZ,002341,2017-01-03 09:31:33,21.2100,1,19089.0000,9,B,21.2000,21.1900,21.1600,21.1500,21.1300,21.2100,21.2200,21.2300,21.2400,21.2500,36,10,17,1,28,9,20,10,19,93
SZ,002341,2017-01-03 09:31:36,21.2100,1,8484.0000,4,B,21.2000,21.1900,21.1600,21.1500,21.1300,21.2100,21.2200,21.2300,21.2400,21.2500,36,10,17,1,28,25,20,10,19,92
SZ,002341,2017-01-03 09:31:39,21.2100,1,4242.0000,2,B,21.2000,21.1900,21.1600,21.1500,21.1300,21.2100,21.2200,21.2300,21.2400,21.2500,36,10,17,1,28,23,20,10,19,92
SZ,002341,2017-01-03 09:31:42,21.2200,3,53388.0000,25,B,21.2100,21.2000,21.1900,21.1600,21.1500,21.2200,21.2300,21.2400,21.2500,21.2600,46,36,10,17,1,18,10,19,92,30
SZ,002341,2017-01-03 09:31:45,21.2100,1,21210.0000,10,S,21.2100,21.2000,21.1900,21.1600,21.1500,21.2200,21.2300,21.2400,21.2500,21.2600,36,36,10,17,1,18,10,19,92,30
SZ,002341,2017-01-03 09:31:48,21.2100,1,63630.0000,30,S,21.2100,21.2000,21.1900,21.1600,21.1500,21.2200,21.2300,21.2400,21.2500,21.2600,6,36,10,17,1,22,10,19,92,30
SZ,002341,2017-01-03 09:31:51,21.2100,1,10605.0000,5,S,21.2100,21.2000,21.1900,21.1500,21.1300,21.2200,21.2300,21.2400,21.2500,21.2600,1,36,10,1,28,24,10,17,92,30
SZ,002341,2017-01-03 09:31:54,21.2000,2,80201.0000,38,S,21.1900,21.1500,21.1300,21.1000,21.0900,21.2000,21.2200,21.2300,21.2400,21.2500,10,1,28,141,13,15,24,10,17,94
SZ,002341,2017-01-03 09:31:57,21.2100,2,42405.0000,20,B,21.1900,21.1500,21.1300,21.1000,21.0900,21.2100,21.2200,21.2300,21.2400,21.2500,10,1,28,141,13,5,24,10,17,94
SZ,002341,2017-01-03 09:32:03,21.2000,1,6360.0000,3,B,21.1900,21.1500,21.1300,21.1000,21.0900,21.2000,21.2100,21.2200,21.2300,21.2400,10,1,28,141,7,7,7,24,10,17
SZ,002341,2017-01-03 09:32:12,21.1900,2,36030.0000,17,S,21.1500,21.1000,21.0900,21.0700,21.0500,21.1800,21.2100,21.2200,21.2300,21.2400,1,141,7,27,54,2,17,24,10,17
SZ,002341,2017-01-03 09:32:15,21.1800,1,4236.0000,2,B,21.2000,21.1500,21.1000,21.0900,21.0700,21.2100,21.2200,21.2300,21.2400,21.2500,68,1,141,7,27,17,24,10,17,94
SZ,002341,2017-01-03 09:32:18,21.2000,1,21200.0000,10,S,21.2000,21.1800,21.1500,21.1000,21.0900,21.2100,21.2200,21.2300,21.2400,21.2500,58,30,1,141,7,15,24,10,17,94
SZ,002341,2017-01-03 09:32:24,21.2000,1,4240.0000,2,S,21.2000,21.1800,21.1500,21.1000,21.0900,21.2100,21.2200,21.2300,21.2400,21.2500,56,30,1,141,7,15,24,10,17,94
SZ,002341,2017-01-03 09:32:27,21.2100,8,154773.0000,73,B,21.1800,21.1500,21.1000,21.0900,21.0700,21.2100,21.2200,21.2300,21.2400,21.2500,30,1,141,7,27,2,24,10,17,94
SZ,002341,2017-01-03 09:32:30,21.2100,2,10605.0000,5,B,21.1800,21.1500,21.1000,21.0900,21.0700,21.1900,21.2200,21.2300,21.2400,21.2500,30,1,141,7,27,0,24,10,17,94
SZ,002341,2017-01-03 09:32:42,21.2000,5,63596.0000,30,B,21.1500,21.1000,21.0900,21.0700,21.0500,21.2000,21.2200,21.2300,21.2400,21.2500,1,156,7,27,54,6,31,10,17,94
SZ,002341,2017-01-03 09:33:06,21.1900,1,10595.0000,5,S,21.1500,21.1100,21.1000,21.0900,21.0700,21.1900,21.2000,21.2100,21.2200,21.2300,1,15,160,7,27,136,33,15,31,10
SZ,002341,2017-01-03 09:33:09,21.1900,2,38132.0000,18,B,21.1500,21.1100,21.1000,21.0900,21.0700,21.1900,21.2000,21.2100,21.2200,21.2300,1,15,160,7,27,128,43,15,38,10
SZ,002341,2017-01-03 09:33:18,21.1000,3,105520.0000,50,S,21.1000,21.0900,21.0700,21.0500,21.0300,21.1900,21.2000,21.2100,21.2200,21.2300,126,7,27,54,37,148,50,15,38,10
SZ,002341,2017-01-03 09:33:24,21.1000,2,21100.0000,10,S,21.1000,21.0900,21.0700,21.0500,21.0300,21.1600,21.1900,21.2000,21.2100,21.2200,116,7,27,54,37,5,148,110,5,38
SZ,002341,2017-01-03 09:33:45,21.1600,3,31684.0000,15,B,21.1000,21.0900,21.0700,21.0500,21.0300,21.1600,21.1800,21.1900,21.2000,21.2100,111,7,27,54,37,5,27,138,110,5
SZ,002341,2017-01-03 09:33:48,21.1000,2,23210.0000,11,S,21.1000,21.0900,21.0700,21.0500,21.0300,21.1600,21.1800,21.1900,21.2000,21.2100,100,7,27,54,37,5,27,138,110,5
SZ,002341,2017-01-03 09:33:51,21.1000,5,211000.0000,100,S,21.0900,21.0700,21.0500,21.0300,21.0200,21.1600,21.1800,21.1900,21.2000,21.2100,7,27,54,37,46,5,27,138,110,5
SZ,002341,2017-01-03 09:34:03,21.0900,2,14763.0000,7,S,21.0700,21.0500,21.0300,21.0200,21.0100,21.0900,21.1000,21.1600,21.1800,21.1900,27,54,37,46,50,3,6,5,27,138
SZ,002341,2017-01-03 09:34:09,21.0700,2,12642.0000,6,S,21.0700,21.0500,21.0300,21.0200,21.0100,21.0900,21.1000,21.1600,21.1800,21.1900,21,54,37,46,50,10,6,5,27,138
SZ,002341,2017-01-03 09:34:12,21.0900,2,18981.0000,9,B,21.0700,21.0500,21.0300,21.0200,21.0100,21.0900,21.1000,21.1600,21.1800,21.1900,21,54,37,46,50,6,6,5,27,138
SZ,002341,2017-01-03 09:34:15,21.0900,2,12654.0000,6,B,21.0900,21.0800,21.0700,21.0500,21.0300,21.1000,21.1600,21.1800,21.1900,21.2000,34,30,21,54,37,6,5,27,138,110
SZ,002341,2017-01-03 09:34:18,21.0900,1,16872.0000,8,S,21.0900,21.0800,21.0700,21.0500,21.0300,21.1000,21.1600,21.1800,21.1900,21.2000,26,30,21,54,37,6,5,27,138,110
SZ,002341,2017-01-03 09:34:24,21.0900,1,21090.0000,10,S,21.0900,21.0800,21.0700,21.0500,21.0300,21.1000,21.1600,21.1800,21.1900,21.2000,16,30,21,50,37,6,5,27,139,164
SZ,002341,2017-01-03 09:34:30,21.1000,1,12660.0000,6,B,21.1000,21.0900,21.0800,21.0700,21.0500,21.1500,21.1600,21.1800,21.1900,21.2000,4,16,30,21,50,8,5,27,139,164
SZ,002341,2017-01-03 09:34:33,21.1500,1,4230.0000,2,B,21.1000,21.0900,21.0800,21.0700,21.0500,21.1500,21.1600,21.1700,21.1800,21.1900,4,16,30,21,50,6,5,32,27,139
SZ,002341,2017-01-03 09:34:36,21.0900,5,18989.0000,9,S,21.0900,21.0800,21.0700,21.0500,21.0300,21.1300,21.1500,21.1600,21.1700,21.1800,15,30,21,50,37,2,6,5,32,27
SZ,002341,2017-01-03 09:34:45,21.1300,1,4226.0000,2,B,21.1300,21.0900,21.0800,21.0700,21.0500,21.1500,21.1600,21.1700,21.1800,21.1900,25,20,30,21,50,6,5,32,27,129
SZ,002341,2017-01-03 09:34:54,21.1300,1,4226.0000,2,S,21.1300,21.0900,21.0800,21.0700,21.0300,21.1500,21.1600,21.1700,21.1800,21.1900,24,20,30,21,37,6,5,32,27,129
SZ,002341,2017-01-03 09:35:00,21.1500,1,12690.0000,6,B,21.1500,21.1300,21.0900,21.0800,21.0700,21.1600,21.1700,21.1800,21.1900,21.2000,4,24,30,31,21,5,32,27,129,164
SZ,002341,2017-01-03 09:35:09,21.1300,2,19025.0000,9,S,21.1300,21.0900,21.0800,21.0700,21.0300,21.1600,21.1700,21.1800,21.1900,21.2000,19,30,31,21,37,5,32,27,1,164
SZ,002341,2017-01-03 09:35:15,21.1300,1,2113.0000,1,S,21.1300,21.0900,21.0800,21.0700,21.0300,21.1600,21.1700,21.1800,21.1900,21.2000,17,30,31,21,37,5,32,41,1,149
SZ,002341,2017-01-03 09:35:27,21.1500,1,2115.0000,1,S,21.1300,21.0900,21.0800,21.0700,21.0300,21.1500,21.1600,21.1700,21.1800,21.1900,24,30,36,21,44,33,5,32,41,1
SZ,002341,2017-01-03 09:35:33,21.1300,1,4226.0000,2,S,21.1400,21.1300,21.0900,21.0800,21.0700,21.1500,21.1600,21.1700,21.1800,21.1900,11,32,30,37,21,58,305,32,41,1
SZ,002341,2017-01-03 09:35:36,21.1500,1,10575.0000,5,B,21.1400,21.1300,21.0900,21.0800,21.0700,21.1500,21.1600,21.1700,21.1800,21.1900,11,30,30,37,21,53,305,32,41,1
SZ,002341,2017-01-03 09:35:39,21.1400,1,6342.0000,3,S,21.1400,21.1300,21.0900,21.0800,21.0700,21.1500,21.1600,21.1700,21.1800,21.1900,17,30,30,37,21,53,305,32,41,1
SZ,002341,2017-01-03 09:35:42,21.1400,3,114156.0000,54,S,21.1300,21.1000,21.0900,21.0800,21.0700,21.1400,21.1500,21.1600,21.1700,21.1800,30,2,30,37,21,74,53,305,32,41
SZ,002341,2017-01-03 09:35:48,21.1300,1,2113.0000,1,S,21.1300,21.1000,21.0900,21.0800,21.0700,21.1400,21.1500,21.1600,21.1700,21.1800,29,2,30,37,21,82,53,305,32,41
SZ,002341,2017-01-03 09:35:51,21.1400,5,80312.0000,38,B,21.1000,21.0900,21.0800,21.0700,21.0500,21.1400,21.1500,21.1600,21.1700,21.1800,12,30,37,21,1,64,53,305,32,41
SZ,002341,2017-01-03 09:36:09,21.1300,1,4226.0000,2,B,21.1000,21.0900,21.0800,21.0700,21.0500,21.1300,21.1400,21.1500,21.1600,21.1800,19,35,37,21,6,22,64,25,305,41
SZ,002341,2017-01-03 09:36:15,21.1000,2,12675.0000,6,S,21.1000,21.0900,21.0800,21.0700,21.0500,21.1300,21.1400,21.1500,21.1600,21.1800,18,35,37,21,6,45,64,25,305,41
SZ,002341,2017-01-03 09:36:27,21.1100,1,6333.0000,3,S,21.1100,21.1000,21.0900,21.0800,21.0700,21.1300,21.1400,21.1500,21.1600,21.1800,3,24,35,37,21,45,64,25,5,41
SZ,002341,2017-01-03 09:36:33,21.1100,2,10555.0000,5,S,21.1100,21.1000,21.0900,21.0800,21.0700,21.1300,21.1400,21.1500,21.1600,21.1800,8,24,35,37,21,45,64,25,5,41
SZ,002341,2017-01-03 09:36:39,21.1100,1,16888.0000,8,S,21.1000,21.0900,21.0800,21.0700,21.0500,21.1100,21.1300,21.1400,21.1500,21.1600,17,35,37,21,6,7,45,64,25,10
SZ,002341,2017-01-03 09:36:42,21.1100,1,6333.0000,3,B,21.1000,21.0900,21.0800,21.0700,21.0500,21.1100,21.1300,21.1400,21.1500,21.1600,17,35,37,21,6,4,45,64,25,10
SZ,002341,2017-01-03 09:36:51,21.1100,2,10555.0000,5,B,21.1100,21.1000,21.0900,21.0800,21.0700,21.1300,21.1400,21.1600,21.1800,21.1900,5,22,35,37,21,17,64,10,41,1
SZ,002341,2017-01-03 09:37:03,21.1100,1,10555.0000,5,S,21.1000,21.0900,21.0800,21.0700,21.0500,21.1100,21.1300,21.1400,21.1600,21.1800,22,35,37,6,26,20,17,8,10,41
SZ,002341,2017-01-03 09:37:06,21.1100,1,40109.0000,19,B,21.1000,21.0900,21.0800,21.0700,21.0500,21.1100,21.1300,21.1400,21.1600,21.1800,22,35,37,6,26,1,17,8,10,41
SZ,002341,2017-01-03 09:37:09,21.1000,7,97084.0000,46,S,21.0900,21.0800,21.0700,21.0500,21.0300,21.1000,21.1300,21.1400,21.1600,21.1800,35,37,6,26,44,12,17,8,10,41
SZ,002341,2017-01-03 09:37:18,21.0900,4,73815.0000,35,S,21.0800,21.0700,21.0500,21.0300,21.0200,21.0900,21.1000,21.1300,21.1400,21.1600,37,6,26,44,46,15,12,17,8,10
SZ,002341,2017-01-03 09:37:24,21.0900,1,21090.0000,10,B,21.0800,21.0700,21.0500,21.0300,21.0200,21.0900,21.1000,21.1300,21.1400,21.1600,37,6,26,44,46,5,12,17,8,10
SZ,002341,2017-01-03 09:37:36,21.0800,2,52705.0000,25,S,21.0800,21.0700,21.0500,21.0300,21.0200,21.1000,21.1300,21.1400,21.1600,21.1800,17,6,26,44,46,12,17,8,10,41
SZ,002341,2017-01-03 09:37:45,21.0800,4,35836.0000,17,S,21.0700,21.0500,21.0300,21.0200,21.0100,21.0800,21.1000,21.1300,21.1400,21.1600,6,26,44,46,65,33,12,17,8,10
SZ,002341,2017-01-03 09:37:48,21.0800,1,21080.0000,10,B,21.0700,21.0500,21.0300,21.0200,21.0100,21.0800,21.1000,21.1300,21.1400,21.1600,26,26,44,46,65,23,12,18,8,10
SZ,002341,2017-01-03 09:37:51,21.0800,1,21080.0000,10,B,21.0700,21.0500,21.0300,21.0200,21.0100,21.0800,21.1000,21.1300,21.1400,21.1600,26,26,44,46,65,14,12,18,8,10
SZ,002341,2017-01-03 09:38:03,21.0700,2,23177.0000,11,S,21.0700,21.0500,21.0300,21.0200,21.0100,21.0800,21.1000,21.1300,21.1400,21.1600,15,26,44,46,69,14,12,18,8,12
SZ,002341,2017-01-03 09:38:06,21.0800,3,29512.0000,14,B,21.0800,21.0700,21.0500,21.0300,21.0200,21.1000,21.1300,21.1400,21.1600,21.1700,1,15,26,44,46,12,18,8,12,5
SZ,002341,2017-01-03 09:38:12,21.1000,1,10550.0000,5,B,21.0800,21.0700,21.0500,21.0300,21.0200,21.1000,21.1300,21.1400,21.1600,21.1700,1,15,26,44,46,7,18,8,12,5
SZ,002341,2017-01-03 09:38:15,21.1000,1,14770.0000,7,B,21.1000,21.0800,21.0700,21.0500,21.0300,21.1300,21.1400,21.1600,21.1700,21.1800,35,5,15,26,44,18,8,12,5,41
SZ,002341,2017-01-03 09:38:39,21.1300,2,21130.0000,10,B,21.1100,21.1000,21.0800,21.0700,21.0500,21.1300,21.1400,21.1500,21.1600,21.1700,11,38,5,15,26,8,8,10,11,5
SZ,002341,2017-01-03 09:38:51,21.1100,1,2111.0000,1,S,21.1100,21.1000,21.0800,21.0700,21.0500,21.1300,21.1400,21.1500,21.1600,21.1700,9,38,8,15,26,53,8,10,11,5
SZ,002341,2017-01-03 09:38:57,21.1200,2,19007.0000,9,B,21.1100,21.1000,21.0800,21.0700,21.0500,21.1200,21.1300,21.1400,21.1500,21.1600,8,38,8,15,26,14,53,8,10,11
SZ,002341,2017-01-03 09:39:00,21.1200,1,21120.0000,10,B,21.1100,21.1000,21.0800,21.0700,21.0500,21.1200,21.1300,21.1400,21.1500,21.1600,8,38,8,15,26,4,53,8,10,11
SZ,002341,2017-01-03 09:39:06,21.1200,2,10560.0000,5,B,21.1100,21.1000,21.0800,21.0700,21.0500,21.1200,21.1300,21.1400,21.1500,21.1600,8,4,8,15,26,9,53,8,10,11
SZ,002341,2017-01-03 09:39:09,21.1300,4,76059.0000,36,B,21.1100,21.1000,21.0800,21.0700,21.0500,21.1300,21.1400,21.1500,21.1600,21.1700,8,4,8,15,26,26,8,10,11,5
SZ,002341,2017-01-03 09:39:12,21.1300,1,14791.0000,7,B,21.1100,21.1000,21.0800,21.0700,21.0500,21.1300,21.1400,21.1500,21.1600,21.1700,8,4,8,15,26,19,8,10,11,5
SZ,002341,2017-01-03 09:39:18,21.1300,1,40147.0000,19,B,21.1300,21.1100,21.1000,21.0800,21.0700,21.1400,21.1500,21.1600,21.1700,21.1800,16,8,4,8,15,8,10,11,5,41
SZ,002341,2017-01-03 09:39:21,21.1400,1,10570.0000,5,B,21.1300,21.1100,21.1000,21.0800,21.0700,21.1400,21.1500,21.1600,21.1700,21.1800,16,8,2,8,15,3,10,11,5,41
SZ,002341,2017-01-03 09:39:24,21.1300,2,33808.0000,16,S,21.1100,21.1000,21.0800,21.0700,21.0500,21.1300,21.1400,21.1500,21.1600,21.1700,8,2,8,15,26,2,3,10,11,5
SZ,002341,2017-01-03 09:39:33,21.1100,1,6333.0000,3,S,21.1100,21.1000,21.0800,21.0700,21.0500,21.1300,21.1400,21.1500,21.1600,21.1700,5,2,8,15,26,10,3,10,11,5
SZ,002341,2017-01-03 09:39:36,21.1300,1,4226.0000,2,B,21.1100,21.1000,21.0800,21.0700,21.0500,21.1300,21.1400,21.1500,21.1600,21.1700,5,2,8,15,26,8,3,10,11,5
SZ,002341,2017-01-03 09:39:51,21.1100,1,10555.0000,5,S,21.1000,21.0800,21.0700,21.0500,21.0300,21.1100,21.1300,21.1400,21.1500,21.1600,6,9,15,6,74,55,34,3,10,11
SZ,002341,2017-01-03 09:39:54,21.1100,1,8444.0000,4,B,21.1000,21.0800,21.0700,21.0500,21.0300,21.1100,21.1300,21.1400,21.1500,21.1600,6,9,15,6,74,51,34,3,10,11
SZ,002341,2017-01-03 09:39:57,21.1100,1,10555.0000,5,B,21.1000,21.0800,21.0700,21.0500,21.0300,21.1100,21.1300,21.1400,21.1500,21.1600,6,5,15,6,74,46,34,3,10,11
SZ,002341,2017-01-03 09:40:00,21.1000,4,12660.0000,6,S,21.0800,21.0700,21.0500,21.0300,21.0200,21.1000,21.1100,21.1300,21.1400,21.1500,5,15,6,74,44,4,56,34,3,10
SZ,002341,2017-01-03 09:40:09,21.1100,4,111879.0000,53,B,21.0900,21.0800,21.0700,21.0500,21.0300,21.1100,21.1300,21.1400,21.1500,21.1600,7,15,15,6,74,7,21,3,10,6
SZ,002341,2017-01-03 09:40:15,21.1100,5,10555.0000,5,B,21.1000,21.0900,21.0800,21.0700,21.0500,21.1100,21.1300,21.1400,21.1500,21.1600,13,7,25,15,6,2,43,3,10,6
SZ,002341,2017-01-03 09:40:18,21.1100,2,4222.0000,2,B,21.1100,21.1000,21.0900,21.0800,21.0700,21.1300,21.1400,21.1500,21.1600,21.1700,4,13,7,25,15,43,3,10,6,5
SZ,002341,2017-01-03 09:40:24,21.1100,1,10555.0000,5,S,21.1100,21.1000,21.0900,21.0800,21.0700,21.1300,21.1400,21.1500,21.1600,21.1700,1,15,7,25,15,43,3,10,6,5
SZ,002341,2017-01-03 09:40:30,21.1100,1,2111.0000,1,S,21.1000,21.0900,21.0800,21.0700,21.0500,21.1100,21.1300,21.1400,21.1500,21.1600,9,7,25,15,6,9,43,3,10,6
SZ,002341,2017-01-03 09:40:36,21.1100,3,21109.0000,10,B,21.1100,21.1000,21.0900,21.0800,21.0700,21.1300,21.1400,21.1500,21.1600,21.1700,2,8,7,25,15,43,3,10,6,5
SZ,002341,2017-01-03 09:40:39,21.1000,5,31652.0000,15,S,21.0900,21.0800,21.0700,21.0500,21.0300,21.1000,21.1300,21.1400,21.1500,21.1600,7,25,15,6,74,55,43,3,10,6
SZ,002341,2017-01-03 09:40:45,21.0900,1,2109.0000,1,S,21.0900,21.0800,21.0700,21.0500,21.0300,21.1000,21.1100,21.1300,21.1400,21.1500,6,25,15,6,74,55,6,41,3,10
SZ,002341,2017-01-03 09:40:48,21.1000,1,10550.0000,5,B,21.0900,21.0800,21.0700,21.0500,21.0300,21.1000,21.1100,21.1300,21.1400,21.1500,6,25,15,6,74,50,6,41,3,10
SZ,002341,2017-01-03 09:40:51,21.1000,1,21100.0000,10,B,21.0900,21.0800,21.0700,21.0500,21.0300,21.1000,21.1100,21.1300,21.1400,21.1500,6,25,15,6,74,40,6,41,3,10
SZ,002341,2017-01-03 09:41:00,21.0900,1,12654.0000,6,S,21.0800,21.0700,21.0500,21.0300,21.0200,21.0900,21.1000,21.1100,21.1300,21.1400,25,15,6,74,44,24,34,6,41,3
SZ,002341,2017-01-03 09:41:09,21.0900,2,6327.0000,3,B,21.0800,21.0700,21.0500,21.0300,21.0200,21.0900,21.1000,21.1100,21.1300,21.1400,25,15,6,74,44,44,34,6,41,3
SZ,002341,2017-01-03 09:41:18,21.0800,7,118048.0000,56,S,21.0700,21.0500,21.0300,21.0200,21.0100,21.0800,21.0900,21.1000,21.1100,21.1300,15,6,74,44,69,5,41,34,5,41
SZ,002341,2017-01-03 09:41:21,21.0900,3,42175.0000,20,B,21.0700,21.0500,21.0300,21.0200,21.0100,21.0900,21.1000,21.1100,21.1300,21.1400,15,6,74,44,69,26,34,5,41,3
SZ,002341,2017-01-03 09:41:42,21.0700,2,42140.0000,20,S,21.0500,21.0300,21.0200,21.0100,21.0000,21.0700,21.0800,21.0900,21.1000,21.1100,6,74,44,69,117,30,27,29,34,5
SZ,002341,2017-01-03 09:41:45,21.0700,1,42140.0000,20,B,21.0500,21.0300,21.0200,21.0100,21.0000,21.0700,21.0800,21.0900,21.1000,21.1100,6,74,44,69,117,60,27,29,34,5
SZ,002341,2017-01-03 09:41:48,21.0700,1,4214.0000,2,B,21.0500,21.0300,21.0200,21.0100,21.0000,21.0700,21.0800,21.0900,21.1000,21.1100,6,74,44,69,117,58,27,29,34,5
SZ,002341,2017-01-03 09:42:00,21.0500,2,12630.0000,6,S,21.0300,21.0200,21.0100,21.0000,20.9500,21.0500,21.0700,21.0800,21.0900,21.1000,74,44,69,117,41,11,62,27,29,34
SZ,002341,2017-01-03 09:42:06,21.0500,1,6315.0000,3,B,21.0300,21.0200,21.0100,21.0000,20.9500,21.0500,21.0700,21.0800,21.0900,21.1000,74,49,69,117,41,13,62,27,29,34
SZ,002341,2017-01-03 09:42:15,21.0300,1,2103.0000,1,S,21.0300,21.0200,21.0100,21.0000,20.9500,21.0500,21.0700,21.0800,21.0900,21.1000,71,49,52,117,41,13,62,18,9,34
SZ,002341,2017-01-03 09:42:18,21.0500,1,2105.0000,1,B,21.0300,21.0200,21.0100,21.0000,20.9500,21.0500,21.0700,21.0800,21.0900,21.1000,72,59,52,117,41,12,62,18,9,34
SZ,002341,2017-01-03 09:42:33,21.0500,2,21050.0000,10,B,21.0300,21.0200,21.0100,21.0000,20.9700,21.0700,21.0800,21.0900,21.1000,21.1100,72,59,52,116,1,62,18,9,34,5
SZ,002341,2017-01-03 09:42:36,21.0300,6,151416.0000,72,S,21.0200,21.0100,21.0000,20.9700,20.9500,21.0300,21.0700,21.0800,21.0900,21.1000,69,52,116,1,41,131,62,18,9,34
SZ,002341,2017-01-03 09:42:42,21.0200,1,10510.0000,5,S,21.0200,21.0100,21.0000,20.9700,20.9500,21.0300,21.0700,21.0800,21.0900,21.1000,64,52,116,1,41,131,12,18,9,34
SZ,002341,2017-01-03 09:42:45,21.0300,2,25236.0000,12,B,21.0200,21.0100,21.0000,20.9700,20.9500,21.0300,21.0700,21.0800,21.0900,21.1000,64,52,96,1,41,119,12,18,9,34
SZ,002341,2017-01-03 09:42:51,21.0200,3,33632.0000,16,S,21.0200,21.0100,21.0000,20.9700,20.9500,21.0300,21.0700,21.0800,21.0900,21.1000,48,57,96,1,41,119,12,18,9,34
SZ,002341,2017-01-03 09:42:54,21.0200,1,10510.0000,5,S,21.0200,21.0100,21.0000,20.9700,20.9500,21.0300,21.0700,21.0800,21.0900,21.1000,43,57,96,1,41,119,12,18,9,34
SZ,002341,2017-01-03 09:42:57,21.0300,3,44143.0000,21,B,21.0200,21.0100,21.0000,20.9700,20.9500,21.0300,21.0700,21.0800,21.0900,21.1000,26,57,96,1,41,118,12,18,9,34
SZ,002341,2017-01-03 09:43:00,21.0300,1,42060.0000,20,B,21.0200,21.0100,21.0000,20.9700,20.9500,21.0300,21.0700,21.0800,21.0900,21.1000,26,57,96,3,41,98,12,18,9,34
SZ,002341,2017-01-03 09:43:03,21.0200,5,84094.0000,40,S,21.0100,21.0000,20.9700,20.9500,20.9300,21.0200,21.0300,21.0700,21.0800,21.0900,57,96,3,41,1,24,84,12,18,9
SZ,002341,2017-01-03 09:43:09,21.0200,1,42040.0000,20,B,21.0100,21.0000,20.9700,20.9500,20.9300,21.0200,21.0300,21.0700,21.0800,21.0900,57,96,3,41,1,24,84,12,18,9
SZ,002341,2017-01-03 09:43:12,21.0200,6,16812.0000,8,B,21.0100,21.0000,20.9700,20.9500,20.9300,21.0200,21.0300,21.0700,21.0800,21.0900,53,106,3,41,1,51,84,12,18,9
SZ,002341,2017-01-03 09:43:15,21.0100,5,290123.0000,138,S,21.0200,21.0100,21.0000,20.9700,20.9500,21.0300,21.0700,21.0800,21.0900,21.1000,6,33,106,4,41,17,12,18,9,34
SZ,002341,2017-01-03 09:43:18,21.0300,4,8412.0000,4,B,21.0200,21.0100,21.0000,20.9700,20.9500,21.0300,21.0700,21.0800,21.0900,21.1000,25,33,106,4,41,13,12,18,9,34
SZ,002341,2017-01-03 09:43:21,21.0200,4,37838.0000,18,S,21.0200,21.0100,21.0000,20.9700,20.9500,21.0300,21.0700,21.0800,21.0900,21.1000,14,33,106,4,41,11,12,18,9,34
SZ,002341,2017-01-03 09:43:24,21.0300,1,2103.0000,1,B,21.0200,21.0100,21.0000,20.9700,20.9500,21.0300,21.0700,21.0800,21.0900,21.1000,22,33,106,4,41,10,12,18,9,34
SZ,002341,2017-01-03 09:43:27,21.0300,3,21030.0000,10,B,21.0300,21.0200,21.0100,21.0000,20.9700,21.0700,21.0800,21.0900,21.1000,21.1300,51,32,33,106,4,12,18,9,34,41
SZ,002341,2017-01-03 09:43:30,21.0300,1,6309.0000,3,S,21.0300,21.0200,21.0100,21.0000,20.9700,21.0700,21.0800,21.0900,21.1000,21.1300,58,32,43,106,4,12,18,6,32,108
SZ,002341,2017-01-03 09:43:33,21.0300,1,31545.0000,15,S,21.0300,21.0200,21.0100,21.0000,20.9700,21.0700,21.0800,21.0900,21.1000,21.1300,43,32,43,106,4,12,18,6,32,108
SZ,002341,2017-01-03 09:43:42,21.0300,3,98841.0000,47,S,21.0200,21.0100,21.0000,20.9700,20.9500,21.0300,21.0700,21.0800,21.0900,21.1000,32,53,106,4,41,93,12,18,6,32
SZ,002341,2017-01-03 09:43:45,21.0300,1,2103.0000,1,B,21.0200,21.0100,21.0000,20.9700,20.9500,21.0300,21.0700,21.0800,21.0900,21.1000,32,53,106,4,41,92,12,18,6,32
SZ,002341,2017-01-03 09:43:48,21.0300,1,2103.0000,1,B,21.0200,21.0100,21.0000,20.9700,20.9500,21.0300,21.0700,21.0800,21.0900,21.1000,32,53,106,4,41,91,12,18,6,32
SZ,002341,2017-01-03 09:43:51,21.0300,3,6309.0000,3,B,21.0200,21.0100,21.0000,20.9700,20.9500,21.0300,21.0700,21.0800,21.0900,21.1000,32,58,106,4,41,88,12,18,6,32
SZ,002341,2017-01-03 09:43:54,21.0300,3,6309.0000,3,B,21.0200,21.0100,21.0000,20.9700,20.9500,21.0300,21.0700,21.0800,21.0900,21.1000,32,111,106,4,41,85,12,18,6,32
SZ,002341,2017-01-03 09:43:57,21.0300,4,12615.0000,6,B,21.0200,21.0100,21.0000,20.9700,20.9500,21.0300,21.0700,21.0800,21.0900,21.1000,29,111,106,4,41,82,12,18,6,32
SZ,002341,2017-01-03 09:44:00,21.0300,2,4206.0000,2,B,21.0200,21.0100,21.0000,20.9700,20.9500,21.0300,21.0700,21.0800,21.0900,21.1000,29,111,106,4,41,80,12,18,6,32
SZ,002341,2017-01-03 09:44:03,21.0200,6,63061.0000,30,S,21.0100,21.0000,20.9700,20.9500,20.9300,21.0200,21.0300,21.0700,21.0800,21.0900,111,106,4,41,1,5,79,12,18,6
SZ,002341,2017-01-03 09:44:06,21.0300,4,48364.0000,23,B,21.0100,21.0000,20.9700,20.9500,20.9300,21.0300,21.0700,21.0800,21.1000,21.1300,111,106,4,41,1,61,12,18,32,41
SZ,002341,2017-01-03 09:44:09,21.0300,1,16824.0000,8,B,21.0100,21.0000,20.9700,20.9500,20.9300,21.0300,21.0700,21.0800,21.1000,21.1300,111,106,4,41,1,53,12,18,32,41
SZ,002341,2017-01-03 09:44:15,21.0300,11,256354.0000,122,B,21.0200,21.0100,21.0000,20.9800,20.9700,21.0300,21.0700,21.1000,21.1300,21.1400,88,16,106,3,4,43,12,32,41,3
SZ,002341,2017-01-03 09:44:21,21.0300,2,54672.0000,26,B,21.0200,21.0100,21.0000,20.9800,20.9700,21.0300,21.0700,21.1000,21.1300,21.1400,82,16,106,3,4,23,12,32,41,3
SZ,002341,2017-01-03 09:44:24,21.0300,2,48369.0000,23,B,21.0300,21.0200,21.0100,21.0000,20.9800,21.0700,21.1000,21.1300,21.1400,21.1500,9,82,27,106,3,12,32,41,3,10
SZ,002341,2017-01-03 09:44:27,21.0300,4,42060.0000,20,S,21.0300,21.0200,21.0100,21.0000,20.9800,21.0700,21.1000,21.1300,21.1400,21.1500,8,82,27,106,3,12,32,41,3,10
SZ,002341,2017-01-03 09:44:30,21.0200,2,31538.0000,15,S,21.0200,21.0100,21.0000,20.9800,20.9700,21.0700,21.1000,21.1300,21.1400,21.1500,75,27,106,3,4,12,32,41,3,10
SZ,002341,2017-01-03 09:44:33,21.0700,2,16856.0000,8,B,21.0200,21.0100,21.0000,20.9800,20.9700,21.0700,21.1000,21.1300,21.1400,21.1500,75,27,106,3,4,4,32,41,3,10
SZ,002341,2017-01-03 09:44:39,21.0300,1,21030.0000,10,S,21.0300,21.0200,21.0100,21.0000,20.9800,21.0700,21.0900,21.1000,21.1300,21.1400,27,83,27,106,3,4,10,32,41,3
SZ,002341,2017-01-03 09:44:45,21.0700,2,12638.0000,6,B,21.0700,21.0300,21.0200,21.0100,21.0000,21.0900,21.1000,21.1300,21.1400,21.1500,6,27,83,27,106,10,32,41,3,10
SZ,002341,2017-01-03 09:44:54,21.0700,1,4214.0000,2,S,21.0700,21.0400,21.0300,21.0200,21.0100,21.0900,21.1000,21.1300,21.1400,21.1500,4,11,68,89,27,10,32,41,3,10
SZ,002341,2017-01-03 09:44:57,21.0900,1,21090.0000,10,B,21.0900,21.0700,21.0400,21.0300,21.0200,21.1000,21.1300,21.1400,21.1500,21.1600,13,4,11,68,89,32,41,3,10,6
SZ,002341,2017-01-03 09:45:03,21.0900,1,2109.0000,1,S,21.0900,21.0700,21.0400,21.0300,21.0200,21.1300,21.1400,21.1500,21.1600,21.1700,20,4,11,48,103,41,3,10,6,5
SZ,002341,2017-01-03 09:45:06,21.0900,1,4218.0000,2,S,21.0900,21.0700,21.0400,21.0300,21.0200,21.1300,21.1400,21.1500,21.1600,21.1700,18,4,11,48,103,41,3,10,6,5
SZ,002341,2017-01-03 09:45:09,21.0900,1,12654.0000,6,S,21.1000,21.0900,21.0700,21.0400,21.0300,21.1300,21.1400,21.1500,21.1600,21.1700,21,12,4,11,48,41,3,10,6,5
SZ,002341,2017-01-03 09:45:21,21.1000,3,31680.0000,15,S,21.1000,21.0900,21.0700,21.0500,21.0400,21.1300,21.1400,21.1500,21.1600,21.1700,16,12,4,6,11,31,3,10,6,5
SZ,002341,2017-01-03 09:45:33,21.1000,1,25320.0000,12,S,21.1000,21.0900,21.0700,21.0600,21.0500,21.1300,21.1400,21.1500,21.1600,21.1700,4,28,4,3,6,31,3,10,6,5
SZ,002341,2017-01-03 09:45:39,21.1200,1,4224.0000,2,B,21.1000,21.0900,21.0700,21.0600,21.0500,21.1200,21.1300,21.1400,21.1500,21.1600,4,28,4,3,6,13,34,3,10,6
SZ,002341,2017-01-03 09:45:42,21.1200,2,27456.0000,13,B,21.1200,21.1000,21.0900,21.0700,21.0600,21.1300,21.1400,21.1500,21.1600,21.1700,2,4,28,4,3,34,3,10,6,5
SZ,002341,2017-01-03 09:45:48,21.1300,1,2113.0000,1,B,21.1200,21.1000,21.0900,21.0700,21.0600,21.1300,21.1400,21.1500,21.1600,21.1700,2,4,28,4,23,33,3,10,6,5
SZ,002341,2017-01-03 09:45:54,21.1200,1,2112.0000,1,S,21.1200,21.1000,21.0900,21.0700,21.0600,21.1300,21.1400,21.1500,21.1600,21.1700,1,4,28,4,23,33,3,10,6,7
SZ,002341,2017-01-03 09:46:00,21.1300,3,8449.0000,4,B,21.1000,21.0900,21.0700,21.0600,21.0500,21.1300,21.1400,21.1500,21.1600,21.1700,4,28,4,23,12,32,3,10,6,7
SZ,002341,2017-01-03 09:46:18,21.1000,1,4220.0000,2,S,21.1100,21.1000,21.0900,21.0700,21.0600,21.1200,21.1300,21.1400,21.1500,21.1600,20,22,12,4,23,12,73,3,15,6
SZ,002341,2017-01-03 09:46:24,21.0000,37,879351.0000,418,S,20.9800,20.9700,20.9500,20.9300,20.9200,21.0000,21.1200,21.1300,21.1400,21.1500,3,2,41,1,1,376,2,78,3,15
SZ,002341,2017-01-03 09:46:33,21.0000,1,42000.0000,20,B,20.9800,20.9700,20.9500,20.9300,20.9200,21.0000,21.1200,21.1300,21.1400,21.1500,3,2,41,1,1,356,2,78,3,15
SZ,002341,2017-01-03 09:46:36,21.0000,3,256200.0000,122,B,20.9800,20.9700,20.9500,20.9300,20.9200,21.0000,21.1200,21.1300,21.1400,21.1500,3,2,41,1,1,234,2,78,3,15
SZ,002341,2017-01-03 09:46:39,21.0000,1,42000.0000,20,B,20.9800,20.9700,20.9500,20.9300,20.9200,21.0000,21.1200,21.1300,21.1400,21.1500,3,2,51,1,1,214,2,78,3,15
SZ,002341,2017-01-03 09:46:42,21.0000,7,94500.0000,45,B,20.9800,20.9700,20.9500,20.9300,20.9200,21.0000,21.1200,21.1300,21.1400,21.1500,3,2,51,1,1,169,2,78,3,15
SZ,002341,2017-01-03 09:46:45,21.0000,5,75600.0000,36,B,20.9900,20.9800,20.9700,20.9500,20.9300,21.0000,21.1100,21.1200,21.1300,21.1400,10,3,2,51,1,133,6,12,78,3
SZ,002341,2017-01-03 09:46:48,21.0000,7,39897.0000,19,B,20.9900,20.9800,20.9700,20.9500,20.9300,21.0000,21.1100,21.1200,21.1300,21.1400,7,3,2,51,1,117,165,12,78,3
SZ,002341,2017-01-03 09:46:51,21.0000,4,50400.0000,24,B,20.9900,20.9800,20.9700,20.9500,20.9300,21.0000,21.1100,21.1200,21.1300,21.1400,7,3,2,51,1,93,165,12,78,3
SZ,002341,2017-01-03 09:46:54,21.0000,4,10500.0000,5,B,20.9900,20.9800,20.9700,20.9500,20.9300,21.0000,21.1100,21.1200,21.1300,21.1400,7,3,2,51,1,88,165,12,78,3
SZ,002341,2017-01-03 09:46:57,21.0000,4,98700.0000,47,B,20.9900,20.9800,20.9700,20.9500,20.9300,21.0000,21.1000,21.1100,21.1200,21.1300,7,3,2,51,1,41,30,165,12,78
SZ,002341,2017-01-03 09:47:00,21.0000,1,2100.0000,1,B,20.9900,20.9800,20.9700,20.9500,20.9300,21.0000,21.1000,21.1100,21.1200,21.1300,7,3,2,51,1,40,30,165,12,78
SZ,002341,2017-01-03 09:47:03,21.0000,4,44087.0000,21,B,20.9900,20.9700,20.9500,20.9300,20.9200,21.0000,21.1000,21.1100,21.1200,21.1300,9,2,51,1,1,29,30,165,12,78
SZ,002341,2017-01-03 09:47:06,20.9500,5,44080.0000,21,S,20.9500,20.9300,20.9200,20.9100,20.9000,21.0000,21.1000,21.1100,21.1200,21.1300,100,1,1,24,25,20,30,165,12,78
SZ,002341,2017-01-03 09:47:09,21.0000,1,14700.0000,7,B,20.9500,20.9300,20.9200,20.9100,20.9000,21.0000,21.1000,21.1100,21.1200,21.1300,100,1,1,24,25,13,30,165,12,78
SZ,002341,2017-01-03 09:47:12,21.0000,1,21000.0000,10,B,20.9500,20.9300,20.9200,20.9100,20.9000,21.0000,21.0900,21.1000,21.1100,21.1200,100,1,1,24,25,3,10,30,165,12
SZ,002341,2017-01-03 09:47:18,21.0000,2,48200.0000,23,B,21.0000,20.9500,20.9300,20.9200,20.9100,21.0900,21.1000,21.1100,21.1200,21.1300,2,95,1,1,24,20,35,165,12,80
SZ,002341,2017-01-03 09:47:30,21.0900,1,14763.0000,7,B,21.0000,20.9600,20.9500,20.9300,20.9200,21.0900,21.1000,21.1100,21.1200,21.1300,14,7,100,11,1,13,5,159,12,80
SZ,002341,2017-01-03 09:47:48,21.0800,6,52580.0000,25,B,21.0000,20.9600,20.9500,20.9300,20.9200,21.0800,21.0900,21.1000,21.1100,21.1200,23,22,101,11,16,20,18,5,159,12
SZ,002341,2017-01-03 09:48:03,21.0100,1,8404.0000,4,S,21.0200,21.0100,21.0000,20.9600,20.9500,21.0800,21.0900,21.1000,21.1100,21.1200,10,7,48,32,105,36,18,12,159,12
SZ,002341,2017-01-03 09:48:12,21.0200,1,4204.0000,2,S,21.0300,21.0200,21.0100,21.0000,20.9800,21.0800,21.0900,21.1000,21.1100,21.1200,7,8,7,58,45,36,28,12,159,12
SZ,002341,2017-01-03 09:48:15,21.0300,1,2103.0000,1,S,21.0300,21.0200,21.0100,21.0000,20.9800,21.0800,21.0900,21.1000,21.1100,21.1200,6,8,7,58,45,36,28,37,159,12
SZ,002341,2017-01-03 09:48:36,21.0300,4,75858.0000,36,S,21.0200,21.0100,21.0000,20.9800,20.9700,21.0300,21.0800,21.0900,21.1000,21.1100,23,15,121,45,10,22,6,28,37,159
SZ,002341,2017-01-03 09:48:39,21.0300,1,4206.0000,2,B,21.0200,21.0100,21.0000,20.9800,20.9700,21.0300,21.0800,21.0900,21.1000,21.1100,23,15,121,45,10,20,6,28,37,159
SZ,002341,2017-01-03 09:48:42,21.0300,1,42060.0000,20,B,21.0500,21.0200,21.0100,21.0000,20.9800,21.0800,21.0900,21.1000,21.1100,21.1200,30,23,15,121,45,6,28,37,159,16
SZ,002341,2017-01-03 09:48:45,21.0800,1,12648.0000,6,B,21.0800,21.0500,21.0200,21.0100,21.0000,21.0900,21.1000,21.1100,21.1200,21.1300,2,30,23,15,121,156,44,159,16,83
SZ,002341,2017-01-03 09:48:48,21.0000,16,449627.0000,214,S,20.9800,20.9700,20.9600,20.9500,20.9300,21.0000,21.0900,21.1000,21.1100,21.1200,45,10,132,100,11,237,156,44,159,16
SZ,002341,2017-01-03 09:48:54,20.9800,1,2098.0000,1,S,20.9800,20.9700,20.9600,20.9500,20.9300,21.0000,21.0900,21.1000,21.1100,21.1200,64,10,132,100,11,237,156,44,159,16
SZ,002341,2017-01-03 09:49:06,20.9800,2,94470.0000,45,S,20.9800,20.9700,20.9600,20.9500,20.9300,21.0000,21.0900,21.1000,21.1100,21.1200,49,10,131,100,11,207,156,44,159,16
SZ,002341,2017-01-03 09:49:09,21.0000,2,25200.0000,12,B,20.9800,20.9700,20.9600,20.9500,20.9300,21.0000,21.0800,21.0900,21.1000,21.1100,69,10,131,100,11,195,59,156,44,159
SZ,002341,2017-01-03 09:49:12,21.0000,1,27300.0000,13,B,20.9800,20.9700,20.9600,20.9500,20.9300,21.0000,21.0800,21.0900,21.1000,21.1200,49,10,131,100,11,182,59,156,44,16
SZ,002341,2017-01-03 09:49:15,20.9800,2,102802.0000,49,S,20.9700,20.9600,20.9500,20.9300,20.9200,20.9800,21.0000,21.0800,21.0900,21.1000,10,131,100,11,10,1,182,59,156,44
SZ,002341,2017-01-03 09:49:21,20.9800,1,2098.0000,1,B,20.9800,20.9700,20.9600,20.9500,20.9300,21.0000,21.0800,21.0900,21.1000,21.1200,10,18,131,95,11,182,59,176,44,16
SZ,002341,2017-01-03 09:49:24,21.0000,1,6300.0000,3,B,20.9800,20.9700,20.9600,20.9500,20.9300,21.0000,21.0800,21.0900,21.1000,21.1200,12,19,131,95,11,179,59,176,44,16
SZ,002341,2017-01-03 09:49:27,20.9800,3,27274.0000,13,S,20.9700,20.9600,20.9500,20.9300,20.9200,20.9800,20.9900,21.0000,21.0800,21.0900,19,131,95,11,10,111,8,179,59,176
SZ,002341,2017-01-03 09:49:30,20.9800,2,27274.0000,13,B,20.9700,20.9600,20.9500,20.9300,20.9200,20.9800,20.9900,21.0000,21.0800,21.0900,19,131,95,11,10,98,12,179,59,176
SZ,002341,2017-01-03 09:49:33,20.9800,1,37764.0000,18,B,20.9700,20.9600,20.9500,20.9300,20.9200,20.9800,20.9900,21.0000,21.0800,21.0900,19,118,95,11,10,80,12,179,59,176
SZ,002341,2017-01-03 09:49:36,20.9800,2,41950.0000,20,B,20.9700,20.9600,20.9500,20.9300,20.9200,20.9800,20.9900,21.0000,21.0800,21.0900,10,118,95,11,10,70,4,179,59,176
SZ,002341,2017-01-03 09:49:39,20.9600,10,127866.0000,61,S,20.9700,20.9600,20.9500,20.9300,20.9200,20.9800,20.9900,21.0000,21.0800,21.0900,14,67,95,11,10,70,4,179,59,176
SZ,002341,2017-01-03 09:49:42,20.9800,1,16784.0000,8,B,20.9700,20.9600,20.9500,20.9300,20.9200,20.9800,20.9900,21.0000,21.0300,21.0800,14,67,95,11,16,62,4,179,5,59
SZ,002341,2017-01-03 09:49:45,20.9700,3,29358.0000,14,S,20.9600,20.9500,20.9300,20.9200,20.9100,20.9700,20.9800,20.9900,21.0000,21.0300,67,95,11,16,54,1,62,4,179,5
SZ,002341,2017-01-03 09:49:48,20.9700,3,37746.0000,18,B,20.9600,20.9500,20.9300,20.9200,20.9100,20.9700,20.9800,21.0000,21.0300,21.0800,67,95,11,16,54,5,62,179,5,59
SZ,002341,2017-01-03 09:49:51,20.9700,1,10485.0000,5,B,20.9700,20.9600,20.9500,20.9300,20.9200,20.9800,21.0000,21.0300,21.0800,21.0900,50,67,93,11,16,62,179,5,59,176
SZ,002341,2017-01-03 09:49:54,20.9800,4,146790.0000,70,B,20.9600,20.9500,20.9300,20.9200,20.9100,20.9800,21.0000,21.0300,21.0800,21.0900,57,93,11,16,54,52,179,5,59,176
SZ,002341,2017-01-03 09:49:57,20.9800,2,73430.0000,35,B,20.9700,20.9600,20.9500,20.9300,20.9200,20.9800,21.0000,21.0300,21.0800,21.0900,1,57,93,11,16,17,179,10,59,176
SZ,002341,2017-01-03 09:50:06,20.9700,7,138444.0000,66,S,20.9600,20.9500,20.9300,20.9200,20.9100,20.9700,21.0000,21.0300,21.0800,21.0900,57,93,11,16,54,1,179,10,59,187
SZ,002341,2017-01-03 09:50:09,20.9700,3,44017.0000,21,B,20.9600,20.9500,20.9300,20.9200,20.9100,21.0000,21.0300,21.0800,21.0900,21.1000,37,93,11,16,54,199,10,59,187,48
SZ,002341,2017-01-03 09:50:15,20.9800,1,33568.0000,16,S,20.9800,20.9700,20.9600,20.9500,20.9300,21.0000,21.0300,21.0800,21.0900,21.1000,9,4,37,93,11,199,10,69,187,48
SZ,002341,2017-01-03 09:50:30,21.0000,1,168000.0000,80,B,20.9800,20.9700,20.9600,20.9500,20.9300,21.0000,21.0300,21.0800,21.0900,21.1000,20,14,37,93,27,119,10,69,187,48
SZ,002341,2017-01-03 09:50:42,21.0000,5,220482.0000,105,B,20.9800,20.9700,20.9600,20.9500,20.9300,21.0000,21.0300,21.0800,21.0900,21.1000,13,23,37,98,27,23,10,69,176,48
SZ,002341,2017-01-03 09:50:45,21.0000,2,21000.0000,10,B,20.9800,20.9700,20.9600,20.9500,20.9300,21.0000,21.0300,21.0800,21.0900,21.1000,13,23,37,98,27,13,10,69,176,48
SZ,002341,2017-01-03 09:50:48,21.0000,3,46192.0000,22,B,21.0000,20.9800,20.9700,20.9600,20.9500,21.0300,21.0800,21.0900,21.1000,21.1200,5,9,53,42,98,10,69,176,48,16
SZ,002341,2017-01-03 09:50:51,21.0000,3,16800.0000,8,S,21.0000,20.9800,20.9700,20.9600,20.9500,21.0300,21.0800,21.0900,21.1000,21.1200,70,14,53,42,98,10,69,176,48,16
SZ,002341,2017-01-03 09:51:06,21.0300,1,10515.0000,5,B,21.0000,20.9800,20.9700,20.9600,20.9500,21.0300,21.0800,21.0900,21.1000,21.1200,101,9,53,42,98,5,69,176,48,16
SZ,002341,2017-01-03 09:51:18,21.0800,2,21055.0000,10,B,21.0300,21.0000,20.9800,20.9700,20.9600,21.0800,21.0900,21.1000,21.1200,21.1300,38,101,19,53,42,64,176,48,16,81
SZ,002341,2017-01-03 09:51:39,21.0800,2,80088.0000,38,B,21.0000,20.9800,20.9700,20.9600,20.9500,21.0800,21.0900,21.1000,21.1200,21.1300,103,19,53,45,208,42,176,48,16,81
SZ,002341,2017-01-03 09:51:54,21.0900,6,115941.0000,55,B,21.0700,21.0200,21.0000,20.9800,20.9700,21.0900,21.1000,21.1200,21.1300,21.1400,1,9,33,19,46,170,48,16,81,3
SZ,002341,2017-01-03 09:51:57,21.0700,1,2107.0000,1,S,21.0200,21.0000,20.9800,20.9700,20.9600,21.0700,21.0800,21.0900,21.1000,21.1200,9,33,19,46,45,39,24,170,48,16
SZ,002341,2017-01-03 09:52:03,21.0700,1,42140.0000,20,B,21.0200,21.0000,20.9800,20.9700,20.9600,21.0700,21.0800,21.0900,21.1000,21.1200,9,33,19,46,45,25,27,170,48,16
SZ,002341,2017-01-03 09:52:12,21.0800,5,115915.0000,55,B,21.0800,21.0200,21.0100,21.0000,20.9800,21.0900,21.1000,21.1200,21.1300,21.1400,5,9,11,35,19,170,48,16,81,3
SZ,002341,2017-01-03 09:52:15,21.0800,1,8432.0000,4,S,21.0800,21.0200,21.0100,21.0000,20.9800,21.0900,21.1000,21.1200,21.1300,21.1400,1,9,11,35,19,170,48,16,81,3
SZ,002341,2017-01-03 09:52:18,21.0800,1,2108.0000,1,S,21.0200,21.0100,21.0000,20.9800,20.9700,21.0700,21.0900,21.1000,21.1200,21.1300,9,11,35,19,46,1,170,48,16,81
SZ,002341,2017-01-03 09:52:21,21.0200,2,23124.0000,11,S,21.0100,21.0000,20.9800,20.9700,20.9600,21.0200,21.0700,21.0900,21.1000,21.1200,11,35,19,46,45,5,1,150,48,16
SZ,002341,2017-01-03 09:52:24,21.0200,1,10510.0000,5,B,21.0100,21.0000,20.9800,20.9700,20.9600,21.0700,21.0900,21.1000,21.1200,21.1300,11,35,19,46,45,1,150,48,16,81
SZ,002341,2017-01-03 09:52:27,21.0700,1,2107.0000,1,B,21.0700,21.0100,21.0000,20.9800,20.9700,21.0900,21.1000,21.1200,21.1300,21.1400,59,11,35,19,46,150,48,16,81,3
SZ,002341,2017-01-03 09:52:30,21.0700,1,4214.0000,2,S,21.0700,21.0100,21.0000,20.9800,20.9700,21.0900,21.1000,21.1200,21.1300,21.1400,57,11,35,19,46,150,48,16,81,3
SZ,002341,2017-01-03 09:52:33,20.9500,20,462019.0000,220,S,20.9500,20.9400,20.9300,20.9200,20.9100,21.0900,21.1000,21.1200,21.1300,21.1400,209,1,30,16,54,150,48,16,81,3
SZ,002341,2017-01-03 09:52:39,20.9500,14,437855.0000,209,S,20.9400,20.9300,20.9200,20.9100,20.9000,20.9500,21.0800,21.0900,21.1000,21.1200,1,30,16,54,54,21,20,150,49,16
SZ,002341,2017-01-03 09:52:45,20.9100,11,211270.0000,101,S,20.9000,20.8900,20.8800,20.8600,20.8500,20.9100,20.9500,21.0800,21.0900,21.1000,54,7,18,9,2,11,21,24,150,49
SZ,002341,2017-01-03 09:52:48,20.9500,2,33476.0000,16,B,20.9100,20.9000,20.8900,20.8800,20.8600,20.9500,21.0800,21.0900,21.1000,21.1200,1,54,7,18,9,16,24,150,49,16
SZ,002341,2017-01-03 09:52:51,20.9000,11,114951.0000,55,S,20.8900,20.8800,20.8600,20.8500,20.8400,20.9000,20.9500,21.0800,21.0900,21.1000,7,18,9,2,28,383,16,24,150,49
SZ,002341,2017-01-03 09:52:54,20.9000,1,2090.0000,1,B,20.8900,20.8800,20.8600,20.8500,20.8400,20.9000,20.9500,21.0800,21.0900,21.1000,7,18,9,2,28,382,16,24,150,49
SZ,002341,2017-01-03 09:53:00,20.9000,1,12540.0000,6,B,20.8900,20.8800,20.8600,20.8500,20.8400,20.9000,20.9500,21.0800,21.0900,21.1000,7,18,9,2,28,376,16,45,170,49
SZ,002341,2017-01-03 09:53:03,20.9000,2,106590.0000,51,B,20.8900,20.8800,20.8600,20.8500,20.8400,20.9000,20.9500,21.0800,21.0900,21.1000,7,18,14,2,28,325,16,45,170,49
SZ,002341,2017-01-03 09:53:12,20.9000,1,104500.0000,50,B,20.8900,20.8800,20.8600,20.8500,20.8400,20.9000,20.9500,21.0800,21.0900,21.1000,7,18,14,2,28,275,16,55,165,49
SZ,002341,2017-01-03 09:53:15,20.9000,3,45980.0000,22,B,20.8900,20.8800,20.8600,20.8500,20.8400,20.9000,20.9500,21.0800,21.0900,21.1000,7,18,19,2,28,253,16,55,165,49
SZ,002341,2017-01-03 09:53:18,20.8900,4,196456.0000,94,S,20.8900,20.8800,20.8600,20.8500,20.8400,20.9000,20.9500,21.0800,21.0900,21.1000,3,18,19,2,28,163,16,55,165,49
SZ,002341,2017-01-03 09:53:21,20.9000,1,52250.0000,25,B,20.8900,20.8800,20.8600,20.8500,20.8400,20.9000,20.9500,21.0700,21.0800,21.0900,3,20,19,12,28,138,16,5,55,165
SZ,002341,2017-01-03 09:53:24,20.9000,3,188100.0000,90,B,20.8900,20.8800,20.8600,20.8500,20.8400,20.9000,20.9500,21.0700,21.0800,21.0900,3,20,19,12,28,48,16,155,55,165
SZ,002341,2017-01-03 09:53:27,20.9000,2,83600.0000,40,B,20.8900,20.8800,20.8600,20.8500,20.8400,20.9000,20.9500,21.0700,21.0800,21.0900,14,20,19,12,28,8,16,155,55,165
SZ,002341,2017-01-03 09:53:30,20.8900,1,2089.0000,1,S,20.8900,20.8800,20.8600,20.8500,20.8400,20.9000,20.9500,21.0700,21.0800,21.0900,13,20,19,12,28,8,16,155,55,165
SZ,002341,2017-01-03 09:53:33,20.9000,2,16720.0000,8,B,20.9100,20.9000,20.8900,20.8800,20.8600,20.9500,21.0700,21.0800,21.0900,21.1000,28,78,16,20,19,16,155,55,165,49
SZ,002341,2017-01-03 09:53:39,20.9100,2,4186.0000,2,S,20.9100,20.9000,20.8900,20.8800,20.8600,20.9500,21.0700,21.0800,21.0900,21.1000,27,111,70,22,19,15,155,55,165,49
SZ,002341,2017-01-03 09:53:42,20.9000,4,66907.0000,32,S,20.9000,20.8900,20.8800,20.8600,20.8500,20.9300,20.9500,21.0600,21.0700,21.0800,106,70,22,19,12,1,15,100,155,55
SZ,002341,2017-01-03 09:53:51,20.9300,1,2093.0000,1,B,20.9300,20.9000,20.8900,20.8800,20.8600,20.9500,21.0600,21.0700,21.0800,21.0900,10,107,80,22,19,15,100,155,55,165
SZ,002341,2017-01-03 09:54:00,20.9300,1,20930.0000,10,S,20.9100,20.9000,20.8900,20.8800,20.8600,20.9500,21.0600,21.0700,21.0800,21.0900,3,102,80,27,19,37,100,155,55,165
SZ,002341,2017-01-03 09:54:12,20.9500,4,48181.0000,23,B,20.9300,20.9100,20.9000,20.8900,20.8800,20.9500,21.0400,21.0500,21.0600,21.0700,3,115,116,80,47,14,2,50,100,5
SZ,002341,2017-01-03 09:54:18,20.9500,1,29330.0000,14,B,20.9500,20.9300,20.9200,20.9100,20.9000,21.0400,21.0500,21.0600,21.0700,21.0800,42,3,2,113,129,32,50,100,5,55
SZ,002341,2017-01-03 09:54:21,20.9500,2,41900.0000,20,S,20.9500,20.9300,20.9200,20.9100,20.9000,21.0400,21.0500,21.0600,21.0700,21.0800,22,3,8,113,124,32,50,100,5,55
SZ,002341,2017-01-03 09:54:48,20.9300,3,94229.0000,45,S,20.9200,20.9100,20.9000,20.8900,20.8800,20.9300,21.0300,21.0400,21.0500,21.0600,10,133,135,80,47,7,30,38,50,100
SZ,002341,2017-01-03 09:54:51,20.9300,1,14651.0000,7,B,20.9300,20.9200,20.9100,20.9000,20.8900,21.0300,21.0400,21.0500,21.0600,21.0700,3,10,133,135,80,34,38,50,100,5
SZ,002341,2017-01-03 09:54:54,20.9300,1,2093.0000,1,S,20.9300,20.9200,20.9100,20.9000,20.8900,21.0300,21.0400,21.0500,21.0600,21.0700,2,10,133,135,80,34,8,50,100,5
SZ,002341,2017-01-03 09:55:12,20.9400,1,2094.0000,1,S,20.9400,20.9300,20.9200,20.9100,20.9000,21.0200,21.0300,21.0400,21.0500,21.0600,14,44,30,133,86,30,116,28,50,100
SZ,002341,2017-01-03 09:55:24,21.0100,1,2101.0000,1,B,20.9500,20.9400,20.9300,20.9200,20.9100,21.0100,21.0200,21.0300,21.0400,21.0500,1,23,44,45,133,21,30,112,26,50
SZ,002341,2017-01-03 09:55:27,20.9300,10,104687.0000,50,S,20.9300,20.9200,20.9100,20.9000,20.8900,21.0100,21.0200,21.0300,21.0400,21.0500,24,45,133,100,17,21,30,112,26,50
SZ,002341,2017-01-03 09:55:36,21.0100,1,2101.0000,1,B,20.9300,20.9200,20.9100,20.9000,20.8900,21.0100,21.0300,21.0400,21.0500,21.0600,24,45,133,132,17,20,112,26,50,100
SZ,002341,2017-01-03 09:56:00,20.9500,1,14665.0000,7,S,20.9500,20.9300,20.9200,20.9100,20.9000,21.0000,21.0100,21.0300,21.0400,21.0500,27,60,45,143,132,36,23,112,20,50
SZ,002341,2017-01-03 09:56:12,20.9000,39,899271.0000,430,S,20.8900,20.8800,20.8700,20.8600,20.8500,20.9000,21.0000,21.0100,21.0300,21.0400,17,47,1,20,44,235,36,23,112,20
SZ,002341,2017-01-03 09:56:18,20.9000,1,20900.0000,10,B,20.8900,20.8800,20.8700,20.8600,20.8500,20.9000,20.9500,21.0000,21.0100,21.0300,17,47,1,20,44,225,14,36,23,112
SZ,002341,2017-01-03 09:56:21,20.9000,1,10450.0000,5,B,20.8900,20.8800,20.8700,20.8600,20.8500,20.9000,20.9500,21.0000,21.0100,21.0300,17,47,1,20,44,220,4,36,23,112
SZ,002341,2017-01-03 09:56:24,20.9000,1,20900.0000,10,B,20.8900,20.8800,20.8700,20.8600,20.8500,20.9000,20.9500,21.0000,21.0100,21.0300,17,47,1,20,44,210,4,36,23,112
SZ,002341,2017-01-03 09:56:27,20.8900,7,54330.0000,26,S,20.8900,20.8800,20.8700,20.8600,20.8500,20.9000,20.9500,21.0000,21.0100,21.0300,7,47,1,20,44,194,4,30,23,112
SZ,002341,2017-01-03 09:56:30,20.8900,1,14623.0000,7,S,20.8800,20.8700,20.8600,20.8500,20.8400,20.8900,20.9000,20.9500,21.0000,21.0100,47,1,20,34,28,3,194,4,30,23
SZ,002341,2017-01-03 09:56:33,20.9000,2,20897.0000,10,B,20.8800,20.8700,20.8600,20.8500,20.8400,20.9000,20.9500,21.0000,21.0100,21.0300,47,1,20,34,28,187,4,30,23,112
SZ,002341,2017-01-03 09:56:39,20.8800,8,104400.0000,50,S,20.8900,20.8700,20.8600,20.8500,20.8400,20.9000,20.9500,21.0000,21.0100,21.0300,7,1,20,34,28,187,4,30,23,112
SZ,002341,2017-01-03 09:56:45,20.9000,2,27170.0000,13,B,20.8900,20.8700,20.8600,20.8500,20.8400,20.9000,20.9500,21.0000,21.0100,21.0300,9,1,20,54,28,174,4,40,23,108
SZ,002341,2017-01-03 09:56:54,20.8900,3,16712.0000,8,S,20.8900,20.8700,20.8600,20.8500,20.8400,20.9000,21.0000,21.0100,21.0300,21.0400,101,1,20,54,28,174,40,23,108,20
SZ,002341,2017-01-03 09:56:57,20.9000,2,77330.0000,37,B,20.8900,20.8700,20.8600,20.8500,20.8400,20.9000,21.0000,21.0100,21.0300,21.0400,101,1,20,54,28,137,40,23,108,20
SZ,002341,2017-01-03 09:57:00,20.8900,1,2089.0000,1,S,20.8900,20.8700,20.8600,20.8500,20.8400,20.9000,21.0000,21.0100,21.0300,21.0400,100,1,20,54,28,137,40,23,108,20
SZ,002341,2017-01-03 09:57:03,20.9000,2,29256.0000,14,B,20.8900,20.8700,20.8600,20.8500,20.8400,20.9000,21.0000,21.0100,21.0300,21.0400,99,1,20,54,28,127,40,23,108,20
SZ,002341,2017-01-03 09:57:12,20.9000,1,10450.0000,5,B,20.8900,20.8700,20.8600,20.8500,20.8400,20.9000,21.0000,21.0100,21.0300,21.0400,105,1,120,60,28,122,45,23,108,20
SZ,002341,2017-01-03 09:57:18,20.9000,1,10450.0000,5,B,20.8900,20.8700,20.8600,20.8500,20.8400,20.9000,21.0000,21.0100,21.0300,21.0400,105,1,120,60,28,117,45,23,108,20
SZ,002341,2017-01-03 09:57:21,20.9000,2,261250.0000,125,B,20.8900,20.8700,20.8600,20.8500,20.8400,20.9000,21.0000,21.0100,21.0300,21.0400,105,33,120,60,28,335,45,23,108,20
SZ,002341,2017-01-03 09:57:24,20.9000,3,163020.0000,78,B,20.8900,20.8700,20.8600,20.8500,20.8400,20.9000,21.0000,21.0100,21.0300,21.0400,105,33,120,60,28,257,45,23,108,20
SZ,002341,2017-01-03 09:57:27,20.9000,3,196374.0000,94,B,20.8900,20.8700,20.8600,20.8500,20.8400,20.9000,21.0000,21.0100,21.0300,21.0400,19,34,120,60,28,249,45,23,108,20
SZ,002341,2017-01-03 09:57:30,20.9000,1,2090.0000,1,B,20.8900,20.8700,20.8600,20.8500,20.8400,20.9000,20.9500,21.0000,21.0100,21.0300,20,34,120,60,28,248,40,45,23,108
SZ,002341,2017-01-03 09:57:33,20.9000,2,16714.0000,8,B,20.8900,20.8800,20.8700,20.8600,20.8500,20.9000,20.9500,21.0000,21.0100,21.0300,14,6,70,120,60,246,40,45,23,108
SZ,002341,2017-01-03 09:57:48,20.8900,3,20890.0000,10,S,20.8900,20.8800,20.8700,20.8600,20.8500,20.9000,20.9500,21.0000,21.0100,21.0300,12,8,77,120,60,246,40,45,23,108
SZ,002341,2017-01-03 09:57:51,20.9000,1,12540.0000,6,B,20.8900,20.8800,20.8700,20.8600,20.8500,20.9000,20.9500,21.0000,21.0100,21.0300,12,8,77,120,60,240,40,45,23,108
SZ,002341,2017-01-03 09:57:54,20.8900,2,4178.0000,2,S,20.8900,20.8800,20.8700,20.8600,20.8500,20.9000,20.9500,21.0000,21.0100,21.0300,10,52,77,120,60,240,40,45,23,108
SZ,002341,2017-01-03 09:57:57,20.8500,28,665585.0000,319,S,20.8300,20.8200,20.8100,20.8000,20.7900,20.8500,20.9000,20.9500,21.0000,21.0100,1,42,88,145,412,22,240,40,45,23
SZ,002341,2017-01-03 09:58:00,20.8500,2,22935.0000,11,B,20.8300,20.8200,20.8100,20.8000,20.7900,20.8500,20.9000,20.9500,21.0000,21.0100,1,42,88,145,412,11,240,40,45,23
SZ,002341,2017-01-03 09:58:03,20.8500,1,22935.0000,11,B,20.8800,20.8300,20.8200,20.8100,20.8000,20.9000,20.9500,21.0000,21.0100,21.0300,13,1,42,88,145,240,40,45,23,108
SZ,002341,2017-01-03 09:58:06,20.8300,2,29227.0000,14,S,20.8200,20.8100,20.8000,20.7900,20.7800,20.8300,20.8900,20.9000,20.9500,21.0000,42,88,145,412,5,32,6,240,40,45
SZ,002341,2017-01-03 09:58:12,20.9000,4,580790.0000,278,B,20.9000,20.8200,20.8100,20.8000,20.7900,20.9500,21.0000,21.0100,21.0200,21.0300,72,42,88,150,412,40,45,23,7,108
SZ,002341,2017-01-03 09:58:15,20.8300,2,152563.0000,73,S,20.8300,20.8200,20.8100,20.8000,20.7900,20.9500,21.0000,21.0100,21.0200,21.0300,29,42,105,150,412,40,45,23,7,108
SZ,002341,2017-01-03 09:58:21,20.8200,6,135369.0000,65,S,20.8200,20.8100,20.8000,20.7900,20.7800,20.9500,21.0000,21.0100,21.0200,21.0300,90,105,150,412,5,40,45,23,7,108
SZ,002341,2017-01-03 09:58:24,20.8200,1,2082.0000,1,S,20.8200,20.8100,20.8000,20.7900,20.7800,20.9500,21.0000,21.0100,21.0200,21.0300,89,105,150,412,5,50,45,23,7,108
SZ,002341,2017-01-03 09:58:33,20.8400,3,20857.0000,10,S,20.8400,20.8300,20.8200,20.8100,20.8000,20.9500,21.0000,21.0100,21.0200,21.0300,8,3,197,88,205,50,45,23,7,108
SZ,002341,2017-01-03 09:59:03,20.9400,1,4188.0000,2,B,20.9000,20.8500,20.8400,20.8300,20.8200,20.9400,20.9500,21.0000,21.0100,21.0200,3,5,22,123,212,74,50,15,23,7
SZ,002341,2017-01-03 09:59:18,20.9400,1,4188.0000,2,B,20.9000,20.8400,20.8300,20.8200,20.8100,20.9400,20.9500,21.0000,21.0100,21.0200,8,22,131,141,88,72,50,5,23,27
SZ,002341,2017-01-03 09:59:24,20.9400,5,157038.0000,75,B,20.9400,20.9000,20.8400,20.8300,20.8200,20.9500,21.0000,21.0100,21.0200,21.0300,137,13,22,131,117,50,5,23,27,108
SZ,002341,2017-01-03 09:59:33,20.9400,1,20940.0000,10,S,20.9400,20.9000,20.8500,20.8400,20.8300,20.9500,21.0000,21.0100,21.0200,21.0300,127,13,12,74,119,10,5,23,27,108
SZ,002341,2017-01-03 09:59:36,20.9400,1,20940.0000,10,S,20.9400,20.9000,20.8500,20.8400,20.8300,20.9500,21.0000,21.0100,21.0200,21.0300,117,13,12,84,119,10,15,23,27,108
SZ,002341,2017-01-03 09:59:39,20.9500,3,27232.0000,13,B,20.9500,20.9400,20.9000,20.8500,20.8400,21.0000,21.0100,21.0200,21.0300,21.0400,3,114,13,12,86,15,23,27,108,20
SZ,002341,2017-01-03 09:59:57,20.9500,2,16770.0000,8,S,20.9400,20.9000,20.8500,20.8400,20.8300,20.9500,21.0000,21.0100,21.0200,21.0300,114,15,12,89,126,24,15,23,32,108
SZ,002341,2017-01-03 10:00:03,20.9500,1,2095.0000,1,B,20.9400,20.9000,20.8500,20.8400,20.8300,20.9500,21.0000,21.0100,21.0200,21.0300,114,15,12,89,126,23,15,23,32,108
SZ,002341,2017-01-03 10:00:21,20.9500,1,16760.0000,8,B,20.9400,20.9000,20.8500,20.8400,20.8300,20.9500,21.0000,21.0100,21.0200,21.0300,114,15,12,124,126,51,15,23,32,108
SZ,002341,2017-01-03 10:00:42,20.9400,1,20940.0000,10,S,20.9400,20.9000,20.8500,20.8400,20.8300,20.9500,21.0000,21.0100,21.0200,21.0300,104,15,12,124,126,59,15,23,32,113
SZ,002341,2017-01-03 10:00:48,20.9400,1,2094.0000,1,S,20.9400,20.9000,20.8500,20.8400,20.8300,20.9500,21.0000,21.0100,21.0200,21.0300,103,15,12,124,126,59,15,23,32,113
SZ,002341,2017-01-03 10:00:57,20.9500,1,4190.0000,2,B,20.9400,20.9000,20.8500,20.8400,20.8300,20.9500,21.0000,21.0100,21.0200,21.0300,103,15,14,124,126,57,5,23,32,113
SZ,002341,2017-01-03 10:01:06,20.9400,1,8376.0000,4,S,20.9400,20.9000,20.8500,20.8400,20.8300,20.9500,21.0000,21.0100,21.0200,21.0300,109,15,14,124,126,57,5,23,32,113
SZ,002341,2017-01-03 10:01:12,20.9400,3,83790.0000,40,S,20.9400,20.9000,20.8500,20.8400,20.8300,20.9500,21.0000,21.0100,21.0200,21.0300,99,15,14,124,136,27,5,23,32,113
SZ,002341,2017-01-03 10:01:15,20.9400,1,2094.0000,1,S,20.9400,20.9000,20.8500,20.8400,20.8300,20.9500,21.0000,21.0100,21.0200,21.0300,98,15,14,124,136,27,5,23,32,113
SZ,002341,2017-01-03 10:01:27,20.9400,1,20940.0000,10,S,20.9400,20.9000,20.8800,20.8500,20.8400,20.9500,21.0000,21.0100,21.0200,21.0300,88,15,10,14,124,27,5,23,32,113
SZ,002341,2017-01-03 10:01:30,20.9500,3,56565.0000,27,B,20.9500,20.9400,20.9000,20.8800,20.8500,21.0000,21.0100,21.0200,21.0300,21.0400,23,114,10,10,14,5,23,32,113,20
SZ,002341,2017-01-03 10:01:42,20.9500,1,8380.0000,4,S,20.9500,20.9400,20.9000,20.8800,20.8700,21.0000,21.0100,21.0200,21.0300,21.0400,19,114,15,10,5,5,23,42,113,20
SZ,002341,2017-01-03 10:02:15,20.9500,1,16760.0000,8,S,20.9500,20.9400,20.9000,20.8800,20.8700,21.0000,21.0100,21.0200,21.0300,21.0400,28,88,23,10,5,10,23,42,113,20
SZ,002341,2017-01-03 10:02:18,20.9500,1,2095.0000,1,S,20.9500,20.9400,20.9000,20.8800,20.8700,21.0000,21.0100,21.0200,21.0300,21.0400,27,88,23,10,5,10,48,42,113,20
SZ,002341,2017-01-03 10:02:21,21.0000,3,42000.0000,20,B,21.0000,20.9500,20.9400,20.9000,20.8800,21.0100,21.0200,21.0300,21.0400,21.0500,6,68,88,23,10,48,42,113,20,50
SZ,002341,2017-01-03 10:02:27,21.0000,1,12600.0000,6,S,20.9500,20.9400,20.9000,20.8800,20.8700,21.0000,21.0100,21.0200,21.0300,21.0400,68,88,20,10,5,4,48,42,113,20
SZ,002341,2017-01-03 10:02:45,20.8500,21,995738.0000,475,S,20.8400,20.8300,20.8200,20.8100,20.8000,20.8500,21.0100,21.0200,21.0300,21.0500,132,136,280,98,222,79,48,42,113,50
SZ,002341,2017-01-03 10:02:51,20.8500,1,62548.0000,30,B,20.8400,20.8300,20.8200,20.8100,20.8000,20.8500,21.0000,21.0100,21.0200,21.0300,132,136,230,98,222,49,50,48,42,113
SZ,002341,2017-01-03 10:02:57,20.8500,2,16680.0000,8,B,20.8400,20.8300,20.8200,20.8100,20.8000,20.8500,21.0000,21.0100,21.0200,21.0300,132,136,230,98,225,41,50,48,42,113
SZ,002341,2017-01-03 10:03:00,20.8500,3,85486.0000,41,B,20.8500,20.8400,20.8300,20.8200,20.8100,21.0000,21.0100,21.0200,21.0300,21.0500,49,132,136,230,98,70,48,42,113,50
SZ,002341,2017-01-03 10:03:15,21.0000,1,10500.0000,5,B,20.8600,20.8500,20.8400,20.8300,20.8200,21.0000,21.0100,21.0200,21.0300,21.0500,10,115,122,136,230,75,48,42,35,50
SZ,002341,2017-01-03 10:03:30,20.8000,71,1832706.0000,880,S,20.8000,20.7900,20.7800,20.7500,20.7400,20.9800,20.9900,21.0000,21.0100,21.0200,81,412,35,16,1,27,108,190,48,42
SZ,002341,2017-01-03 10:03:36,20.8000,14,168480.0000,81,S,20.7900,20.7800,20.7500,20.7400,20.7300,20.8000,20.9800,20.9900,21.0000,21.0100,412,35,16,1,6,703,27,30,190,48
SZ,002341,2017-01-03 10:03:39,20.8000,2,54080.0000,26,B,20.7900,20.7800,20.7500,20.7400,20.7300,20.8000,20.9800,20.9900,21.0000,21.0100,412,35,26,1,6,677,27,40,190,48
SZ,002341,2017-01-03 10:03:42,20.8000,3,18720.0000,9,B,20.7900,20.7800,20.7500,20.7400,20.7300,20.8000,20.9700,20.9800,20.9900,21.0000,412,35,26,1,6,668,127,27,40,190
SZ,002341,2017-01-03 10:03:45,20.8000,3,43680.0000,21,B,20.7900,20.7800,20.7500,20.7400,20.7300,20.8000,20.9700,20.9800,20.9900,21.0000,412,35,26,1,6,647,127,27,40,195
SZ,002341,2017-01-03 10:03:48,20.8000,1,4160.0000,2,B,20.7900,20.7800,20.7600,20.7500,20.7400,20.8000,20.9700,20.9800,20.9900,21.0000,412,35,1,26,1,645,127,27,40,195
SZ,002341,2017-01-03 10:03:51,20.8000,3,72800.0000,35,B,20.7900,20.7800,20.7600,20.7500,20.7400,20.8000,20.9500,20.9700,20.9800,20.9900,423,35,1,26,1,610,30,127,27,40
SZ,002341,2017-01-03 10:03:54,20.7900,2,16636.0000,8,S,20.7900,20.7800,20.7600,20.7500,20.7400,20.8000,20.9500,20.9700,20.9800,20.9900,418,97,1,26,1,607,30,127,27,40
SZ,002341,2017-01-03 10:03:57,20.8000,6,62390.0000,30,B,20.7900,20.7800,20.7600,20.7500,20.7400,20.8000,20.9500,20.9700,20.9800,20.9900,408,97,1,26,1,587,30,127,27,40
SZ,002341,2017-01-03 10:04:03,20.8000,1,10400.0000,5,B,20.7900,20.7800,20.7600,20.7500,20.7400,20.8000,20.9500,20.9700,20.9800,20.9900,410,97,1,26,1,582,30,127,27,10
SZ,002341,2017-01-03 10:04:06,20.8000,2,41600.0000,20,B,20.7900,20.7800,20.7600,20.7500,20.7400,20.8000,20.9500,20.9700,20.9800,20.9900,440,97,1,26,1,562,30,127,27,10
SZ,002341,2017-01-03 10:04:09,20.8000,2,31200.0000,15,B,20.7900,20.7800,20.7600,20.7500,20.7400,20.8000,20.9500,20.9700,20.9800,20.9900,440,97,1,26,1,547,60,127,27,10
SZ,002341,2017-01-03 10:04:15,20.8000,3,31200.0000,15,B,20.7900,20.7800,20.7600,20.7500,20.7400,20.8000,20.9000,20.9500,20.9700,20.9800,433,97,1,26,1,532,40,60,142,27
SZ,002341,2017-01-03 10:04:18,20.8000,3,52000.0000,25,B,20.7900,20.7800,20.7600,20.7500,20.7400,20.8000,20.8800,20.9000,20.9500,20.9700,433,97,1,31,1,507,1,40,60,142
SZ,002341,2017-01-03 10:04:24,20.8000,4,54072.0000,26,B,20.7900,20.7800,20.7600,20.7500,20.7400,20.8000,20.8800,20.9000,20.9500,20.9700,425,97,1,31,1,489,1,40,60,142
SZ,002341,2017-01-03 10:04:27,20.8000,1,20800.0000,10,B,20.7900,20.7800,20.7600,20.7500,20.7400,20.8000,20.8800,20.9000,20.9500,20.9700,425,97,1,31,1,479,1,40,60,142
SZ,002341,2017-01-03 10:04:30,20.7900,4,43674.0000,21,S,20.7900,20.7800,20.7600,20.7500,20.7400,20.8000,20.8800,20.9000,20.9500,20.9700,419,97,101,31,1,464,1,40,60,142
SZ,002341,2017-01-03 10:04:33,20.8000,3,172640.0000,83,B,20.7900,20.7800,20.7600,20.7500,20.7400,20.8000,20.8800,20.9000,20.9500,20.9700,419,97,101,31,1,381,1,40,60,142
SZ,002341,2017-01-03 10:04:39,20.8000,2,31196.0000,15,B,20.7900,20.7800,20.7600,20.7500,20.7400,20.8000,20.8800,20.9000,20.9500,20.9700,427,117,101,31,1,371,1,40,60,142
SZ,002341,2017-01-03 10:04:42,20.8000,1,20800.0000,10,B,20.7900,20.7800,20.7600,20.7500,20.7400,20.8000,20.8800,20.9000,20.9500,20.9700,427,117,101,31,1,361,1,40,60,142
SZ,002341,2017-01-03 10:04:45,20.8000,2,14560.0000,7,B,20.7900,20.7800,20.7600,20.7500,20.7400,20.8000,20.8800,20.9000,20.9500,20.9700,427,117,101,31,1,354,1,40,60,142
SZ,002341,2017-01-03 10:04:48,20.7900,2,31194.0000,15,S,20.7900,20.7800,20.7600,20.7500,20.7400,20.8000,20.8800,20.9000,20.9500,20.9700,422,117,101,31,1,344,1,40,60,142
SZ,002341,2017-01-03 10:05:03,20.7900,2,43658.0000,21,S,20.7900,20.7800,20.7700,20.7600,20.7500,20.8000,20.8800,20.9000,20.9500,20.9700,423,117,1,101,31,680,1,40,60,142
SZ,002341,2017-01-03 10:05:06,20.8000,3,12478.0000,6,B,20.7900,20.7800,20.7700,20.7600,20.7500,20.8000,20.8800,20.9000,20.9500,20.9700,420,117,1,101,31,677,1,40,60,142
SZ,002341,2017-01-03 10:05:09,20.7900,2,29106.0000,14,S,20.7900,20.7800,20.7700,20.7600,20.7500,20.8000,20.8800,20.9000,20.9500,20.9700,475,117,1,101,31,677,1,40,60,142
SZ,002341,2017-01-03 10:05:12,20.8000,1,24960.0000,12,B,20.7900,20.7800,20.7700,20.7600,20.7500,20.8000,20.8800,20.9000,20.9500,20.9600,500,117,1,101,31,665,1,40,60,10
SZ,002341,2017-01-03 10:05:18,20.8000,2,24960.0000,12,B,20.7900,20.7800,20.7700,20.7600,20.7500,20.8000,20.8800,20.9000,20.9500,20.9600,500,117,1,101,41,653,1,40,60,10
SZ,002341,2017-01-03 10:05:21,20.8000,1,10400.0000,5,B,20.7900,20.7800,20.7700,20.7600,20.7500,20.8000,20.8800,20.9000,20.9500,20.9600,500,117,1,101,41,648,1,40,60,10
SZ,002341,2017-01-03 10:05:24,20.8000,1,104000.0000,50,B,20.7900,20.7800,20.7700,20.7600,20.7500,20.8000,20.8800,20.9000,20.9500,20.9600,500,117,1,101,41,598,1,40,60,10
SZ,002341,2017-01-03 10:05:27,20.7900,3,54080.0000,26,S,20.7900,20.7800,20.7700,20.7600,20.7500,20.8000,20.8800,20.9000,20.9500,20.9600,499,117,4,101,41,573,1,40,60,10
SZ,002341,2017-01-03 10:05:30,20.7900,5,214156.0000,103,S,20.7900,20.7800,20.7700,20.7600,20.7500,20.8000,20.8800,20.9000,20.9500,20.9600,411,117,4,101,41,553,1,40,60,10
SZ,002341,2017-01-03 10:05:33,20.8000,1,6240.0000,3,B,20.7900,20.7800,20.7700,20.7600,20.7500,20.8000,20.8800,20.9000,20.9500,20.9600,411,117,4,101,41,550,1,40,60,10
SZ,002341,2017-01-03 10:05:36,20.7900,2,91476.0000,44,S,20.7900,20.7800,20.7700,20.7600,20.7500,20.8000,20.8800,20.9000,20.9500,20.9600,367,117,4,101,43,550,1,40,60,10
SZ,002341,2017-01-03 10:05:39,20.8000,1,20800.0000,10,B,20.7900,20.7800,20.7700,20.7600,20.7500,20.8000,20.8800,20.9000,20.9500,20.9600,379,117,4,101,43,540,1,40,60,10
SZ,002341,2017-01-03 10:05:42,20.7900,1,58212.0000,28,S,20.7900,20.7800,20.7700,20.7600,20.7500,20.8000,20.8800,20.9000,20.9500,20.9600,351,117,4,101,43,540,1,40,60,10
SZ,002341,2017-01-03 10:05:45,20.8000,2,12480.0000,6,B,20.7900,20.7800,20.7700,20.7600,20.7500,20.8000,20.8800,20.9000,20.9500,20.9600,351,117,4,101,43,534,1,40,60,10
SZ,002341,2017-01-03 10:05:48,20.7900,3,838236.0000,403,S,20.7900,20.7800,20.7700,20.7600,20.7500,20.8000,20.8800,20.9000,20.9500,20.9600,346,117,9,101,43,136,1,40,60,10
SZ,002341,2017-01-03 10:05:51,20.8000,1,16640.0000,8,B,20.7900,20.7800,20.7700,20.7600,20.7500,20.8000,20.8800,20.9000,20.9500,20.9600,346,119,16,101,43,458,1,40,60,10
SZ,002341,2017-01-03 10:05:54,20.8000,4,126880.0000,61,B,20.7900,20.7800,20.7700,20.7600,20.7500,20.8000,20.8800,20.9000,20.9500,20.9600,346,119,26,101,43,397,1,40,60,10
SZ,002341,2017-01-03 10:05:57,20.8000,3,35360.0000,17,B,20.7900,20.7800,20.7700,20.7600,20.7500,20.8000,20.8800,20.9000,20.9500,20.9600,351,119,26,101,43,380,1,40,60,10
SZ,002341,2017-01-03 10:06:00,20.8000,2,45760.0000,22,B,20.7900,20.7800,20.7700,20.7600,20.7500,20.8000,20.8800,20.9000,20.9500,20.9600,351,119,26,101,43,358,1,40,60,10
SZ,002341,2017-01-03 10:06:03,20.8000,3,62400.0000,30,B,20.7900,20.7800,20.7700,20.7600,20.7500,20.8000,20.8800,20.9000,20.9500,20.9600,355,119,26,101,43,328,1,40,60,10
SZ,002341,2017-01-03 10:06:06,20.8000,1,6240.0000,3,B,20.7900,20.7800,20.7700,20.7600,20.7500,20.8000,20.8800,20.9000,20.9500,20.9600,355,119,26,101,43,325,1,40,60,10
SZ,002341,2017-01-03 10:06:09,20.8000,2,41600.0000,20,B,20.7900,20.7800,20.7700,20.7600,20.7500,20.8000,20.8800,20.9000,20.9500,20.9600,355,119,26,101,43,305,1,40,60,10
SZ,002341,2017-01-03 10:06:12,20.8000,1,18720.0000,9,B,20.7900,20.7800,20.7700,20.7600,20.7500,20.8000,20.8800,20.9000,20.9500,20.9600,415,119,26,101,43,296,1,40,60,10
SZ,002341,2017-01-03 10:06:15,20.8000,2,12480.0000,6,B,20.7900,20.7800,20.7700,20.7600,20.7500,20.8000,20.8300,20.8800,20.9000,20.9500,415,119,26,101,43,290,2,1,40,60
SZ,002341,2017-01-03 10:06:18,20.8000,3,87360.0000,42,B,20.7900,20.7800,20.7700,20.7600,20.7500,20.8000,20.8300,20.8800,20.9000,20.9500,415,119,26,101,43,248,2,1,40,60
SZ,002341,2017-01-03 10:06:21,20.8000,3,35360.0000,17,B,20.7900,20.7800,20.7700,20.7600,20.7500,20.8000,20.8300,20.8800,20.9000,20.9500,426,119,27,101,43,231,2,1,40,60
SZ,002341,2017-01-03 10:06:27,20.8000,4,37440.0000,18,B,20.7900,20.7800,20.7700,20.7600,20.7500,20.8000,20.8300,20.8800,20.9000,20.9500,426,119,47,101,43,213,2,1,40,60
SZ,002341,2017-01-03 10:06:30,20.8000,1,29120.0000,14,B,20.7900,20.7800,20.7700,20.7600,20.7500,20.8000,20.8300,20.8800,20.9000,20.9500,436,119,47,101,43,199,2,1,40,60
SZ,002341,2017-01-03 10:06:33,20.8000,4,191360.0000,92,B,20.7900,20.7800,20.7700,20.7600,20.7500,20.8000,20.8300,20.8800,20.9000,20.9500,436,119,47,101,43,107,2,1,40,60
SZ,002341,2017-01-03 10:06:36,20.8000,4,222560.0000,107,B,20.8000,20.7900,20.7800,20.7700,20.7600,20.8300,20.8800,20.9000,20.9500,20.9600,2,436,119,47,101,2,1,40,60,10
SZ,002341,2017-01-03 10:06:45,20.8300,1,4164.0000,2,B,20.8300,20.8000,20.7900,20.7800,20.7700,20.8800,20.9000,20.9500,20.9600,20.9700,5,117,456,99,47,1,43,60,10,142
SZ,002341,2017-01-03 10:06:51,20.8000,7,214256.0000,103,S,20.8100,20.8000,20.7900,20.7800,20.7700,20.8800,20.9000,20.9500,20.9600,20.9700,23,59,456,99,47,1,43,60,10,142
SZ,002341,2017-01-03 10:06:57,20.8800,2,6254.0000,3,B,20.8300,20.8100,20.8000,20.7900,20.7800,20.9000,20.9500,20.9600,20.9700,20.9800,201,24,74,452,99,46,60,10,142,29
SZ,002341,2017-01-03 10:07:00,20.8300,3,141774.0000,68,S,20.8300,20.8100,20.8000,20.7900,20.7800,20.9000,20.9500,20.9600,20.9700,20.9800,137,24,74,452,96,46,60,10,142,29
SZ,002341,2017-01-03 10:07:03,20.9000,3,96140.0000,46,B,20.9000,20.8300,20.8100,20.8000,20.7900,20.9500,20.9600,20.9700,20.9800,20.9900,85,137,24,74,452,60,10,142,29,10
SZ,002341,2017-01-03 10:07:06,20.9000,1,20900.0000,10,S,20.9000,20.8400,20.8300,20.8100,20.8000,20.9500,20.9600,20.9700,20.9800,20.9900,75,5,137,24,74,60,10,142,29,10
SZ,002341,2017-01-03 10:07:15,20.9400,2,10454.0000,5,B,20.9000,20.8400,20.8300,20.8100,20.8000,20.9400,20.9500,20.9600,20.9700,20.9800,75,5,137,24,130,3,60,10,142,29
SZ,002341,2017-01-03 10:07:21,20.9500,2,20946.0000,10,B,20.9000,20.8400,20.8300,20.8100,20.8000,20.9500,20.9600,20.9700,20.9800,20.9900,75,10,137,24,130,53,10,142,29,10
SZ,002341,2017-01-03 10:07:24,20.9000,1,66880.0000,32,S,20.9000,20.8400,20.8300,20.8100,20.8000,20.9400,20.9500,20.9600,20.9700,20.9800,58,10,137,24,130,32,53,10,142,29
SZ,002341,2017-01-03 10:07:36,20.9000,3,121220.0000,58,S,20.8400,20.8300,20.8100,20.8000,20.7900,20.9000,20.9300,20.9400,20.9500,20.9600,16,137,24,130,468,77,20,32,53,10
SZ,002341,2017-01-03 10:07:45,20.8000,18,720058.0000,346,S,20.7900,20.7800,20.7700,20.7600,20.7500,20.8000,20.9000,20.9300,20.9400,20.9500,454,99,47,101,49,558,77,20,32,53
SZ,002341,2017-01-03 10:07:54,20.8000,1,41600.0000,20,B,20.7900,20.7800,20.7700,20.7600,20.7500,20.8000,20.9000,20.9300,20.9400,20.9500,454,99,47,101,49,538,77,20,32,50
SZ,002341,2017-01-03 10:07:57,20.8000,2,478400.0000,230,B,20.7900,20.7800,20.7700,20.7600,20.7500,20.8000,20.9000,20.9300,20.9400,20.9500,454,99,47,101,49,308,77,20,32,50
SZ,002341,2017-01-03 10:08:03,20.8000,2,22880.0000,11,B,20.7900,20.7800,20.7700,20.7600,20.7500,20.8000,20.9000,20.9300,20.9400,20.9500,454,99,47,101,52,297,35,20,32,50
SZ,002341,2017-01-03 10:08:06,20.8000,3,14560.0000,7,B,20.7900,20.7800,20.7700,20.7600,20.7500,20.8000,20.9000,20.9300,20.9400,20.9500,454,99,47,101,52,290,35,20,32,50
SZ,002341,2017-01-03 10:08:09,20.8000,2,29120.0000,14,B,20.7900,20.7800,20.7700,20.7600,20.7500,20.8000,20.9000,20.9300,20.9400,20.9500,454,99,47,101,52,280,35,20,32,55
SZ,002341,2017-01-03 10:08:12,20.8000,5,66560.0000,32,B,20.7900,20.7800,20.7700,20.7600,20.7500,20.8000,20.9000,20.9300,20.9400,20.9500,454,99,47,101,52,248,35,20,32,55
SZ,002341,2017-01-03 10:08:15,20.8000,2,24960.0000,12,B,20.7900,20.7800,20.7700,20.7600,20.7500,20.8000,20.9000,20.9300,20.9400,20.9500,454,99,47,101,52,236,35,20,32,55
SZ,002341,2017-01-03 10:08:18,20.8000,2,83200.0000,40,B,20.7900,20.7800,20.7700,20.7600,20.7500,20.8000,20.8300,20.9000,20.9300,20.9400,454,99,47,101,52,196,1,35,20,32
SZ,002341,2017-01-03 10:08:21,20.8000,2,407804.0000,196,B,20.8000,20.7900,20.7800,20.7700,20.7600,20.8300,20.9000,20.9300,20.9400,20.9500,306,455,99,47,101,1,35,20,32,55
SZ,002341,2017-01-03 10:08:48,20.8000,5,728418.0000,350,S,20.8000,20.7900,20.7800,20.7700,20.7600,20.8300,20.9000,20.9300,20.9400,20.9500,106,386,37,94,101,1,5,20,32,75
SZ,002341,2017-01-03 10:08:54,20.8200,1,4164.0000,2,S,20.8200,20.8000,20.7900,20.7800,20.7700,20.8300,20.9000,20.9300,20.9400,20.9500,18,118,386,37,94,1,5,20,32,75
SZ,002341,2017-01-03 10:08:57,20.8000,14,415558.0000,200,S,20.7900,20.7800,20.7700,20.7600,20.7500,20.8000,20.8300,20.9000,20.9300,20.9400,386,37,94,101,55,0,1,5,20,32
SZ,002341,2017-01-03 10:09:03,20.8300,2,2082.0000,1,B,20.8000,20.7900,20.7800,20.7700,20.7600,20.8300,20.9000,20.9300,20.9400,20.9500,35,386,37,87,101,0,5,20,32,75
SZ,002341,2017-01-03 10:09:51,20.8300,2,4644.0000,2,B,20.8300,20.8200,20.8100,20.8000,20.7900,20.9000,20.9300,20.9400,20.9500,20.9600,42,1,40,140,386,47,20,32,75,30
SZ,002341,2017-01-03 10:10:03,20.9000,1,6272.0000,3,B,20.8400,20.8300,20.8200,20.8100,20.8000,20.9000,20.9300,20.9400,20.9500,20.9600,10,58,1,45,145,44,20,32,82,30
SZ,002341,2017-01-03 10:10:06,20.8300,2,35420.0000,17,S,20.8300,20.8200,20.8100,20.8000,20.7900,20.9000,20.9300,20.9400,20.9500,20.9600,51,1,46,145,384,44,20,32,82,30
SZ,002341,2017-01-03 10:10:21,20.8300,1,2084.0000,1,S,20.8300,20.8200,20.8100,20.8000,20.7900,20.8900,20.9000,20.9300,20.9400,20.9500,56,1,69,166,384,1,44,20,32,82
SZ,002341,2017-01-03 10:10:30,20.8300,1,4164.0000,2,S,20.8300,20.8200,20.8100,20.8000,20.7900,20.8900,20.9000,20.9300,20.9400,20.9500,118,1,69,171,384,1,44,20,32,82
SZ,002341,2017-01-03 10:10:39,20.8900,3,16712.0000,8,B,20.8900,20.8400,20.8300,20.8200,20.8100,20.9000,20.9300,20.9400,20.9500,20.9600,42,5,118,1,79,44,20,32,82,30
SZ,002341,2017-01-03 10:10:42,20.8900,1,20892.0000,10,S,20.8900,20.8400,20.8300,20.8200,20.8100,20.9000,20.9300,20.9400,20.9500,20.9600,32,5,118,1,79,44,20,32,82,30
SZ,002341,2017-01-03 10:10:57,20.8900,1,4176.0000,2,S,20.8900,20.8400,20.8300,20.8200,20.8100,20.9000,20.9300,20.9400,20.9500,20.9600,30,65,118,1,84,44,20,32,82,20
SZ,002341,2017-01-03 10:11:06,20.8900,1,2090.0000,1,S,20.8900,20.8400,20.8300,20.8200,20.8100,20.9000,20.9300,20.9400,20.9500,20.9600,29,65,118,1,84,53,20,32,82,20
SZ,002341,2017-01-03 10:11:12,20.8900,1,4178.0000,2,S,20.8900,20.8400,20.8300,20.8200,20.8100,20.9000,20.9300,20.9400,20.9500,20.9600,27,65,118,1,84,53,20,32,82,20
SZ,002341,2017-01-03 10:11:15,20.9000,3,104500.0000,50,B,20.8900,20.8400,20.8300,20.8200,20.8100,20.9000,20.9300,20.9400,20.9500,20.9600,27,65,118,1,84,3,20,32,82,20
SZ,002341,2017-01-03 10:11:21,20.9000,1,6270.0000,3,B,20.9000,20.8900,20.8400,20.8300,20.8200,20.9300,20.9400,20.9500,20.9600,20.9700,35,27,65,118,5,20,32,82,20,142
SZ,002341,2017-01-03 10:11:33,20.9300,1,41860.0000,20,B,20.9100,20.9000,20.8900,20.8400,20.8300,20.9400,20.9500,20.9600,20.9700,20.9800,20,30,27,60,118,32,82,20,142,29
SZ,002341,2017-01-03 10:11:51,20.9300,2,16744.0000,8,B,20.9100,20.9000,20.8900,20.8800,20.8400,20.9300,20.9400,20.9500,20.9600,20.9700,20,30,27,16,60,45,32,82,20,142
SZ,002341,2017-01-03 10:11:54,20.9300,2,39766.0000,19,B,20.9100,20.9000,20.8900,20.8800,20.8400,20.9300,20.9400,20.9500,20.9600,20.9700,20,30,27,16,60,26,32,82,20,142
SZ,002341,2017-01-03 10:12:21,20.9100,1,39730.0000,19,S,20.9100,20.9000,20.8900,20.8800,20.8400,20.9200,20.9300,20.9400,20.9500,20.9600,35,30,27,16,60,30,55,32,82,20
SZ,002341,2017-01-03 10:12:42,20.9100,3,39730.0000,19,S,20.9100,20.9000,20.8900,20.8800,20.8400,20.9200,20.9300,20.9500,20.9600,20.9700,16,40,27,16,60,37,52,82,20,142
SZ,002341,2017-01-03 10:12:51,20.9100,1,33456.0000,16,S,20.9000,20.8900,20.8800,20.8400,20.8300,20.9100,20.9200,20.9300,20.9500,20.9600,40,27,16,60,103,61,37,52,82,20
SZ,002341,2017-01-03 10:12:54,20.9000,2,6268.0000,3,S,20.9000,20.8900,20.8800,20.8400,20.8300,20.9100,20.9200,20.9300,20.9500,20.9600,37,27,16,60,103,61,40,52,82,20
SZ,002341,2017-01-03 10:12:57,20.9100,1,8364.0000,4,B,20.9000,20.8900,20.8800,20.8400,20.8300,20.9100,20.9200,20.9300,20.9500,20.9600,37,27,16,60,103,57,10,52,82,20
SZ,002341,2017-01-03 10:13:06,20.9000,3,77332.0000,37,S,20.8900,20.8800,20.8400,20.8300,20.8200,20.9000,20.9100,20.9200,20.9300,20.9500,27,16,65,108,8,16,57,10,52,82
SZ,002341,2017-01-03 10:13:15,20.9000,3,25076.0000,12,B,20.8900,20.8800,20.8400,20.8300,20.8200,20.9000,20.9100,20.9200,20.9300,20.9500,23,16,65,108,8,8,63,7,52,82
SZ,002341,2017-01-03 10:13:18,20.8900,2,50136.0000,24,S,20.8800,20.8400,20.8300,20.8200,20.8100,20.8900,20.9000,20.9100,20.9200,20.9300,16,65,108,8,93,20,53,63,7,52
SZ,002341,2017-01-03 10:13:24,20.8800,1,33408.0000,16,S,20.8400,20.8300,20.8200,20.8100,20.8000,20.8800,20.8900,20.9000,20.9100,20.9200,65,108,8,93,190,87,23,53,63,7
SZ,002341,2017-01-03 10:13:33,20.8800,1,8352.0000,4,B,20.8400,20.8300,20.8200,20.8100,20.8000,20.8800,20.8900,20.9000,20.9100,20.9200,65,113,8,93,190,86,23,53,53,7
SZ,002341,2017-01-03 10:14:03,20.8400,2,104200.0000,50,S,20.8400,20.8300,20.8200,20.8100,20.8000,20.8500,20.8600,20.8700,20.8800,20.8900,16,114,15,98,193,3,3,3,3,23
SZ,002341,2017-01-03 10:14:06,20.8400,1,6252.0000,3,S,20.8400,20.8300,20.8200,20.8100,20.8000,20.8500,20.8600,20.8700,20.8800,20.8900,13,114,15,98,193,3,3,3,3,23
SZ,002341,2017-01-03 10:14:09,20.8300,8,166652.0000,80,S,20.8300,20.8200,20.8100,20.8000,20.7900,20.8500,20.8600,20.8700,20.8800,20.8900,47,15,98,193,387,3,3,3,3,23
SZ,002341,2017-01-03 10:14:18,20.8400,1,6252.0000,3,B,20.8400,20.8300,20.8200,20.8100,20.8000,20.8500,20.8600,20.8700,20.8800,20.8900,97,47,15,98,193,3,3,3,3,23
SZ,002341,2017-01-03 10:14:24,20.8400,2,12504.0000,6,S,20.8400,20.8300,20.8200,20.8100,20.8000,20.8500,20.8600,20.8700,20.8800,20.8900,91,47,15,98,198,3,3,3,3,23
SZ,002341,2017-01-03 10:14:27,20.8400,1,4168.0000,2,S,20.8400,20.8300,20.8200,20.8100,20.8000,20.8500,20.8600,20.8700,20.8800,20.8900,89,47,15,98,204,3,3,3,3,23
SZ,002341,2017-01-03 10:14:36,20.8500,2,12510.0000,6,B,20.8500,20.8400,20.8300,20.8200,20.8100,20.8600,20.8700,20.8800,20.8900,20.9000,26,91,47,15,98,3,3,3,23,48
SZ,002341,2017-01-03 10:14:45,20.8500,1,6254.0000,3,S,20.8500,20.8400,20.8300,20.8200,20.8100,20.8600,20.8700,20.8800,20.8900,20.9000,23,91,47,15,98,3,3,3,23,48
SZ,002341,2017-01-03 10:14:57,20.8500,2,10426.0000,5,S,20.8500,20.8400,20.8300,20.8200,20.8100,20.8600,20.8700,20.8800,20.8900,20.9000,23,89,47,15,98,3,3,3,23,48
SZ,002341,2017-01-03 10:15:03,20.8500,4,68806.0000,33,S,20.8400,20.8300,20.8200,20.8100,20.8000,20.8500,20.8600,20.8700,20.8800,20.8900,89,47,15,98,209,17,3,3,3,23
SZ,002341,2017-01-03 10:15:06,20.8500,1,6254.0000,3,B,20.8400,20.8300,20.8200,20.8100,20.8000,20.8500,20.8600,20.8700,20.8800,20.8900,89,47,15,98,209,17,3,3,3,23
SZ,002341,2017-01-03 10:15:15,20.8500,2,25018.0000,12,B,20.8400,20.8300,20.8200,20.8100,20.8000,20.8500,20.8600,20.8700,20.8800,20.8900,86,52,20,153,209,18,3,3,3,23
SZ,002341,2017-01-03 10:15:21,20.8500,2,14588.0000,7,B,20.8400,20.8300,20.8200,20.8100,20.8000,20.8500,20.8600,20.8700,20.8800,20.8900,81,52,22,153,209,16,3,3,3,23
SZ,002341,2017-01-03 10:15:24,20.8400,1,6252.0000,3,S,20.8400,20.8300,20.8200,20.8100,20.8000,20.8500,20.8600,20.8700,20.8800,20.8900,78,52,22,153,209,46,3,3,3,23
SZ,002341,2017-01-03 10:15:27,20.8400,1,4168.0000,2,S,20.8400,20.8300,20.8200,20.8100,20.8000,20.8500,20.8600,20.8700,20.8800,20.8900,76,52,22,153,209,46,3,3,3,23
SZ,002341,2017-01-03 10:15:30,20.8400,1,2084.0000,1,S,20.8400,20.8300,20.8200,20.8100,20.8000,20.8500,20.8600,20.8700,20.8800,20.8900,75,52,22,153,209,46,3,3,3,23
SZ,002341,2017-01-03 10:15:33,20.8500,6,104248.0000,50,B,20.8500,20.8400,20.8300,20.8200,20.8100,20.8600,20.8700,20.8800,20.8900,20.9000,24,71,52,22,153,3,3,3,23,48
SZ,002341,2017-01-03 10:15:36,20.8500,1,6254.0000,3,S,20.8500,20.8400,20.8300,20.8200,20.8100,20.8600,20.8700,20.8800,20.8900,20.9000,22,71,52,22,153,3,3,3,23,48
SZ,002341,2017-01-03 10:15:42,20.8500,1,4170.0000,2,S,20.8500,20.8400,20.8300,20.8200,20.8100,20.8600,20.8700,20.8800,20.8900,20.9000,20,71,52,22,153,3,3,3,23,48
SZ,002341,2017-01-03 10:15:45,20.8500,1,6256.0000,3,S,20.8500,20.8400,20.8300,20.8200,20.8100,20.8600,20.8700,20.8800,20.8900,20.9000,17,76,52,27,153,3,3,3,23,48
SZ,002341,2017-01-03 10:15:51,20.8600,1,6256.0000,3,B,20.8600,20.8500,20.8400,20.8300,20.8200,20.8700,20.8800,20.8900,20.9000,20.9100,2,17,76,52,27,3,3,23,48,47
SZ,002341,2017-01-03 10:15:54,20.8600,1,4172.0000,2,S,20.8500,20.8400,20.8300,20.8200,20.8100,20.8600,20.8700,20.8800,20.8900,20.9000,17,76,52,27,153,1,3,3,23,48
SZ,002341,2017-01-03 10:15:57,20.8500,1,4172.0000,2,S,20.8500,20.8400,20.8300,20.8200,20.8100,20.8600,20.8700,20.8800,20.8900,20.9000,24,76,52,27,153,59,3,3,23,48
SZ,002341,2017-01-03 10:16:00,20.8500,1,8340.0000,4,S,20.8500,20.8400,20.8300,20.8200,20.8100,20.8600,20.8700,20.8800,20.8900,20.9000,20,76,52,27,153,59,3,3,23,48
SZ,002341,2017-01-03 10:16:03,20.8600,2,123072.0000,59,B,20.8600,20.8500,20.8400,20.8300,20.8200,20.8700,20.8800,20.8900,20.9000,20.9100,128,20,76,52,27,3,3,23,48,47
SZ,002341,2017-01-03 10:16:06,20.8600,1,6260.0000,3,S,20.8600,20.8500,20.8400,20.8300,20.8200,20.8700,20.8800,20.8900,20.9000,20.9100,126,20,76,52,27,3,3,23,48,47
SZ,002341,2017-01-03 10:16:09,20.8700,1,2086.0000,1,B,20.8600,20.8500,20.8400,20.8300,20.8200,20.8700,20.8800,20.8900,20.9000,20.9100,126,20,76,52,27,2,3,23,48,47
SZ,002341,2017-01-03 10:16:12,20.8700,1,4174.0000,2,B,20.8700,20.8600,20.8500,20.8400,20.8300,20.8800,20.8900,20.9000,20.9100,20.9300,109,126,20,76,52,3,23,48,47,26
SZ,002341,2017-01-03 10:16:15,20.8700,2,10436.0000,5,S,20.8700,20.8600,20.8500,20.8400,20.8300,20.8800,20.8900,20.9000,20.9100,20.9300,104,126,32,76,52,3,23,48,47,26
SZ,002341,2017-01-03 10:16:21,20.8700,1,2086.0000,1,S,20.8700,20.8600,20.8500,20.8400,20.8300,20.8800,20.8900,20.9000,20.9100,20.9300,113,126,23,76,52,3,23,48,47,26
SZ,002341,2017-01-03 10:16:24,20.8700,1,6262.0000,3,S,20.8700,20.8600,20.8500,20.8400,20.8300,20.8800,20.8900,20.9000,20.9100,20.9300,112,126,23,76,54,3,23,48,47,26
SZ,002341,2017-01-03 10:16:27,20.8800,2,10440.0000,5,B,20.8800,20.8700,20.8600,20.8500,20.8400,20.8900,20.9000,20.9100,20.9300,20.9500,7,112,126,23,76,23,48,47,26,82
SZ,002341,2017-01-03 10:16:30,20.8800,1,8352.0000,4,S,20.8800,20.8700,20.8600,20.8500,20.8400,20.8900,20.9000,20.9100,20.9300,20.9500,3,112,126,23,76,23,48,47,26,82
SZ,002341,2017-01-03 10:16:36,20.8900,3,48044.0000,23,B,20.8700,20.8600,20.8500,20.8400,20.8300,20.8900,20.9000,20.9100,20.9300,20.9500,80,129,23,76,54,3,48,47,26,82
SZ,002341,2017-01-03 10:16:42,20.8900,3,29232.0000,14,B,20.8900,20.8700,20.8600,20.8500,20.8400,20.9000,20.9100,20.9300,20.9500,20.9600,27,78,131,21,76,48,47,26,82,20
SZ,002341,2017-01-03 10:16:45,20.8900,1,6268.0000,3,S,20.8900,20.8800,20.8700,20.8600,20.8500,20.9000,20.9100,20.9300,20.9500,20.9600,24,2,78,130,21,48,47,5,82,20
SZ,002341,2017-01-03 10:16:48,20.8400,13,663354.0000,318,S,20.8400,20.8300,20.8200,20.8100,20.8000,20.9000,20.9100,20.9300,20.9500,20.9600,13,54,22,153,221,48,47,5,82,20
SZ,002341,2017-01-03 10:16:51,20.9000,1,2090.0000,1,B,20.8400,20.8300,20.8200,20.8100,20.8000,20.9000,20.9100,20.9300,20.9500,20.9600,13,54,22,153,221,47,47,5,82,20
SZ,002341,2017-01-03 10:16:54,20.8900,1,2088.0000,1,S,20.8400,20.8300,20.8200,20.8100,20.8000,20.8900,20.9000,20.9100,20.9300,20.9500,13,54,22,153,221,2,47,47,5,82
SZ,002341,2017-01-03 10:17:00,20.8400,1,8336.0000,4,S,20.8400,20.8300,20.8200,20.8100,20.8000,20.8800,20.8900,20.9000,20.9100,20.9300,109,54,22,153,221,2,2,47,47,5
SZ,002341,2017-01-03 10:17:06,20.8400,1,2084.0000,1,S,20.8400,20.8300,20.8200,20.8100,20.8000,20.8700,20.8800,20.8900,20.9000,20.9100,108,54,22,153,221,3,2,2,47,47
SZ,002341,2017-01-03 10:17:21,20.8600,1,2088.0000,1,B,20.8500,20.8400,20.8300,20.8200,20.8100,20.8600,20.8700,20.8800,20.8900,20.9000,38,111,54,22,153,2,3,2,4,47
SZ,002341,2017-01-03 10:17:24,20.8600,4,14596.0000,7,B,20.8600,20.8500,20.8400,20.8300,20.8200,20.8700,20.8800,20.8900,20.9000,20.9100,7,33,112,54,22,3,2,4,47,47
SZ,002341,2017-01-03 10:17:27,20.8600,1,4172.0000,2,S,20.8600,20.8500,20.8400,20.8300,20.8200,20.8700,20.8800,20.8900,20.9000,20.9100,25,35,110,54,22,3,2,4,47,47
SZ,002341,2017-01-03 10:17:30,20.8600,1,8344.0000,4,S,20.8600,20.8500,20.8400,20.8300,20.8200,20.8700,20.8800,20.8900,20.9000,20.9100,21,35,115,54,22,3,2,4,47,47
SZ,002341,2017-01-03 10:17:36,20.8700,3,12520.0000,6,B,20.8700,20.8600,20.8500,20.8400,20.8300,20.8800,20.8900,20.9000,20.9300,20.9500,2,18,35,119,54,2,4,47,5,82
SZ,002341,2017-01-03 10:17:42,20.8500,6,116782.0000,56,S,20.8400,20.8300,20.8200,20.8100,20.8000,20.8500,20.8800,20.8900,20.9000,20.9300,119,54,22,153,221,14,2,4,47,5
SZ,002341,2017-01-03 10:17:45,20.8400,1,6252.0000,3,S,20.8400,20.8300,20.8200,20.8100,20.8000,20.8500,20.8800,20.8900,20.9000,20.9300,116,54,22,153,221,14,2,4,47,5
SZ,002341,2017-01-03 10:17:51,20.8500,2,29190.0000,14,B,20.8500,20.8400,20.8300,20.8200,20.8100,20.8800,20.8900,20.9000,20.9300,20.9500,105,116,54,22,153,2,4,47,5,82
SZ,002341,2017-01-03 10:17:54,20.8500,1,64636.0000,31,S,20.8500,20.8400,20.8300,20.8200,20.8100,20.8700,20.8800,20.8900,20.9000,20.9300,77,119,54,22,158,3,2,4,47,5
SZ,002341,2017-01-03 10:18:00,20.8500,1,8340.0000,4,S,20.8500,20.8400,20.8300,20.8200,20.8100,20.8600,20.8700,20.8800,20.8900,20.9000,74,114,54,22,158,2,3,2,2,47
SZ,002341,2017-01-03 10:18:06,20.8500,2,104248.0000,50,S,20.8500,20.8400,20.8300,20.8200,20.8100,20.8600,20.8700,20.8800,20.8900,20.9000,24,114,54,22,158,2,3,5,2,47
SZ,002341,2017-01-03 10:18:09,20.8500,1,4172.0000,2,S,20.8500,20.8400,20.8300,20.8200,20.8100,20.8600,20.8700,20.8800,20.8900,20.9000,22,114,54,22,158,2,3,5,2,47
SZ,002341,2017-01-03 10:18:15,20.8500,1,6254.0000,3,S,20.8500,20.8400,20.8300,20.8200,20.8100,20.8600,20.8700,20.8800,20.8900,20.9000,20,144,54,22,158,2,3,5,2,47
SZ,002341,2017-01-03 10:18:24,20.8500,1,6254.0000,3,S,20.8500,20.8400,20.8300,20.8200,20.8100,20.8600,20.8700,20.8800,20.8900,20.9000,21,45,54,22,159,2,3,5,2,47
SZ,002341,2017-01-03 10:18:27,20.8500,1,4172.0000,2,S,20.8500,20.8400,20.8300,20.8200,20.8100,20.8600,20.8700,20.8800,20.8900,20.9000,24,45,54,22,159,2,3,5,2,47
SZ,002341,2017-01-03 10:18:30,20.8500,1,8340.0000,4,S,20.8500,20.8400,20.8300,20.8200,20.8100,20.8600,20.8700,20.8800,20.8900,20.9000,20,45,54,22,159,2,3,5,2,47
SZ,002341,2017-01-03 10:18:33,20.8600,1,4172.0000,2,B,20.8600,20.8500,20.8400,20.8300,20.8200,20.8700,20.8800,20.8900,20.9000,20.9300,13,20,42,54,22,3,5,2,47,5
SZ,002341,2017-01-03 10:18:36,20.8600,1,6256.0000,3,S,20.8600,20.8500,20.8400,20.8300,20.8200,20.8700,20.8800,20.8900,20.9000,20.9300,10,20,42,54,22,3,5,2,47,5
SZ,002341,2017-01-03 10:18:45,20.8600,1,6260.0000,3,S,20.8600,20.8500,20.8400,20.8300,20.8200,20.8700,20.8800,20.8900,20.9000,20.9300,7,20,42,54,22,3,5,2,47,5
SZ,002341,2017-01-03 10:18:54,20.8600,3,20860.0000,10,S,20.8500,20.8400,20.8300,20.8200,20.8100,20.8600,20.8700,20.8800,20.8900,20.9000,20,42,54,22,159,18,3,5,2,47
SZ,002341,2017-01-03 10:18:57,20.8600,2,8340.0000,4,B,20.8500,20.8400,20.8300,20.8200,20.8100,20.8600,20.8700,20.8800,20.8900,20.9000,18,42,54,22,159,16,3,5,2,47
SZ,002341,2017-01-03 10:19:00,20.8500,2,10426.0000,5,S,20.8500,20.8400,20.8300,20.8200,20.8100,20.8600,20.8700,20.8800,20.8900,20.9000,13,42,49,22,159,16,3,5,2,47
SZ,002341,2017-01-03 10:19:06,20.8600,4,52146.0000,25,B,20.8600,20.8500,20.8400,20.8300,20.8200,20.8700,20.8800,20.8900,20.9000,20.9300,8,10,42,49,22,3,5,2,47,5
SZ,002341,2017-01-03 10:19:12,20.8600,1,9388.0000,5,S,20.8600,20.8500,20.8400,20.8300,20.8200,20.8700,20.8800,20.8900,20.9000,20.9300,3,10,42,49,22,3,5,2,47,5
SZ,002341,2017-01-03 10:19:15,20.8600,1,6258.0000,3,S,20.8600,20.8500,20.8400,20.8300,20.8200,20.8700,20.8800,20.8900,20.9000,20.9300,13,10,42,49,22,3,5,2,47,5
SZ,002341,2017-01-03 10:19:27,20.8600,4,16690.0000,8,S,20.8600,20.8500,20.8400,20.8300,20.8200,20.8800,20.8900,20.9000,20.9300,20.9500,17,15,42,49,22,5,2,47,5,82
SZ,002341,2017-01-03 10:19:30,20.8600,1,8344.0000,4,S,20.8600,20.8500,20.8400,20.8300,20.8200,20.8800,20.8900,20.9000,20.9300,20.9500,13,15,42,49,22,5,2,47,5,82
SZ,002341,2017-01-03 10:19:36,20.8600,3,41720.0000,20,S,20.8600,20.8500,20.8400,20.8300,20.8200,20.8700,20.8800,20.8900,20.9000,20.9300,43,15,42,49,22,3,5,2,47,5
SZ,002341,2017-01-03 10:19:45,20.8600,1,6260.0000,3,S,20.8600,20.8500,20.8400,20.8300,20.8200,20.8700,20.8800,20.8900,20.9000,20.9300,40,10,42,49,22,3,5,2,47,5
SZ,002341,2017-01-03 10:19:54,20.8600,2,12518.0000,6,S,20.8600,20.8500,20.8400,20.8300,20.8200,20.8800,20.8900,20.9000,20.9300,20.9500,37,10,42,49,22,5,2,47,5,82
SZ,002341,2017-01-03 10:20:00,20.8600,1,8344.0000,4,S,20.8600,20.8500,20.8400,20.8300,20.8200,20.8700,20.8800,20.8900,20.9000,20.9300,33,10,42,49,22,2,5,2,47,5
SZ,002341,2017-01-03 10:20:06,20.8600,2,29204.0000,14,S,20.8600,20.8500,20.8400,20.8300,20.8200,20.8700,20.8800,20.8900,20.9000,20.9300,33,10,42,49,22,2,5,2,47,5
SZ,002341,2017-01-03 10:20:12,20.8700,4,74054.0000,35,B,20.8500,20.8400,20.8300,20.8200,20.8100,20.8700,20.8800,20.8900,20.9000,20.9300,10,42,49,22,159,1,5,2,47,5
SZ,002341,2017-01-03 10:20:21,20.8700,2,8344.0000,4,B,20.8500,20.8400,20.8300,20.8200,20.8100,20.8700,20.8800,20.8900,20.9000,20.9300,10,42,49,22,139,0,5,2,47,5
SZ,002341,2017-01-03 10:20:27,20.8500,2,4172.0000,2,S,20.8500,20.8400,20.8300,20.8200,20.8100,20.8600,20.8700,20.8800,20.8900,20.9000,8,42,49,22,139,3,0,5,2,47
SZ,002341,2017-01-03 10:20:33,20.8500,2,8340.0000,4,S,20.8500,20.8400,20.8300,20.8200,20.8100,20.8600,20.8700,20.8800,20.8900,20.9000,4,42,49,22,139,3,0,5,2,47
SZ,002341,2017-01-03 10:20:36,20.8500,1,6254.0000,3,S,20.8500,20.8400,20.8300,20.8200,20.8100,20.8600,20.8700,20.8800,20.8900,20.9000,1,42,49,22,139,3,0,5,2,47
SZ,002341,2017-01-03 10:20:45,20.8500,1,2086.0000,1,S,20.8400,20.8300,20.8200,20.8100,20.8000,20.8500,20.8600,20.8700,20.8800,20.8900,42,49,22,139,243,2,3,0,5,2
SZ,002341,2017-01-03 10:20:54,20.8400,1,6252.0000,3,S,20.8400,20.8300,20.8200,20.8100,20.8000,20.8500,20.8600,20.8700,20.8800,20.8900,39,49,22,139,243,2,3,0,5,2
SZ,002341,2017-01-03 10:20:57,20.8500,2,8340.0000,4,B,20.8500,20.8400,20.8300,20.8200,20.8100,20.8600,20.8700,20.8800,20.8900,20.9000,115,39,49,22,139,3,0,5,2,2
SZ,002341,2017-01-03 10:21:03,20.8600,2,14596.0000,7,B,20.8600,20.8500,20.8400,20.8300,20.8200,20.8700,20.8800,20.8900,20.9000,20.9300,2,111,39,49,22,0,5,2,2,5
SZ,002341,2017-01-03 10:21:06,20.8500,2,6258.0000,3,S,20.8500,20.8400,20.8300,20.8200,20.8100,20.8700,20.8800,20.8900,20.9000,20.9300,110,39,49,22,139,0,5,2,2,5
SZ,002341,2017-01-03 10:21:12,20.8500,3,106334.0000,51,S,20.8500,20.8400,20.8300,20.8200,20.8100,20.8700,20.8800,20.8900,20.9000,20.9300,59,39,49,22,139,0,5,2,2,5
SZ,002341,2017-01-03 10:21:24,20.8600,4,13562.0000,7,B,20.8600,20.8500,20.8400,20.8300,20.8200,20.8800,20.8900,20.9000,20.9300,20.9500,18,59,39,49,22,5,2,2,42,77
SZ,002341,2017-01-03 10:21:30,20.8500,3,87588.0000,42,S,20.8500,20.8400,20.8300,20.8200,20.8100,20.8700,20.8800,20.8900,20.9000,20.9300,35,39,49,22,139,2,5,2,2,42
SZ,002341,2017-01-03 10:21:42,20.8600,1,6258.0000,3,B,20.8600,20.8500,20.8400,20.8300,20.8200,20.8700,20.8800,20.8900,20.9000,20.9300,2,35,39,50,22,2,5,2,2,42
SZ,002341,2017-01-03 10:21:45,20.8600,1,4172.0000,2,S,20.8500,20.8400,20.8300,20.8200,20.8100,20.8600,20.8700,20.8800,20.8900,20.9000,35,39,50,22,149,1,2,5,2,2
SZ,002341,2017-01-03 10:21:48,20.8500,1,31276.0000,15,S,20.8500,20.8400,20.8300,20.8200,20.8100,20.8600,20.8700,20.8800,20.8900,20.9000,20,39,50,22,149,1,2,5,2,2
SZ,002341,2017-01-03 10:21:51,20.8500,1,22934.0000,11,S,20.8500,20.8400,20.8300,20.8200,20.8100,20.8600,20.8700,20.8800,20.8900,20.9000,9,39,50,22,149,1,2,5,2,2
SZ,002341,2017-01-03 10:21:54,20.8700,3,12522.0000,6,B,20.8700,20.8500,20.8400,20.8300,20.8200,20.8800,20.8900,20.9000,20.9300,20.9500,6,9,39,50,22,5,2,2,5,77
SZ,002341,2017-01-03 10:21:57,20.8700,1,4172.0000,2,S,20.8700,20.8500,20.8400,20.8300,20.8200,20.8800,20.8900,20.9000,20.9300,20.9500,4,109,39,50,22,5,2,2,5,77
SZ,002341,2017-01-03 10:22:03,20.8500,3,85494.0000,41,S,20.8500,20.8400,20.8300,20.8200,20.8100,20.8800,20.8900,20.9000,20.9300,20.9500,72,39,50,22,149,5,2,2,5,77
SZ,002341,2017-01-03 10:22:09,20.8700,1,6262.0000,3,B,20.8500,20.8400,20.8300,20.8200,20.8100,20.8800,20.8900,20.9000,20.9300,20.9500,72,40,50,22,149,5,2,2,5,77
SZ,002341,2017-01-03 10:22:18,20.8700,1,4172.0000,2,B,20.8500,20.8400,20.8300,20.8200,20.8100,20.8700,20.8800,20.8900,20.9000,20.9300,79,40,50,22,94,1,5,2,2,5
SZ,002341,2017-01-03 10:22:21,20.8700,1,2088.0000,1,B,20.8700,20.8500,20.8400,20.8300,20.8200,20.8800,20.8900,20.9000,20.9300,20.9400,99,79,40,50,22,5,2,2,5,16
SZ,002341,2017-01-03 10:22:24,20.8700,1,6260.0000,3,S,20.8700,20.8500,20.8400,20.8300,20.8200,20.8800,20.8900,20.9000,20.9300,20.9400,97,79,40,50,22,5,2,2,5,16
SZ,002341,2017-01-03 10:22:27,20.8700,1,4176.0000,2,S,20.8700,20.8500,20.8400,20.8300,20.8200,20.8800,20.8900,20.9000,20.9300,20.9400,95,79,40,50,22,5,2,2,5,16
SZ,002341,2017-01-03 10:22:33,20.8700,1,8348.0000,4,S,20.8700,20.8500,20.8400,20.8300,20.8200,20.8800,20.8900,20.9000,20.9300,20.9400,101,79,40,48,22,5,2,2,5,16
SZ,002341,2017-01-03 10:22:36,20.8700,1,6260.0000,3,S,20.8700,20.8500,20.8400,20.8300,20.8200,20.8800,20.8900,20.9000,20.9300,20.9400,98,79,40,48,22,5,2,2,5,16
SZ,002341,2017-01-03 10:22:39,20.8800,2,10440.0000,5,B,20.8700,20.8500,20.8400,20.8300,20.8200,20.8900,20.9000,20.9300,20.9400,20.9500,98,79,40,48,22,2,2,5,16,77
SZ,002341,2017-01-03 10:22:45,20.8700,3,104360.0000,50,S,20.8700,20.8500,20.8400,20.8300,20.8200,20.8800,20.8900,20.9000,20.9300,20.9400,59,79,40,48,22,3,2,2,5,16
SZ,002341,2017-01-03 10:22:48,20.8800,1,6264.0000,3,B,20.8800,20.8700,20.8500,20.8400,20.8300,20.8900,20.9000,20.9300,20.9400,20.9500,4,59,79,40,48,2,2,5,16,77
SZ,002341,2017-01-03 10:22:54,20.8800,1,6264.0000,3,S,20.8800,20.8700,20.8500,20.8400,20.8300,20.8900,20.9000,20.9300,20.9400,20.9500,1,59,81,40,48,2,2,5,16,77
SZ,002341,2017-01-03 10:22:57,20.8800,1,2088.0000,1,S,20.8700,20.8500,20.8400,20.8300,20.8200,20.8800,20.8900,20.9000,20.9300,20.9400,59,81,40,48,22,1,2,2,5,16
SZ,002341,2017-01-03 10:23:00,20.8700,1,10436.0000,5,S,20.8700,20.8500,20.8400,20.8300,20.8200,20.8800,20.8900,20.9000,20.9300,20.9400,54,266,40,48,22,1,2,2,5,16
SZ,002341,2017-01-03 10:23:06,20.8800,2,8352.0000,4,B,20.8800,20.8700,20.8500,20.8400,20.8300,20.8900,20.9000,20.9300,20.9400,20.9500,10,54,266,40,48,2,2,5,16,77
SZ,002341,2017-01-03 10:23:12,20.8500,9,716376.0000,343,S,20.8400,20.8300,20.8200,20.8100,20.8000,20.8500,20.8900,20.9000,20.9300,20.9400,40,48,22,95,263,6,2,2,5,16
SZ,002341,2017-01-03 10:23:15,20.8400,2,6252.0000,3,S,20.8400,20.8300,20.8200,20.8100,20.8000,20.8500,20.8900,20.9000,20.9300,20.9400,36,48,22,95,263,6,2,2,5,16
SZ,002341,2017-01-03 10:23:24,20.8400,1,6252.0000,3,S,20.8400,20.8300,20.8200,20.8100,20.8000,20.8500,20.8900,20.9000,20.9300,20.9400,33,48,22,95,263,7,2,2,5,16
SZ,002341,2017-01-03 10:23:27,20.8400,2,4168.0000,2,S,20.8400,20.8300,20.8200,20.8100,20.8000,20.8500,20.8900,20.9000,20.9300,20.9400,31,48,22,95,263,7,2,2,5,16
SZ,002341,2017-01-03 10:23:33,20.8500,2,12504.0000,6,B,20.8400,20.8300,20.8200,20.8100,20.8000,20.8500,20.8900,20.9000,20.9300,20.9400,27,48,22,95,263,5,2,2,5,16
SZ,002341,2017-01-03 10:23:36,20.8500,4,17720.0000,9,B,20.8500,20.8400,20.8300,20.8200,20.8100,20.8700,20.8900,20.9000,20.9300,20.9400,10,29,48,22,95,130,2,2,5,16
SZ,002341,2017-01-03 10:23:51,20.8600,4,95912.0000,46,B,20.8500,20.8400,20.8300,20.8200,20.8100,20.8600,20.8700,20.8900,20.9000,20.9300,35,29,48,22,95,2,130,2,2,5
SZ,002341,2017-01-03 10:23:54,20.8500,3,246256.0000,118,S,20.8500,20.8400,20.8300,20.8200,20.8100,20.8700,20.8900,20.9000,20.9300,20.9400,32,29,48,22,95,17,2,2,5,36
SZ,002341,2017-01-03 10:24:03,20.8500,1,8340.0000,4,S,20.8500,20.8400,20.8300,20.8200,20.8100,20.8600,20.8700,20.8900,20.9000,20.9300,29,29,48,22,95,2,17,2,2,5
SZ,002341,2017-01-03 10:24:06,20.8500,1,6256.0000,3,S,20.8500,20.8400,20.8300,20.8200,20.8100,20.8600,20.8700,20.8900,20.9000,20.9300,26,29,48,22,95,2,17,2,2,5
SZ,002341,2017-01-03 10:24:09,20.8600,1,4172.0000,2,B,20.8600,20.8500,20.8400,20.8300,20.8200,20.8700,20.8900,20.9000,20.9300,20.9400,7,31,29,48,22,17,2,2,5,36
SZ,002341,2017-01-03 10:24:15,20.8700,2,41736.0000,20,B,20.8700,20.8600,20.8500,20.8400,20.8300,20.8900,20.9000,20.9300,20.9400,20.9500,8,4,31,29,48,2,2,5,36,77
SZ,002341,2017-01-03 10:24:21,20.8700,1,4176.0000,2,S,20.8700,20.8600,20.8500,20.8400,20.8300,20.8900,20.9000,20.9300,20.9400,20.9500,6,4,34,36,48,2,2,5,36,77
SZ,002341,2017-01-03 10:24:27,20.8700,1,4172.0000,2,S,20.8700,20.8600,20.8500,20.8400,20.8300,20.8800,20.8900,20.9000,20.9300,20.9400,4,4,34,36,48,3,2,2,5,36
SZ,002341,2017-01-03 10:24:30,20.8700,1,8348.0000,4,S,20.8700,20.8600,20.8500,20.8400,20.8300,20.8800,20.8900,20.9000,20.9300,20.9400,4,4,34,54,48,3,2,2,5,36
SZ,002341,2017-01-03 10:24:36,20.8700,1,6262.0000,3,S,20.8700,20.8600,20.8500,20.8400,20.8300,20.8800,20.8900,20.9000,20.9300,20.9400,1,4,34,54,48,3,2,2,5,36
SZ,002341,2017-01-03 10:24:39,20.9000,3,14622.0000,7,B,20.9000,20.8800,20.8700,20.8600,20.8500,20.9300,20.9400,20.9500,20.9600,20.9800,81,3,1,4,39,5,36,77,25,40
SZ,002341,2017-01-03 10:24:51,20.9300,2,10462.0000,5,B,20.9000,20.8800,20.8700,20.8600,20.8500,20.9300,20.9400,20.9500,20.9600,20.9800,81,3,1,4,39,3,36,77,25,40
SZ,002341,2017-01-03 10:24:57,20.9000,1,104500.0000,50,S,20.9000,20.8800,20.8700,20.8600,20.8500,20.9100,20.9200,20.9300,20.9400,20.9500,31,3,1,4,49,2,3,3,36,77
SZ,002341,2017-01-03 10:25:00,20.9000,2,12542.0000,6,S,20.9000,20.8800,20.8700,20.8600,20.8500,20.9200,20.9300,20.9400,20.9500,20.9600,27,3,1,4,49,3,3,36,77,25
SZ,002341,2017-01-03 10:25:03,20.9200,1,2092.0000,1,B,20.9000,20.8800,20.8700,20.8600,20.8500,20.9200,20.9300,20.9400,20.9500,20.9600,27,3,1,4,49,2,3,36,77,25
SZ,002341,2017-01-03 10:25:09,20.9200,2,8364.0000,4,B,20.9000,20.8800,20.8700,20.8600,20.8500,20.9200,20.9300,20.9400,20.9500,20.9600,27,3,1,4,49,1,3,36,77,25
SZ,002341,2017-01-03 10:25:21,20.9100,1,6274.0000,3,B,20.9100,20.9000,20.8800,20.8700,20.8600,20.9200,20.9300,20.9400,20.9500,20.9600,7,27,3,1,4,1,3,36,87,25
SZ,002341,2017-01-03 10:25:24,20.9100,1,6274.0000,3,S,20.9100,20.9000,20.8800,20.8700,20.8600,20.9200,20.9300,20.9400,20.9500,20.9600,4,27,3,1,4,1,3,36,87,25
SZ,002341,2017-01-03 10:25:27,20.9100,1,4180.0000,2,S,20.9100,20.9000,20.8800,20.8700,20.8600,20.9200,20.9300,20.9400,20.9500,20.9600,2,27,3,1,4,1,3,36,87,25
SZ,002341,2017-01-03 10:25:33,20.9000,4,71064.0000,34,S,20.8800,20.8700,20.8600,20.8500,20.8400,20.9200,20.9300,20.9400,20.9500,20.9600,3,1,20,25,54,1,3,136,87,25
SZ,002341,2017-01-03 10:25:36,20.9100,1,2090.0000,1,B,20.8800,20.8700,20.8600,20.8500,20.8400,20.9100,20.9200,20.9300,20.9400,20.9500,3,1,20,25,54,2,1,3,136,87
SZ,002341,2017-01-03 10:25:42,20.9100,1,4182.0000,2,B,20.9100,20.8800,20.8700,20.8600,20.8500,20.9200,20.9300,20.9400,20.9500,20.9600,24,3,1,20,25,1,3,136,87,25
SZ,002341,2017-01-03 10:25:45,20.9100,1,6272.0000,3,S,20.9100,20.8800,20.8700,20.8600,20.8500,20.9200,20.9300,20.9400,20.9500,20.9600,21,3,1,20,25,1,3,136,87,25
SZ,002341,2017-01-03 10:25:48,20.9100,1,43912.0000,21,S,20.8800,20.8700,20.8600,20.8500,20.8400,20.9100,20.9200,20.9300,20.9400,20.9500,3,1,20,25,54,7,1,3,136,87
SZ,002341,2017-01-03 10:26:00,20.8800,2,8352.0000,4,S,20.8800,20.8700,20.8600,20.8500,20.8400,20.9000,20.9100,20.9200,20.9300,20.9400,349,32,20,25,54,55,7,1,3,136
SZ,002341,2017-01-03 10:26:03,20.9000,2,8360.0000,4,B,20.8800,20.8700,20.8600,20.8500,20.8400,20.9000,20.9100,20.9200,20.9300,20.9400,349,32,20,25,54,51,7,1,3,136
SZ,002341,2017-01-03 10:26:15,20.9000,4,110760.0000,53,B,20.8800,20.8700,20.8600,20.8500,20.8400,20.9000,20.9100,20.9200,20.9300,20.9400,346,32,4,25,54,4,7,1,13,136
SZ,002341,2017-01-03 10:26:24,20.8900,1,6268.0000,3,S,20.8900,20.8800,20.8700,20.8600,20.8500,20.9000,20.9100,20.9200,20.9300,20.9400,7,346,32,4,25,4,7,1,13,136
SZ,002341,2017-01-03 10:26:27,20.8900,1,4178.0000,2,S,20.8900,20.8800,20.8700,20.8600,20.8500,20.9000,20.9100,20.9200,20.9300,20.9400,5,346,32,4,25,4,7,1,13,136
SZ,002341,2017-01-03 10:26:30,20.8900,1,8356.0000,4,S,20.8900,20.8800,20.8700,20.8600,20.8500,20.9000,20.9100,20.9200,20.9300,20.9400,1,346,32,4,35,4,7,1,13,136
SZ,002341,2017-01-03 10:26:36,20.8900,1,2090.0000,1,S,20.8800,20.8700,20.8600,20.8500,20.8400,20.8900,20.9000,20.9100,20.9200,20.9300,346,32,4,35,59,2,4,7,1,13
SZ,002341,2017-01-03 10:26:39,20.9000,2,10448.0000,5,B,20.8800,20.8700,20.8600,20.8500,20.8400,20.9000,20.9100,20.9200,20.9300,20.9400,346,32,4,35,59,1,7,1,13,136
SZ,002341,2017-01-03 10:26:48,20.8800,1,4176.0000,2,S,20.8800,20.8700,20.8600,20.8500,20.8400,20.8900,20.9000,20.9100,20.9200,20.9300,344,32,4,35,59,3,1,7,1,13
SZ,002341,2017-01-03 10:26:54,20.8800,1,6264.0000,3,S,20.8800,20.8700,20.8600,20.8500,20.8400,20.8900,20.9000,20.9100,20.9200,20.9300,341,32,4,35,59,3,1,7,1,13
SZ,002341,2017-01-03 10:26:57,20.8900,2,10444.0000,5,B,20.8900,20.8800,20.8700,20.8600,20.8500,20.9000,20.9100,20.9200,20.9300,20.9400,10,341,32,4,35,1,7,1,13,136
SZ,002341,2017-01-03 10:27:00,20.8900,1,10444.0000,5,S,20.8900,20.8800,20.8700,20.8600,20.8500,20.9000,20.9100,20.9200,20.9300,20.9400,5,341,32,4,35,1,7,1,13,136
SZ,002341,2017-01-03 10:27:06,20.8900,1,10446.0000,5,S,20.8800,20.8700,20.8600,20.8500,20.8400,20.8900,20.9000,20.9100,20.9200,20.9300,341,32,4,35,59,13,1,7,1,13
SZ,002341,2017-01-03 10:27:09,20.8900,1,10446.0000,5,B,20.8800,20.8700,20.8600,20.8500,20.8400,20.8900,20.9000,20.9100,20.9200,20.9300,341,32,4,35,59,8,1,7,1,13
SZ,002341,2017-01-03 10:27:15,20.8800,1,6264.0000,3,S,20.8800,20.8700,20.8600,20.8500,20.8400,20.8900,20.9000,20.9100,20.9200,20.9300,338,32,4,51,59,8,1,7,1,13
SZ,002341,2017-01-03 10:27:21,20.8900,2,16712.0000,8,B,20.8900,20.8800,20.8700,20.8600,20.8500,20.9000,20.9100,20.9200,20.9300,20.9400,6,338,32,4,51,1,7,1,13,136
SZ,002341,2017-01-03 10:27:27,20.8900,2,10444.0000,5,S,20.8900,20.8800,20.8700,20.8600,20.8500,20.9000,20.9100,20.9200,20.9300,20.9400,1,338,32,4,51,1,7,1,13,136
SZ,002341,2017-01-03 10:27:30,20.8800,2,8352.0000,4,S,20.8800,20.8700,20.8600,20.8500,20.8400,20.9000,20.9100,20.9200,20.9300,20.9400,335,32,4,46,59,1,7,1,13,136
SZ,002341,2017-01-03 10:27:42,20.8900,1,6268.0000,3,B,20.8900,20.8800,20.8700,20.8600,20.8500,20.9000,20.9100,20.9200,20.9300,20.9400,15,335,32,4,46,1,7,1,13,136
SZ,002341,2017-01-03 10:27:45,20.8900,1,6268.0000,3,S,20.8900,20.8800,20.8700,20.8600,20.8500,20.9000,20.9100,20.9200,20.9300,20.9400,12,335,32,4,46,1,7,1,13,136
SZ,002341,2017-01-03 10:27:54,20.8900,1,6266.0000,3,S,20.8900,20.8800,20.8700,20.8600,20.8500,20.9000,20.9100,20.9200,20.9300,20.9400,9,335,32,4,46,1,7,1,13,136
SZ,002341,2017-01-03 10:27:57,20.8900,1,4178.0000,2,S,20.8900,20.8800,20.8700,20.8600,20.8500,20.9000,20.9100,20.9200,20.9300,20.9400,7,335,32,4,46,1,7,1,13,136
SZ,002341,2017-01-03 10:28:00,20.8900,1,8356.0000,4,S,20.8900,20.8800,20.8700,20.8600,20.8500,20.9000,20.9100,20.9200,20.9300,20.9400,3,335,32,4,46,1,7,1,13,136
SZ,002341,2017-01-03 10:28:06,20.8900,1,6268.0000,3,S,20.8800,20.8700,20.8600,20.8500,20.8400,20.9000,20.9100,20.9200,20.9300,20.9400,335,32,4,46,68,1,7,1,13,136
SZ,002341,2017-01-03 10:28:15,20.8900,1,6266.0000,3,S,20.8900,20.8800,20.8700,20.8600,20.8500,20.9000,20.9100,20.9200,20.9300,20.9400,42,336,32,4,46,1,7,1,13,136
SZ,002341,2017-01-03 10:28:18,20.9000,1,2090.0000,1,B,20.9000,20.8900,20.8800,20.8700,20.8600,20.9100,20.9200,20.9300,20.9400,20.9500,2,42,336,32,4,7,1,13,136,87
SZ,002341,2017-01-03 10:28:21,20.9000,1,4180.0000,2,S,20.8900,20.8800,20.8700,20.8600,20.8500,20.9100,20.9200,20.9300,20.9400,20.9500,42,336,32,4,46,7,1,13,136,87
SZ,002341,2017-01-03 10:28:27,20.8900,1,4178.0000,2,S,20.8900,20.8800,20.8700,20.8600,20.8500,20.9000,20.9100,20.9200,20.9300,20.9400,42,336,32,4,46,3,7,1,13,136
SZ,002341,2017-01-03 10:28:30,20.8900,7,56470.0000,27,S,20.8900,20.8800,20.8700,20.8600,20.8500,20.9300,20.9400,20.9500,20.9600,20.9800,43,341,32,4,46,1,136,87,25,40
SZ,002341,2017-01-03 10:28:33,20.8900,1,41780.0000,20,S,20.8900,20.8800,20.8700,20.8600,20.8500,20.9300,20.9400,20.9500,20.9600,20.9800,23,341,32,4,46,1,136,87,25,40
SZ,002341,2017-01-03 10:28:42,20.9000,1,2092.0000,1,S,20.9000,20.8900,20.8800,20.8700,20.8600,20.9200,20.9300,20.9400,20.9500,20.9600,18,23,351,32,4,3,1,136,87,25
SZ,002341,2017-01-03 10:28:45,20.9500,10,481690.0000,230,B,20.9500,20.9000,20.8900,20.8800,20.8700,20.9600,20.9800,20.9900,21.0000,21.0100,55,23,23,351,32,25,40,14,118,17
SZ,002341,2017-01-03 10:28:57,20.9500,2,10474.0000,5,S,20.9500,20.9000,20.8900,20.8800,20.8700,20.9600,20.9800,20.9900,21.0000,21.0100,50,23,23,351,32,25,40,14,118,17
SZ,002341,2017-01-03 10:29:00,20.9500,1,8380.0000,4,S,20.9500,20.9000,20.8900,20.8800,20.8700,20.9600,20.9800,20.9900,21.0000,21.0100,46,53,23,351,32,25,40,14,118,17
SZ,002341,2017-01-03 10:29:03,21.0000,13,434456.0000,207,B,21.0000,20.9500,20.9000,20.8900,20.8800,21.0100,21.0200,21.0500,21.0700,21.0800,103,36,53,23,351,17,35,3,5,15
SZ,002341,2017-01-03 10:29:06,21.0000,1,6300.0000,3,S,21.0000,20.9500,20.9000,20.8900,20.8800,21.0100,21.0200,21.0500,21.0700,21.0800,100,36,53,23,351,17,35,3,5,15
SZ,002341,2017-01-03 10:29:15,21.0000,1,6300.0000,3,S,21.0000,20.9500,20.9000,20.8900,20.8800,21.0100,21.0200,21.0500,21.0700,21.0800,97,36,53,21,351,17,35,3,5,15
SZ,002341,2017-01-03 10:29:21,21.0100,2,10506.0000,5,B,21.0000,20.9500,20.9000,20.8900,20.8800,21.0100,21.0200,21.0500,21.0700,21.0800,97,36,53,21,351,12,35,3,5,15
SZ,002341,2017-01-03 10:29:24,21.0000,1,6300.0000,3,S,21.0000,20.9500,20.9000,20.8900,20.8800,21.0100,21.0200,21.0500,21.0700,21.0800,94,36,53,21,351,12,35,3,5,15
SZ,002341,2017-01-03 10:29:27,21.0000,3,35700.0000,17,S,21.0000,20.9500,20.9000,20.8900,20.8800,21.0100,21.0200,21.0500,21.0700,21.0800,77,36,103,21,351,12,35,3,5,15
SZ,002341,2017-01-03 10:29:30,21.0000,4,63020.0000,30,S,21.0000,20.9500,20.9000,20.8900,20.8800,21.0200,21.0500,21.0700,21.0800,21.0900,63,36,103,21,351,31,3,5,22,10
SZ,002341,2017-01-03 10:29:33,21.0000,2,10502.0000,5,S,21.0000,20.9500,20.9000,20.8900,20.8800,21.0200,21.0500,21.0700,21.0800,21.0900,61,36,103,21,351,31,3,5,22,10
SZ,002341,2017-01-03 10:29:45,21.0000,1,6300.0000,3,S,21.0000,20.9500,20.9000,20.8900,20.8800,21.0100,21.0200,21.0500,21.0700,21.0800,63,36,103,24,350,3,31,3,5,22
SZ,002341,2017-01-03 10:29:48,21.0100,1,6304.0000,3,B,21.0100,21.0000,20.9500,20.9000,20.8900,21.0200,21.0500,21.0700,21.0800,21.0900,2,63,36,103,24,31,3,5,22,10
SZ,002341,2017-01-03 10:29:51,21.0100,2,8406.0000,4,S,21.0000,20.9600,20.9500,20.9000,20.8900,21.0200,21.0500,21.0700,21.0800,21.0900,63,1,36,103,24,29,3,5,22,10
SZ,002341,2017-01-03 10:29:54,21.0000,1,21000.0000,10,S,21.0000,20.9600,20.9500,20.9000,20.8900,21.0100,21.0200,21.0500,21.0700,21.0800,53,1,44,103,24,13,29,3,5,22
SZ,002341,2017-01-03 10:29:57,21.0000,2,14706.0000,7,S,21.0000,20.9600,20.9500,20.9000,20.8900,21.0100,21.0200,21.0500,21.0700,21.0800,51,1,44,103,24,8,29,3,5,22
